2828 5302
249 495 322 579 Cep.
343 498 446 558 XLIV.
496 500 540 559 De
562 500 698 560 cathedra
718 501 807 560 sensti
830 501 920 562 Petri.
1046 501 1105 562 179

59 653 180 713 hibetur.
213 655 297 729 liujus
322 661 407 712 aulem
430 657 613 713 sollemnitatis
638 659 767 714 institutio
786 658 980 730 quadruplicem
997 674 1102 717 uuusutu

59 755 166 812 babere
192 755 303 811 uidetur.
358 754 444 811 l'rirue
461 771 544 812 eausa
562 763 617 821 est;
652 771 709 813 cunt
727 759 793 813 etnim
811 756 904 813 heutua
918 756 1012 814 Petrus
1031 761 1102 830 apud

60 853 231 911 Antiochiam
249 855 423 940 praedicaret,
441 854 604 926 Theophilus
622 859 744 928 princeps
762 857 876 912 ciritntio
897 857 969 913 illius
985 856 1102 922 einlinlt:

62 954 161 1020 Putre,
196 969 249 1026 qna
271 957 372 1022 ratione
397 956 521 1028 pupulum
539 972 621 1011 mento
639 953 793 1012 subvertis?
843 953 906 1010 con
926 971 990 1028 ergo
1009 957 1103 1015 Petrus

62 1053 117 1108 sibi
137 1055 213 1109 idem
231 1053 327 1110 Ghrlstl
345 1054 529 1125 praedicaret,
557 1054 603 1110 ills
620 1069 676 1109 sum
695 1053 822 1110 ninculurl
842 1054 905 1110 lecit
921 1060 949 1112 et
967 1058 1025 1113 aloe
1042 1057 1103 1114 cibo

63 1161 92 1208 ut
112 1160 179 1224 potu
196 1169 251 1209 eum
272 1167 377 1210 munere
395 1155 527 1225 permitit,
550 1151 598 1208 sed
614 1167 671 1208 onor
688 1151 781 1208 Petrus
795 1155 851 1225 jam
870 1169 953 1224 poene
969 1154 1103 1224 debueret,

66 1254 190 1307 rmuutis
215 1258 301 1309 tamen
328 1249 427 1308 uiribus
451 1251 558 1309 elevans
584 1251 674 1308 oeulos
690 1250 726 1307 ad
743 1253 844 1308 eoelum
863 1254 916 1308 uit:
944 1253 1010 1311 leto
1028 1255 1102 1312 ilhrl·

65 1358 108 1406 ute
127 1353 278 1408 miscrorum
296 1352 403 1423 adiutor
428 1349 527 1424 adjura
543 1366 584 1406 tue
602 1353 627 1406 in
644 1350 687 1405 bia
704 1351 918 1408 tribulationibus
936 1351 1105 1412 deiicientem.

66 1451 117 1505 Cui
138 1451 256 1507 domiuus
273 1452 423 1523 respondit:
457 1449 554 1518 Petro,
577 1449 663 1506 credis
682 1456 710 1503 te
727 1448 878 1506 derelictum
896 1465 914 1506 a
930 1453 991 1508 mc?
1024 1453 1104 1511 Meas
1126 1471 1128 1476 ·

66 1553 181 1607 bonitsti
197 1552 329 1625 derogas,
361 1553 385 1606 si
403 1551 468 1606 tutia
486 1556 635 1606 contrane
652 1549 739 1604 dicere
756 1565 808 1604 oon
827 1549 959 1606 iortnideu.
994 1549 1105 1609 Praesto

66 1657 119 1717 est,
139 1655 183 1721 spui
201 1657 262 1706 inus
279 1649 419 1706 subveniat
436 1651 566 1704 miseriae.
614 1649 731 1704 hodiene
749 1655 835 1704 eutem
852 1647 950 1705 Paulus
967 1650 1000 1706 de
1018 1654 1105 1708 incar·

66 1753 202 1807 curatione
219 1749 290 1806 Petri
307 1748 340 1804 un
361 1746 534 1820 Theophilum
552 1749 624 1802 nouit
641 1754 668 1802 et
685 1762 715 1802 se
729 1749 756 1802 iu
775 1747 861 1803 multis
875 1749 999 1820 operibns
1018 1759 1045 1808 et
1061 1767 1105 1808 ar-

66 1850 139 1904 tibus
159 1865 281 1904 nummum
299 1847 416 1919 upiicrnr
435 1863 495 1904 esee
513 1848 636 1912 assernit,
653 1847 727 1919 ligna
744 1852 771 1902 et
787 1846 892 1904 tubulos
907 1825 938 1905 ue
956 1851 1105 1908 sclrssonl·

67 1965 147 2022 perc,
165 1951 279 2004 tentoria
298 1950 408 2020 pingere
427 1953 453 2002 et
472 1947 552 2002 molta
568 1945 624 2000 ulia
641 1945 768 2000 industrie
787 1949 893 2016 operari
910 1948 985 2003 dixit.
1014 1927 1069 2015 'Qui
1088 1966 1106 2006 a

66 2049 219 2120 Theophilo
237 2046 333 2102 obnixe
349 2052 474 2119 rogator,
506 2052 535 2101 ut
551 2048 577 2100 ln
594 2047 652 2116 ejus
670 2047 745 2100 ouria
760 2060 847 2100 ueconr
865 2049 1000 2103 consistat.
1035 2049 1106 2108 lito-

66 2149 132 2203 lntia
152 2149 243 2218 paueiu
268 2147 361 2202 diebus
385 2145 481 2202 Paulus
497 2146 533 2200 ad
551 2143 655 2200 Petrum
672 2141 801 2200 absconso
818 2147 845 2200 in
863 2160 993 2204 carcerem
1011 2150 1102 2206 introi-

66 2249 120 2302 rit:
156 2261 231 2319 quem
255 2245 346 2300 sidens
369 2261 453 2316 poene
478 2249 604 2300 mortuum
630 2251 657 2304 et
679 2250 839 2299 contuentem
863 2248 1025 2305 amarissime
1042 2249 1106 2306 llere

65 2349 158 2418 coepit
174 2354 201 2402 et
222 2323 404 2419 inumplosus
428 2347 486 2416 ujus
512 2345 589 2415 quasi
611 2342 697 2398 tiendo
721 2342 859 2398 deliniebat
884 2353 912 2401 et
934 2362 1106 2420 prorumpens

67 2449 109 2502 sie
126 2447 224 2517 inquit:
244 2461 260 2498 o
278 2444 356 2502 Petro
374 2445 457 2501 irater
476 2459 563 2510 usna,
580 2442 669 2516 gloria
686 2457 753 2509 meu,
772 2459 854 2500 meum
872 2445 1013 2517 gaudium,
1031 2446 1107 2502 dimi-

67 2545 140 2601 dium
157 2547 260 2601 animae
277 2558 361 2611 meuc,
378 2559 437 2602 meu
453 2544 563 2598 introitu
579 2557 682 2598 resume
701 2544 781 2598 tirou.
815 2541 889 2599 'luno
903 2542 996 2599 Petrus
1015 2546 1106 2602 oculus
1136 2557 1141 2568 ·

67 2647 192 2716 aperiens
208 2648 236 2714 et
252 2646 337 2715 ipsunt
353 2657 515 2716 cognoscent
531 2641 669 2712 lacrymari
691 2643 794 2712 coepit,
830 2642 877 2698 sod
895 2641 947 2699 sibi
965 2643 1038 2718 loqui
1053 2661 1107 2701 uon

67 2746 171 2816 potuit,
197 2748 224 2800 et
240 2757 379 2800 aocnmens
397 2741 495 2798 Paulus
514 2745 559 2798 ulrt
575 2757 608 2796 ou
626 2741 684 2812 ejus
700 2742 805 2810 aperuit
823 2747 849 2796 et
866 2743 1003 2816 inponens
1021 2743 1105 2799 oibunn

68 2848 155 2916 ipsum
173 2843 340 2900 refocillavit
375 2841 438 2898 ilum
456 2848 542 2897 anteat
560 2840 653 2897 Petrus
670 2839 729 2894 oibo
747 2839 911 2896 eonfortetur
926 2840 1035 2908 luisset,
1061 2857 1106 2898 ac·

67 2957 178 2998 currens
202 2944 229 2997 is
253 2940 344 2996 nacula
367 2939 442 2996 Pauli
465 2943 517 2996 ruit
534 2946 561 2996 et
579 2939 656 2996 ambo
675 2938 811 3011 plurimum
830 2939 973 3008 fleuerunt,
1008 2941 1105 2998 radun

67 3049 155 3098 antem
174 3042 275 3098 occulte
292 3039 397 3096 tedicus
415 3039 563 3118 'l'beopbilo
581 3041 661 3095 dixit:
694 3037 795 3095 nbonc
819 3036 982 3109 theophilo,
1010 3056 1107 3115 magua
1130 3047 1132 3052 '

67 3149 111 3198 eat
127 3141 215 3216 glorie
231 3146 279 3198 tua
294 3145 322 3197 et
337 3141 473 3196 burislltau
490 3146 545 3208 tus,
563 3137 711 3194 honestatis
728 3139 820 3192 amica.
846 3135 1009 3194 llebonestut
1026 3141 1107 3196 multu

68 3243 140 3298 bona
156 3243 278 3315 exiguum
296 3240 406 3308 nulum,
441 3241 622 3306 reminiscere,
653 3237 717 3309 qnid
735 3237 821 3294 iecisti
838 3236 878 3291 illi
895 3236 1036 3306 lleioolae,
1061 3241 1105 3312 qui

68 3342 165 3399 dicitur
181 3342 290 3418 Petrus,
325 3340 397 3397 reiut
413 3345 487 3396 esset
503 3339 603 3410 aliquid
620 3353 749 3410 magnum.
784 3336 936 3406 Pannonius,
970 3337 1106 3408 turornis,

68 3444 153 3498 suasis
172 3423 339 3508 oontumtuu,
362 3455 411 3512 per
428 3441 517 3494 omnia
533 3438 650 3505 vilescit,
685 3436 744 3492 uolo
769 3451 891 3502 sermone
907 3436 1044 3506 elurescit;
1079 3445 1106 3496 et

69 3539 158 3598 tulum.
178 3537 255 3598 deust
283 3541 444 3610 incarcere
473 3537 593 3610 poneret
644 3536 694 3600 llul
719 3538 808 3608 pottuu
831 3537 856 3594 ti
879 3533 1003 3593 libertate
1025 3537 1106 3594 solita

69 3639 216 3706 imeretur,
240 3643 333 3710 posset
349 3639 398 3693 tibi
416 3639 444 3694 in
461 3637 551 3708 ulique
571 3635 659 3690 utilim
676 3650 752 3700 eone,
778 3648 838 3690 nau
855 3635 923 3688 siout
940 3634 973 3690 do
992 3633 1039 3690 illu
1056 3636 1104 3692 bo-

68 3741 136 3796 nuinc
153 3739 259 3814 eddam
276 3738 361 3809 ajunt,
376 3735 492 3794 tulimus
510 3740 598 3802 sanet,
618 3740 733 3789 mortuos
750 3735 868 3789 suscitat.
905 3733 953 3790 (lui
971 3732 1106 3805 Theophi-

68 3839 124 3894 lus:
152 3836 276 3894 lubnloaa
294 3843 354 3895 anot
372 3838 442 3904 iuttt,
460 3834 558 3902 Paule,
576 3849 644 3908 quea
663 3833 743 3901 dieis,
764 3835 827 3905 qnia
844 3833 868 3886 ui
885 3838 1002 3888 mortuus
1021 3835 1105 3889 sutcl-

67 3945 125 3994 tare
143 3943 250 4010 posset,
281 3939 309 3991 ot
325 3949 355 3990 ee
373 3937 457 4006 ipsum
480 3934 513 3991 ds
532 3948 638 3990 caruere
655 3931 789 3988 liberaret
809 3929 872 4004 ¹Cui
891 3929 1003 3986 Paulos:
1039 3933 1105 3986 siunt
1205 3937 1206 3942 ’

67 4037 189 4094 tlhriutuu
207 4051 271 4092 suus
288 4036 431 4090 amonuit
448 4035 592 4092 recorrexit
608 4037 650 4102 (ut
666 4031 784 4100 dicum),
810 4031 854 4101 qul
873 4037 959 4085 tamon
977 4029 1011 4085 do
1028 4045 1104 4087 cruce

66 4133 228 4192 tmmodus
244 4133 336 4200 noluit,
354 4135 393 4189 tio
410 4133 503 4190 Petrus
521 4137 565 4202 (ut
581 4133 669 4204 alnon)
687 4131 739 4186 boe
754 4127 873 4200 exemplo
892 4143 921 4184 se
938 4145 991 4184 oon
1009 4127 1105 4186 ttboru

65 4240 92 4290 et
110 4235 167 4306 pati
185 4249 234 4304 pru
253 4233 358 4289 cbristo
375 4249 427 4310 opu
448 4233 577 4289 lormidat.
614 4231 663 4287 Cui
681 4227 860 4300 Theophilus:
879 4227 920 4282 dic
939 4243 1003 4300 ergo
1022 4231 1057 4296 ei,
1077 4237 1105 4284 nt

64 4333 145 4390 hlium
161 4327 252 4389 'neum
275 4333 331 4405 lam
355 4347 403 4404 per
426 4331 632 4404 quattuordecim
655 4345 739 4386 anuos
765 4336 892 4383 mortuum
920 4329 1058 4383 resuscitet
1079 4336 1106 4386 rt

64 4431 220 4490 tneulnnsn
237 4447 295 4506 sam
313 4430 420 4488 reddam
438 4441 465 4487 et
482 4430 600 4488 liberum.
635 4427 790 4502 Ingrediens
814 4427 898 4499 igitur
913 4423 1009 4486 Paulus
1027 4429 1102 4497 dixit,

210 4529 211 4532 ’
719 4579 721 4584 ,
841 4525 896 4580 12·
