2984 5316
335 463 398 526 456
517 467 591 546 Cap.
614 465 676 528 CX.
719 463 763 526 De
784 474 882 525 saneto
903 464 990 526 Petro
1012 464 1049 524 ad
1070 465 1191 527 aucuia.

337 641 396 698 gan
415 626 441 680 in
457 623 584 684 iudaeam
603 628 686 696 arisit,
704 641 813 700 euinque
832 628 957 696 venisset,
975 628 1047 682 nisit
1062 641 1168 694 tnanne,
1193 633 1222 683 ut
1239 625 1376 701 aiiiigeret

242 749 245 758 ⁴
337 725 464 798 quosdam
488 725 523 783 de
545 728 668 784 ecclesia.
704 726 799 783 Occiso
821 734 907 784 eutem
931 725 1031 785 iacebo
1054 724 1135 782 tratre
1151 726 1263 784 ioannis
1280 727 1376 801 giadto

339 823 373 880 ab
394 825 484 881 codena
503 832 566 884 ante
584 828 642 884 dies
661 831 812 896 asinorum,
831 826 941 894 ridens,
968 825 1031 899 qaia
1048 824 1100 881 boo
1116 835 1219 900 gratnm
1237 835 1310 885 esset
1325 830 1376 888 is-

339 923 428 986 daeis.
453 928 480 981 in
496 925 589 984 diebus
607 929 748 983 azimorum
764 925 872 984 Petrurn
889 924 1063 999 apprehendit
1086 931 1114 981 et
1133 928 1160 981 in
1177 943 1308 984 emerent
1326 933 1376 985 ui·

338 1025 375 1080 eit
404 1025 497 1082 uniens
526 1034 587 1099 post
615 1026 715 1099 pascite
739 1026 893 1098 producere
916 1043 973 1084 eun
997 1025 1106 1097 poprie.
1140 1026 1259 1100 Angelus
1288 1035 1375 1084 antero

337 1131 416 1180 noctu
434 1124 519 1182 sidero
536 1129 668 1184 assistens
685 1124 841 1182 nirabiiiter
858 1143 916 1182 saer
934 1143 951 1180 a
969 1125 1128 1182 rirecuiorunu
1146 1128 1258 1182 nexibus
1277 1129 1376 1185 iibera-

339 1226 378 1280 ιιι
400 1233 427 1282 et
450 1225 484 1283 ad
509 1229 679 1284 nteieterton
705 1225 910 1298 praedicationis
936 1225 1047 1282 iiberurn
1071 1227 1110 1281 ire
1137 1227 1228 1298 jussit.
1262 1225 1376 1284 Porinos

339 1331 426 1382 arten
454 1329 528 1401 sagit
557 1325 708 1383 diiationetn
736 1341 789 1382 non
816 1328 916 1397 patitur
938 1325 1062 1392 tuitionis,
1093 1329 1212 1398 sequenti
1245 1344 1309 1384 uero
1331 1329 1376 1383 die
1402 1313 1406 1320 ⁴

336 1427 462 1482 enitentes
486 1425 521 1484 ed
543 1443 574 1486 ee
597 1428 686 1485 renire
709 1425 789 1493 iecit,
814 1432 843 1481 at
864 1442 912 1497 pro
940 1426 1005 1498 iuga
1027 1425 1099 1481 Petri
1120 1425 1186 1482 diris
1210 1443 1259 1483 eos
1280 1430 1375 1500 poenis

337 1525 465 1584 adiceret.
499 1527 556 1585 iioo
572 1534 660 1584 tanen
673 1524 818 1599 inpeditus
835 1530 876 1580 est
898 1524 1001 1592 iason,
1030 1525 1181 1581 resolutio
1203 1525 1274 1582 Petri
1296 1528 1375 1584 alieni

338 1633 455 1683 noceret
489 1625 556 1684 Nan
572 1630 690 1685 oouoitue
708 1627 736 1682 in
752 1624 909 1683 &ostream
927 1623 1064 1681 deseendit
1081 1631 1108 1681 et
1123 1625 1160 1680 ibi
1180 1643 1323 1697 perennent
1340 1628 1374 1684 aie

338 1725 435 1800 angeio
454 1731 592 1800 expiravit.
629 1726 745 1794 Etenim,
762 1727 831 1780 sient
847 1723 929 1782 refert
944 1723 1078 1797 iosepirus
1095 1727 1123 1781 in
1142 1725 1213 1782 iiiii.
1231 1729 1376 1799 antiquita·

336 1828 391 1882 tun
408 1824 493 1896 iibro,
519 1845 575 1884 oon
600 1826 757 1884 Caesareano
780 1824 935 1881 aduenisset
953 1831 980 1881 et
995 1825 1030 1880 ad
1047 1840 1104 1882 ean
1121 1828 1204 1882 totins
1221 1829 1376 1898 prouinciae

338 1926 389 1981 siri
406 1931 562 1986 unanimiter
578 1929 773 1992 conuenissent,
794 1926 838 1982 iiie
858 1925 968 1998 frigenti
988 1931 1061 1982 ueste
1079 1942 1111 1981 ex
1128 1942 1194 1982 soro
1211 1934 1377 2000 argentoque

338 2026 496 2084 attrabiiiter
517 2037 641 2085 coniurata
663 2028 783 2094 indutus,
812 2028 952 2098 incipiente
971 2025 1013 2082 die
1036 2026 1156 2098 procedit
1181 2025 1217 2081 ad
1234 2027 1375 2084 theatrum.

336 2125 387 2184 libi
405 2144 461 2185 curn
484 2133 593 2201 primun
611 2129 677 2186 sniis
694 2127 786 2183 radios
804 2129 886 2182 vesus
905 2132 1034 2199 argentea
1051 2127 1183 2197 suscepit,
1219 2144 1377 2200 repercusso

337 2228 480 2299 splendore
502 2229 662 2302 duplicatam
687 2226 868 2300 spectantibus
892 2225 975 2282 lucen
999 2227 1090 2300 inigor
1118 2227 1218 2286 metaiii
1247 2227 1378 2285 uibrantia

338 2328 446 2396 eiiudit,
471 2337 501 2386 ut
522 2331 684 2386 intuentibus
703 2331 895 2400 perstringeret
912 2327 994 2383 acient
1013 2333 1101 2384 terror
1124 2334 1247 2399 aspectus
1276 2335 1303 2385 et
1327 2345 1376 2401 pro

337 2426 458 2500 boepius
476 2431 576 2504 aliquid
594 2430 627 2487 de
640 2446 683 2498 oo,
701 2444 777 2502 quan
797 2427 925 2484 bunnae
942 2434 1054 2485 naturae
1066 2434 1116 2495 est,
1135 2427 1231 2484 artifex
1245 2444 1376 2504 arrogan-

336 2528 377 2583 tie
401 2533 561 2588 mentiretur.
594 2529 669 2586 iiiioo
694 2529 826 2586 adstantis
850 2527 924 2601 rnigi
954 2535 1115 2602 concrepant
1139 2544 1217 2586 eones
1249 2527 1378 2586 dicentis:

337 2625 473 2702 bucusque
490 2636 519 2687 ut
536 2630 665 2688 honinem
682 2637 709 2684 te
726 2631 865 2696 anninus,
883 2627 932 2683 sed
950 2644 982 2686 en
1001 2628 1052 2685 boo
1064 2632 1121 2702 jan
1138 2644 1220 2702 snpra
1240 2629 1378 2686 bunnam

337 2734 457 2786 notumne
474 2738 501 2788 te
518 2747 579 2788 esee
596 2729 716 2786 fatemur.
751 2727 786 2787 iit
809 2729 868 2785 doru
886 2727 1043 2784 adulatoriis
1060 2729 1253 2786 demulceretur
1269 2729 1378 2786 bonori-

337 2827 389 2884 bus
407 2836 434 2885 et
451 2830 558 2888 oblatos
574 2832 628 2888 eibi
645 2831 750 2887 diuinos
769 2829 886 2886 bonores
903 2844 956 2884 non
973 2836 1126 2900 respueret,
1149 2832 1296 2902 respiciens
1313 2831 1380 2888 uidit

338 2928 495 2988 insidentem
519 2947 600 3005 snper
622 2929 763 2991 ianiculo·
787 2930 869 3003 ospiti
892 2942 942 2984 sao
959 2929 1099 3003 angelon,
1122 2930 1150 2985 id
1173 2937 1215 2986 est
1238 2929 1379 3002 bubeneto,
1451 2933 1453 2936 ’

338 3031 431 3086 nortis
450 3032 508 3103 ejus
526 3035 662 3105 proximae
679 3032 796 3087 nuntiant
815 3030 1015 3103 respiciensque
1031 3030 1066 3086 ad
1090 3025 1215 3104 poprie·
1238 3030 1321 3088 dixit:
1345 3049 1380 3090 en

340 3146 391 3203 ego
409 3129 479 3186 iieas
498 3133 704 3189 resterrnorior.
740 3130 850 3187 Sciebat
861 3131 1248 3204 enirnjuxtaproedicationers
1259 3134 1380 3206 sagaris,

338 3246 369 3286 ae
384 3231 456 3287 inira
472 3235 587 3306 quinque
603 3232 661 3288 dies
682 3233 850 3300 ruoritnroun,
867 3236 894 3288 et
910 3233 1034 3288 oontinuo
1048 3247 1189 3304 pereussos
1204 3247 1254 3304 por
1264 3233 1381 3306 quinque

339 3329 398 3387 dies
411 3333 542 3389 vermibus
554 3349 612 3390 eun
622 3330 825 3389 corrodentibus
836 3331 975 3403 expirante.
994 3331 1064 3388 liaeo
1078 3330 1220 3404 iosepirue.
1239 3331 1269 3388 ie
1280 3349 1379 3390 neno-

340 3433 406 3487 riaun
424 3435 508 3506 igitar
522 3440 575 3489 tant
594 3435 676 3489 mirae
699 3431 866 3489 itinerationis
891 3435 1019 3506 principie
1036 3433 1216 3507 apostoloram
1235 3448 1253 3488 a
1270 3433 1382 3490 eiucsiis

341 3536 368 3588 et
391 3537 443 3587 tau
469 3531 543 3590 dirae
565 3535 700 3590 vindiciae
724 3535 752 3588 in
768 3540 904 3606 tyranuum
931 3535 1057 3605 protinus¹
1068 3532 1242 3602 subsecutae,
1267 3533 1382 3590 ecriesis

339 3630 435 3688 iatum
460 3636 544 3689 saneti
564 3613 637 3690 Petri
661 3632 695 3688 ad
719 3633 823 3690 arada
848 3632 1021 3702 soiiesnnizat,
1054 3633 1129 3691 iiede
1157 3641 1184 3690 et
1215 3633 1331 3707 epistola
1352 3637 1381 3690 in

340 3734 424 3790 uisas
440 3737 556 3802 canitur,
574 3736 601 3789 io
619 3748 672 3808 qna
689 3733 754 3790 baec
771 3733 896 3791 liberatio
914 3734 986 3790 iaota
1003 3734 1087 3792 inisse
1104 3733 1275 3806 perhibetur,
1291 3740 1318 3792 et
1336 3750 1381 3791 se·

341 3833 451 3890 eandm
471 3833 523 3890 boo
539 3833 657 3902 ridetur,
681 3833 753 3907 quod
777 3833 828 3891 boc
851 3833 945 3891 iestnor
964 3833 1074 3892 deberet
1091 3837 1181 3892 vocari
1197 3833 1270 3892 Petri
1287 3849 1304 3891 a
1322 3837 1381 3892 rin-

340 3930 416 3990 ooiis.
451 3931 573 3992 Secunda
586 3949 669 3990 cama
681 3936 854 3992 insdtutienis
868 3937 979 4004 οιιιιιίι,
997 3937 1119 4009 quonian
1132 3933 1285 3994 Alexander
1300 3950 1382 4009 papa,

341 4036 386 4108 qui
404 4042 495 4090 aestas
518 4041 579 4106 post
598 4035 703 4090 teoto·
722 4033 826 4092 Petraea
853 4038 922 4093 rexit
939 4035 1093 4105 ecclesiane,
1117 4046 1145 4093 et
1169 4035 1278 4094 iierores
1302 4051 1382 4109 prae·

341 4133 425 4190 iectus
445 4134 518 4190 uubis
535 4134 642 4205 Rornae,
662 4138 705 4208 qui
723 4153 772 4208 per
788 4135 965 4193 Alexandrum
983 4137 1017 4194 ad
1036 4135 1112 4192 iden
1127 4151 1272 4194 warenne
1283 4135 1381 4206 iuerat,

340 4248 357 4290 a
376 4234 485 4298 Quirino
507 4234 613 4292 tribuno
640 4237 667 4293 in
693 4237 806 4295 dirersis
828 4235 895 4293 iocis
917 4240 944 4293 in
963 4235 1085 4294 custodie
1100 4236 1272 4306 tenebarrtor,
1301 4237 1383 4294 disit-

342 4350 393 4410 qoe
416 4335 535 4392 tribunus
554 4335 589 4392 ad
613 4335 731 4394 iiernenn
752 4335 927 4410 praeieetons:
962 4342 1043 4394 seiron
1068 4344 1095 4395 te
1120 4339 1203 4393 tiron
1228 4337 1382 4411 prudentem

342 4433 467 4493 bonorem
497 4434 629 4494 diuitem
658 4437 843 4510 praefecturae
871 4444 899 4496 et
927 4440 1005 4496 sitan
1035 4439 1114 4495 aiisn
1145 4440 1286 4498 soraniare.
1333 4437 1382 4496 iiot
