2828 5302
255 455 316 519 12⁰
487 456 559 538 Cep.
581 454 671 516 XXV.
715 455 759 516 lie
780 465 878 514 saneto
900 454 1062 516 Vincentio.

255 613 387 690 lugentem
406 613 498 672 uolans
517 615 623 689 alligari
643 621 670 671 et
688 616 713 671 in
733 613 829 688 pelago
849 615 956 688 projici,
977 620 1013 680 ιιι,
1034 610 1105 686 quod
1121 617 1194 669 terre
1214 626 1230 668 a
1248 612 1293 668 be-

255 715 315 771 stlis
330 717 448 771 consunl
464 730 516 770 non
537 707 637 788 potuit,
670 713 763 771 salton
782 717 809 769 ln
828 714 924 787 pelago
942 728 959 768 s
974 715 1080 770 rnurlnls
1100 712 1196 769 belluis
1214 712 1296 768 deso-

258 818 337 870 retur.
378 811 481 872 Nauiae
499 830 565 887 ergo
580 829 677 886 corpus
696 815 754 885 ejus
773 815 798 867 ln
817 813 928 886 polagus
946 811 1096 868 deserentes
1115 811 1295 885 submergunt,

257 911 303 968 sed
322 914 387 986 ipsis
405 916 492 970 nontls
512 912 629 969 uelocius
645 912 736 968 littora
755 928 851 984 corpus
869 914 950 984 petit,
976 911 1056 984 qnod
1074 927 1091 968 a
1110 912 1223 986 quadarn
1243 925 1296 966 ιιιιι-

258 1017 335 1067 trone
353 1018 380 1068 et
397 1011 553 1086 quibusdam
579 1011 640 1068 ulils
656 1015 715 1084 lpso
735 1011 868 1068 reuelante
887 1014 1018 1068 inuenitur
1038 1018 1065 1069 et
1083 1011 1117 1067 ab
1134 1015 1168 1067 lla
1189 1011 1295 1066 leonori·

259 1111 305 1167 tuoe
326 1112 461 1184 sepelitur.
497 1112 535 1168 lie
553 1111 603 1168 lnoe
615 1113 723 1168 ιιιιιιιιιι
736 1114 774 1168 sio
794 1111 858 1168 diolt
877 1112 1055 1184 Augustinus:
1071 1111 1166 1168 beatus
1186 1110 1295 1168 Vincen-

259 1212 311 1267 lius
331 1213 394 1266 ulclt
411 1215 437 1268 ln
456 1212 561 1281 uerluls¹
590 1212 691 1267 vloltln
710 1215 820 1284 poento,
849 1213 912 1268 ulelt
930 1213 955 1266 lu
975 1210 1157 1279 confessione,
1192 1213 1255 1266 vicit
1272 1212 1296 1266 iu

258 1309 445 1381 tribulatione,
470 1314 532 1368 rlcit
547 1317 672 1379 exustus,
701 1313 764 1367 vicit
779 1310 945 1380 submersus,
965 1313 1027 1366 vicit
1042 1316 1131 1378 onus,
1150 1313 1212 1366 uicit
1231 1326 1297 1366 rnor-

260 1414 329 1467 tuus.
348 1409 432 1467 ldeur:
449 1417 587 1484 torquetur
604 1409 766 1479 Vincentius,
785 1418 813 1466 ιιι
830 1416 992 1478 exerceatur,
1011 1409 1172 1482 flagellatur,
1192 1415 1222 1465 ut
1239 1425 1298 1466 era-

262 1509 365 1580 diatnr,
383 1511 513 1578 tunditur,
534 1516 563 1565 ut
580 1508 774 1577 consolidetur,
792 1513 920 1577 exuritur,
939 1515 967 1564 nt
984 1515 1150 1582 repurgetur.
1187 1507 1298 1566 Andro-

139 1617 141 1624 ‘
260 1612 316 1665 sius
340 1612 367 1666 in
391 1611 558 1683 praefatione
582 1625 687 1682 quoque
705 1608 738 1665 de
754 1611 814 1682 lpso
832 1613 871 1665 sie
894 1611 945 1664 eit:
981 1613 1119 1681 torquetur
1137 1609 1298 1674 Vincentius,

261 1708 393 1778 tunditur,
428 1709 580 1784 flagellatur
596 1715 624 1766 et
641 1711 775 1776 exuritur,
810 1709 858 1765 sed
884 1711 995 1764 lnrlotns
1014 1725 1063 1780 pro
1082 1715 1176 1764 sancto
1195 1711 1299 1766 nouine

261 1810 363 1865 unimus
379 1825 431 1865 non
447 1811 605 1876 concutitur,
630 1808 691 1879 plus
708 1807 804 1864 ardens
821 1810 883 1882 igne
902 1809 952 1866 zell
970 1824 1047 1880 quam
1066 1808 1144 1872 lerrl.
1174 1808 1235 1881 plus
1253 1825 1300 1865 ne-

260 1909 340 1964 ctitur
359 1912 451 1967 timore
468 1908 517 1964 liei
532 1923 609 1981 quam
627 1907 737 1974 saeculi,
755 1907 813 1979 plus
833 1907 916 1963 voluit
933 1909 1039 1980 placere
1058 1907 1114 1964 lieo
1132 1925 1209 1982 quau
1231 1909 1299 1976 loro,

262 2007 322 2079 plus
340 2008 433 2065 dilexit
450 2010 514 2064 urorl
533 2006 645 2075 mundo,
682 2023 758 2080 quan
776 2007 889 2063 dontno.
942 2007 1006 2065 lten
1025 2009 1202 2081 Augustinus:
1238 2015 1301 2066 ante

262 2107 353 2164 oonlos
377 2115 483 2164 nostros
504 2107 647 2163 mirandum
673 2103 849 2180 spectaculum
874 2111 1041 2164 constitutore
1060 2112 1117 2176 eet,
1148 2108 1231 2180 J'udex
1249 2111 1300 2164 inl·

236 2202 239 2208 “
263 2222 345 2279 quus,
364 2214 448 2264 tortor
464 2213 602 2274 eruentus,
620 2209 712 2263 martir
729 2210 858 2276 inuictus,
883 2206 1046 2265 crudelitatis
1064 2209 1224 2282 pietatisque
1242 2224 1300 2266 oer-

265 2313 359 2364 tanron.
393 2307 549 2364 Prudentius
566 2322 686 2380 quoque,
705 2310 750 2379 qni
768 2308 862 2364 claruit
878 2314 996 2379 ternpore
1014 2306 1159 2364 Theodosii
1176 2311 1300 2376 senioris,

264 2410 308 2481 qul
327 2409 415 2479 coepit
431 2423 500 2463 anno
518 2407 616 2462 donnini
633 2406 862 2477 ccclxxxvii,
895 2411 979 2481 ipsun
996 2406 1114 2464 liaciano
1131 2408 1302 2480 respondisse

264 2509 315 2563 ult:
333 2512 472 2573 tormenta,
489 2522 624 2576 carceres,
644 2507 774 2580 ungulae,
793 2507 960 2581 stridensque
977 2508 1086 2563 dammis
1104 2506 1201 2564 lumina
1219 2514 1299 2580 atque

263 2609 324 2677 ipso
341 2621 482 2679 poenarun
499 2607 590 2664 ultima
605 2621 676 2662 mors
694 2605 844 2663 christianis
861 2607 938 2664 ludus
955 2601 1005 2665 est.
1057 2607 1131 2663 Τιιιιι
1153 2607 1300 2664 liaclauue:

265 2711 392 2774 uinctum,
415 2709 441 2779 ¹)
459 2713 583 2762 retortum
601 2704 716 2761 luracluiis
734 2721 836 2762 sursum
854 2723 886 2764 eo
904 2708 1025 2765 deorsuru
1043 2707 1192 2773 extendite,
1216 2707 1300 2765 donec

263 2823 393 2882 conpago
412 2808 510 2863 osslarn
529 2806 633 2862 dluulsa
651 2807 811 2863 menbratim
828 2815 934 2878 erepet,
971 2814 999 2862 ut
1017 2823 1065 2878 per
1082 2807 1190 2863 lacunas
1208 2807 1299 2864 vuloc-

265 2925 319 2964 ιιιιιι
333 2909 411 2980 Jecur
428 2905 556 2962 detectum
574 2906 692 2977 palpitet.
751 2905 864 2962 llidelnut
881 2904 923 2960 liic
942 2905 1016 2962 nuilee
1033 2905 1082 2963 liei
1099 2921 1190 2962 ιιιιιιιιιι
1207 2922 1299 2964 craen-
1345 2971 1346 2974 Ἴ

262 3014 306 3064 tus
324 3011 472 3079 increpans,
491 3005 561 3077 quod
580 3005 632 3064 ixa
650 3021 700 3061 non
718 3005 874 3077 profundius
892 3009 1004 3062 intraret
1020 3012 1094 3070 anus
1108 3005 1215 3080 ungula
1237 3005 1300 3062 llum

265 3115 337 3164 esset
354 3110 380 3163 in
397 3121 513 3173 carcere,
531 3104 642 3178 angelus
661 3105 728 3162 dixit
745 3104 780 3161 ad
800 3122 872 3162 cunr:
892 3122 1007 3180 exsurge
1023 3095 1118 3162 ·'r'uertlr
1135 3107 1234 3175 inclite,
1253 3123 1298 3164 ex·

265 3223 345 3280 surge
363 3221 471 3262 securus
489 3211 516 3261 et
534 3204 609 3260 alrnls
626 3204 745 3262 coetllons
764 3211 855 3261 noster
872 3205 973 3262 sodalis
991 3206 1104 3262 addere:
1130 3222 1147 3261 o
1166 3207 1241 3264 miles
1261 3210 1297 3262 lu·

264 3309 407 3363 riclisslnre
425 3307 625 3362 fortissimorum
645 3305 756 3373 fortior,
788 3306 843 3378 jan
862 3309 889 3360 te
908 3307 968 3376 ipsa
991 3319 1074 3362 saera
1090 3311 1116 3362 ot
1133 3321 1230 3377 aspera
1246 3312 1302 3363 tor·

265 3414 353 3463 nenia
370 3409 493 3463 rictorem
512 3411 632 3462 tremunt.
667 3403 804 3461 Exclamat
821 3404 994 3461 Prudentius:
1027 3412 1056 3461 ιιι
1074 3404 1146 3460 solus
1166 3407 1301 3480 insignite,

265 3507 337 3562 solus
356 3504 445 3562 bravii
461 3505 572 3577 duplicis
588 3503 700 3576 palrnauu
719 3505 811 3572 tulisti,
830 3512 857 3561 tu
876 3504 943 3560 duae
955 3503 1030 3562 aiunl
1043 3506 1170 3576 purnrlsti
1187 3504 1301 3562 laureas.

317 3763 339 3812 i)
351 3758 392 3804 td
407 3763 458 3808 neo.
473 3767 556 3804 retro
568 3759 656 3811 lerunt,
670 3755 754 3818 deinde
769 3756 819 3800 loeo
832 3754 908 3800 uocis:
922 3769 1064 3811 compago
1082 3753 1212 3812 praeierunl
1227 3768 1304 3800 conr-

266 3827 376 3885 parius.
390 3826 556 3882 sedperperam
567 3826 606 3870 Ν.
616 3830 648 3868 Pr.
658 3837 699 3882 pro
711 3823 806 3868 vocibus
816 3825 902 3880 jecur
915 3822 1065 3867 detecturn
1076 3820 1141 3867 ollrrl
1152 3821 1304 3870 reiectura
