2918 5302
323 479 385 544 608
460 481 532 563 Cup.
555 478 722 544 CXXXVL
752 481 800 545 De
820 482 926 543 tenetls
945 481 1054 542 Protho
1074 491 1104 542 et
1123 482 1269 542 iacincto.

324 651 391 708 qnos
412 638 482 691 lutus
505 636 630 708 palatium
652 641 764 696 nutritos
782 653 880 697 morum
898 645 925 700 ct
943 641 1050 716 gononis
1067 641 1195 699 nobilitas
1212 637 1364 696 decomelt.

324 734 387 820 Cum
399 731 488 809 'igitur
503 753 552 793 noo
571 738 646 798 minis
664 754 715 793 nco
732 739 868 796 blanditiis
887 748 1062 810 monerentur,
1083 743 1110 798 ln
1127 738 1241 812 equuleo
1259 737 1362 794 disten·

323 836 420 892 duntur
444 843 470 893 ct
493 836 608 910 flagellis
634 843 662 893 et
685 840 790 912 ungulis
816 845 872 895 toto
897 853 1008 910 corpore
1031 841 1237 896 lacerationem
1259 837 1362 894 etsole

323 937 428 993 nudatis
451 951 535 1008 poene
561 948 650 993 eorntn
675 937 821 994 viscoribus
845 939 1050 1011 perfunduntur,
1086 942 1113 994 et
1138 953 1196 993 cum
1212 936 1284 992 lusco
1302 935 1360 992 mlo·

323 1039 394 1091 orins
412 1036 564 1103 tolornrcnt,
584 1037 609 1091 ln
621 1037 748 1092 craticula
766 1045 900 1106 assantur,
918 1038 963 1093 nini
982 1040 1059 1111 quasi
1077 1037 1101 1093 ln
1119 1038 1188 1093 lccto
1206 1037 1301 1094 tiorum
1320 1037 1361 1090 vi·

323 1135 453 1190 tenantur
472 1138 564 1208 Jnocne
589 1135 707 1206 nihilque
730 1136 857 1193 laesionis
876 1141 983 1194 sentiro.
1019 1137 1119 1194 licinio
1135 1139 1214 1210 jussu
1232 1138 1362 1194 Cossutio

321 1234 418 1305 laqueo
439 1234 635 1306 suspenduntur
657 1243 684 1292 ct
707 1249 821 1310 corporo
844 1238 914 1311 lonis
931 1244 958 1294 ot
975 1238 1084 1294 cantius
1104 1241 1287 1310 exponuntur,
1312 1235 1362 1293 sed

321 1340 409 1389 tomen
433 1337 533 1391 tntnotn
556 1351 574 1390 e
597 1336 719 1393 idelibos
742 1333 910 1410 colliguntur.
948 1336 1062 1407 ¹)l’ossi
1085 1344 1147 1393 snut
1167 1339 1239 1393 circs
1264 1353 1361 1394 nonum

322 1433 420 1490 donnini
445 1433 596 1494 CCLXXX.
630 1437 695 1492 l’ost
717 1436 812 1491 multos
837 1451 919 1493 nonos
940 1449 1036 1509 conpos
1055 1439 1137 1493 saneti
1156 1435 1289 1512 Gorgoni!
1305 1436 1360 1494 llo-

321 1547 387 1588 mnm
405 1534 559 1590 translatum
576 1539 626 1592 est.
660 1536 737 1592 Anno
756 1535 853 1592 domini
873 1535 1061 1608 ²)ttccultlll.
1075 1536 1215 1610 episcopos
1228 1535 1360 1594 Metennio

322 1648 405 1704 nepos
422 1633 509 1705 Piptni
527 1639 599 1708 regis
627 1637 711 1707 ipsum
735 1634 770 1692 on
790 1629 890 1692 Gallius
909 1637 1087 1694 transmittet
1106 1635 1286 1712 Gorgocienst
1303 1652 1360 1694 nno-

321 1732 438 1791 onstcrlo
458 1749 505 1790 eos
525 1733 674 1792 collocuntt

534 2315 536 2320 ,
627 2229 723 2334 tit.
746 2229 912 2332 tttllt
937 2230 1050 2334 ttttl

440 2381 516 2452 lto
536 2378 717 2452 sanctis
738 2377 919 2450 Protlno
939 2378 991 2450 ot
1010 2375 1242 2452 sentuoso.

388 2540 501 2598 Protinus
519 2553 546 2602 ot
561 2543 694 2603 Jnclnctos
716 2546 820 2601 luerunt
837 2541 970 2600 domicelli
988 2545 1015 2599 st
1031 2545 1057 2598 ln
1073 2535 1162 2598 studio
1172 2542 1361 2615 philosophice

322 2641 390 2696 socii
413 2635 548 2716 liugenine
574 2643 644 2701 ilino
662 2644 778 2716 Philipp!
800 2643 958 2699 nobilissimi
975 2642 1147 2699 annomm
1165 2656 1273 2714 annno.
1310 2641 1361 2708 out

323 2741 427 2814 quidem
450 2740 587 2814 Philippus
611 2759 628 2800 o
651 2751 744 2801 semoto
768 2743 960 2816 praefecturam
978 2742 1157 2798 Alexandrino
1173 2749 1365 2829 scceperstet

323 2839 387 2896 illuc
403 2841 541 2898 Claudium
565 2858 673 2899 uxorem
691 2857 764 2899 sunm
788 2842 900 2900 stilico
918 2844 1022 2900 ,tultum
1039 2849 1067 2899 et
1083 2843 1204 2914 Sergium
1226 2839 1361 2916 filiamque

325 2937 503 3016 ³)Eogenlnm
524 2955 610 2998 secum
632 2942 714 3000 iuuit.
749 2942 832 3000 Porro
855 2941 977 3016 lingonis
1000 2942 1119 2998 omnibus
1142 2939 1234 2996 liberis
1257 2940 1362 2998 omibus

324 3047 351 3097 ct
373 3040 470 3097 litteris
494 3049 552 3099 erat
576 3041 706 3115 perlecta.
740 3041 853 3098 Protinus
874 3056 980 3116 quoque
997 3047 1026 3099 et
1045 3039 1179 3098 incinctus
1196 3054 1285 3097 secum
1303 3047 1362 3098 stu-

324 3139 437 3197 tlucnunt
461 3148 487 3198 et
511 3142 543 3197 nul
566 3141 753 3214 perfectionem
777 3144 889 3198 omnium
913 3141 1083 3197 scientiarum
1100 3139 1272 3200 devenerant.
1305 3139 1363 3198 Eu·

323 3242 405 3314 genis
430 3243 514 3313 igitur
533 3240 589 3298 XV.
614 3243 710 3299 aetatis
732 3257 797 3298 sune
822 3256 890 3296 nono
914 3240 948 3296 nb
966 3240 1091 3315 Aquilino
1108 3239 1226 3314 liqutlioi
1243 3242 1363 3298 consulis

325 3339 379 3394 tilio
395 3343 494 3411 potitur
509 3355 584 3396 onor.
620 3338 669 3396 Cot
686 3342 748 3396 llis:
768 3347 795 3398 ct
811 3343 920 3397 moritus
939 3357 992 3397 non
1009 3339 1161 3408 nntnltlnus,
1179 3339 1228 3396 set
1243 3340 1363 3397 mumius

204 3448 207 3455 '
325 3446 368 3495 est
392 3437 539 3513 eligendus.
573 3438 697 3497 Peruenit
724 3442 807 3512 igitur
831 3440 866 3496 ool
890 3455 981 3496 nonus
1011 3441 1069 3514 ojus
1094 3439 1215 3496 doctrino
1235 3438 1312 3495 l’null
1336 3447 1365 3498 ct

325 3541 415 3612 oocpit
432 3541 518 3595 nntmo
536 3537 593 3594 ient
610 3538 764 3596 christiane.
796 3539 955 3597 Permissum
972 3545 1031 3596 emt
1049 3539 1272 3595 tnnoclnristianto
1289 3541 1366 3598 eleon

258 3681 259 3684 ,
325 3638 514 3698 Alexandriam
531 3635 664 3705 hobitum,
681 3637 751 3694 onie
765 3637 812 3693 illn
827 3639 904 3711 quest
920 3637 1069 3694 solatiando
1088 3653 1202 3712 pergens
1220 3638 1255 3695 nul
1274 3639 1365 3696 sillan

325 3742 459 3795 transiens
477 3737 578 3794 ondiult
597 3735 757 3793 christianos
776 3744 925 3795 cantantes:
948 3753 1038 3794 omnes
1057 3737 1099 3794 lttt
1120 3739 1237 3812 gentium
1255 3737 1366 3794 doemo-

326 3840 385 3906 nio,
410 3837 530 3893 dominus
556 3845 643 3894 eutem
664 3838 754 3895 coelos
782 3837 853 3894 lecit.
888 3837 963 3893 'l’unc
987 3837 1053 3892 «licit
1070 3835 1105 3894 nd
1124 3853 1221 3908 pucros
1238 3836 1365 3896 Plotinum

328 3944 356 4000 et
377 3936 540 4005 Jnctnctum,
575 3939 620 4011 qul
641 3952 727 3994 secum
751 3937 919 3994 studuerunt:
948 3933 1165 4010 philosophorum
1193 3937 1365 4010 syllogismon

297 4089 298 4092 ,
328 4035 486 4108 scrupuloso
510 4036 599 4092 studio
617 4039 808 4110 transegimus,
834 4036 1006 4094 Aristotelicn
1023 4043 1178 4108 argumento
1201 4039 1228 4092 et
1244 4035 1367 4094 Plutonis

329 4135 405 4194 tiens
424 4142 451 4194 et
469 4137 587 4194 Socratis
601 4139 700 4194 monita
712 4146 739 4193 et
751 4137 868 4194 breuior
885 4135 1009 4210 quidquid
1026 4141 1115 4190 cantat
1132 4141 1219 4206 poeta,
1238 4136 1367 4208 quidquid

330 4243 421 4294 emtor
439 4243 466 4294 et
484 4235 611 4310 quitquid
630 4235 805 4310 philosophus
826 4238 944 4310 cogitat,
962 4234 1014 4290 imo
1031 4236 1163 4291 sententio
1179 4233 1369 4302 excluduntunt

380 4387 403 4438 l)
416 4385 457 4432 lini.
470 4391 504 4431 l'n.
517 4383 595 4430 ollem
608 4399 717 4441 possus
730 4393 785 4433 est.
840 4389 863 4440 s)
878 4385 925 4431 etti
936 4385 1027 4438 legunto
1041 4387 1236 4433 nootxxttl.
1294 4383 1318 4439 ³)
1331 4383 1369 4429 sd

331 4453 552 4500 manichaeoum
565 4453 669 4499 exhibeto
688 4455 856 4509 nug-niem.
875 4468 946 4510 ques
965 4453 1100 4500 omnibus
1119 4458 1162 4496 eto.
