2828 5302
359 501 430 581 cip.
454 485 554 562 cen.¹
583 500 629 560 oe
648 509 746 559 nicta
767 495 902 558 nertin.
1085 487 1143 556 oot

119 661 208 708 videret
226 660 308 719 inspius
327 675 429 718 presses,
448 661 563 720 preeoepit
582 672 630 703 eesn
649 655 725 710 :tedio
743 657 856 703 tmoideri.
883 661 946 720 Tune
958 653 1033 700 lurore
1046 652 1147 710 repletus

119 739 184 788 peter
201 732 250 786 ejus
268 729 366 786 suscepit
385 743 435 773 eens
453 744 466 773 e
484 729 588 786 preeside
602 734 623 771 et
637 726 742 781 perduxit
756 742 805 772 eens
819 725 842 768 in
855 735 961 769 rnontern.
986 728 1014 766 ,tt
1027 735 1084 766 uero
1097 721 1147 777 ipss

120 799 220 850 geudens
233 812 301 854 super
313 799 356 842 bon
372 796 506 852 festinebet,
524 805 549 841 nt
567 796 690 852 perfectum
710 793 770 839 vites
789 801 892 838 eeternee
910 791 1012 837 brevium
1029 789 1148 846 reciperes.

62 853 68 862 ’
120 872 142 910 et
157 864 254 912 edduote
270 866 294 910 in
312 873 411 911 monteses
429 867 511 910 orebet
527 864 557 908 sd
575 864 690 909 douninunr
709 863 798 908 dioensr
818 862 909 907 domine
928 866 981 906 Jeeu
994 859 1093 912 christe,
1112 858 1149 901 cui

120 934 196 978 onrnie
207 933 331 989 obediunt,
344 941 433 991 preeste
446 933 500 978 nint
513 933 571 977 neno
583 932 727 990 petitionem,
746 939 782 984 ut,
801 930 884 986 siquis
897 941 983 974 memor
993 927 1061 974 tuerit
1075 927 1147 970 norni-

120 1001 156 1046 ns's
174 1003 208 1046 trsi
225 1010 249 1047 et
267 1002 363 1048 fernuiee
377 1011 428 1048 tuse
441 1001 526 1048 leniens
545 1001 675 1046 memorien
687 1000 800 1058 ‚sessionis
814 1013 890 1050 usses,
906 996 1010 1048 domine,
1028 1010 1057 1039 ne
1069 995 1148 1039 tuemi-

119 1071 180 1115 neris
193 1077 335 1127 pesoetorurn
349 1073 397 1128 ejus
410 1072 434 1116 in
446 1071 484 1116 die
495 1071 586 1126 judieii,
605 1070 646 1115 sed
663 1070 775 1126 propitius
793 1076 842 1112 esto
861 1069 893 1118 ei,
912 1073 937 1110 ιιι
951 1067 1010 1110 eninr
1024 1065 1078 1119 sois,
1095 1065 1148 1120 quis

121 1152 173 1183 nero
185 1153 270 1186 seruus.
296 1145 323 1184 Bt
335 1139 394 1185 seete
407 1146 442 1186 en
453 1154 500 1185 vox
513 1140 543 1183 de
556 1139 620 1184 coelo
634 1140 665 1184 ed
676 1153 725 1184 eene
739 1138 828 1184 disensr
845 1135 912 1188 veni,
929 1135 1079 1190 pulcherrime
1090 1147 1148 1186 nsee,

121 1283 156 1322 est
169 1277 219 1324 tibi.
246 1281 296 1333 Quo
308 1276 369 1322 teoto
382 1277 459 1322 inertie
473 1277 553 1323 christi
572 1277 602 1321 ed
615 1277 689 1320 loourn
702 1274 855 1330 supredictunr
868 1273 931 1317 venit
943 1279 966 1319 et
979 1271 1012 1316 r'bi
1025 1270 1149 1315 suentisium

120 1358 185 1390 suurn
198 1343 280 1389 finivit.
305 1346 430 1402 Aproprio
443 1347 502 1390 enirn
516 1353 580 1404 petre
593 1343 705 1389 deeottete
719 1349 760 1390 est.
786 1347 849 1386 t’etre
862 1345 910 1398 ejus
923 1341 952 1384 de
965 1348 1041 1386 rnoute
1054 1337 1148 1384 dsscen-

121 1412 189 1458 dente
202 1412 259 1466 ienis
273 1413 303 1457 de
316 1413 381 1457 oosio
394 1413 510 1459 deseendit
525 1423 548 1459 st
560 1412 682 1458 oonbuseit
696 1426 762 1464 eurn,
775 1410 805 1456 ite
820 1418 843 1454 ιιι
857 1423 898 1454 nen
911 1409 987 1465 putris
1000 1411 1048 1463 eires
1060 1407 1149 1452 inveni·

121 1489 188 1528 retur.
213 1482 285 1527 rtntse
298 1489 333 1530 est
346 1489 421 1529 eutern
434 1490 509 1528 senste
523 1483 600 1528 nre'rtir
613 1481 693 1526 consti
708 1481 804 1526 Berberu
818 1494 868 1524 suin
881 1485 958 1526 seuste
971 1477 1058 1532 {eliens
1071 1476 1149 1530 quinte

121 1550 159 1596 die
176 1551 259 1597 rneusis
277 1551 408 1597 Decembris
427 1551 550 1609 inponente
569 1549 705 1595 Merinieno
723 1557 747 1593 et
759 1547 1036 1605 praesidente-sternens.
1050 1567 1073 1580 -
1087 1568 1113 1577 -
1124 1567 1150 1578 -

120 1624 141 1665 ι.
154 1619 204 1664 ruit
215 1619 252 1664 eir
264 1619 349 1665 nobilis
361 1633 437 1666 eomes
450 1620 572 1674 Sesoniee,
585 1619 624 1674 qui
638 1619 753 1662 ininiourn
766 1632 831 1662 suurn
844 1616 980 1673 nuntiavit,
993 1627 1060 1670 quesn
1073 1613 1149 1658 stetini

120 1687 144 1730 in
157 1686 235 1732 turrisn
247 1688 333 1734 reoiudi
346 1687 400 1734 tecit
413 1696 436 1734 et
448 1687 548 1733 femiiiee
561 1703 614 1732 suse
628 1688 669 1733 sub
684 1701 756 1744 poene
770 1698 849 1738 metue
862 1684 989 1736 munierit,
1008 1697 1037 1727 ne
1050 1681 1094 1727 sibi
1108 1679 1149 1726 eli-

120 1756 171 1810 quis
185 1755 260 1801 oibnsn
274 1758 311 1802 vel
325 1766 402 1814 potum
417 1757 559 1810 ministrent,
572 1764 595 1800 ut
610 1757 642 1800 sio
655 1770 682 1800 eo
695 1756 761 1800 eitius
775 1761 897 1800 moremur
910 1754 978 1798 Ieme.
997 1757 1095 1805 cumque
1109 1763 1151 1806 pes

120 1825 214 1878 eliuuod
230 1832 319 1882 ternpus
338 1827 386 1870 sine
405 1827 456 1870 cibo
470 1835 490 1872 et
505 1833 559 1882 potu
577 1825 707 1876 niensisest,
726 1824 841 1868 custodem
861 1823 927 1868 turris
945 1835 1002 1866 rose
1018 1819 1107 1872 lugubri
1126 1824 1150 1863 et

119 1894 295 1938 lenentebititer
307 1896 408 1948 roserit,
427 1903 450 1938 ιιι
470 1895 490 1938 ei
511 1893 624 1940 snodiouns
642 1895 705 1938 deret
719 1894 748 1937 de
761 1907 819 1948 pene
833 1892 863 1936 ob
877 1891 1025 1936 reverentiens
1039 1889 1150 1942 sturione

122 1962 214 2014 eireinis
228 1965 350 2015 ilerdense,
368 1978 397 2008 ne
410 1963 442 2006 sic
454 1963 514 2007 teme
528 1971 657 2008 moreretur.
684 1967 764 2008 curtos
777 1976 817 2004 nee
830 1960 950 2004 clemonem
964 1973 1005 2003 nec
1019 1971 1096 2014 preces
1108 1951 1152 2001 ed·

119 2032 237 2084 vertebet.
251 2038 273 2077 et
287 2031 320 2076 siu
332 2045 373 2086 per
386 2030 479 2085 eliquod
491 2040 581 2087 tenpus
594 2033 680 2088 jeeebet
695 2037 717 2075 et
732 2031 813 2074 nernini
826 2043 956 2084 responsum
968 2029 1045 2072 debet.
1070 2032 1151 2071 custos

120 2113 176 2144 vero
189 2100 322 2150 sentisnebst
336 2100 399 2144 ittun
412 2103 456 2156 jens
469 2108 594 2152 ιιιοιιυιιιπ,
612 2099 698 2153 roserit
716 2105 769 2152 erto
787 2099 916 2150 domenum,
937 2105 960 2140 ut
981 2097 1044 2140 istun
1064 2094 1151 2140 estrehi

121 2167 270 2224 permitteret,
289 2170 419 2226 priusqussn
438 2181 519 2224 eorpus
536 2175 649 2212 nonnum
667 2165 782 2213 exhetsret
802 2165 919 2212 tortorem.
945 2167 1069 2216 tnieeenrnt
1084 2163 1152 2217 initur

120 2235 197 2280 funem
211 2235 233 2280 in
246 2237 330 2288 eollurn
343 2237 430 2283 detenti
443 2244 465 2281 et
479 2236 509 2281 sd
521 2237 672 2280 sununritstens
686 2235 823 2279 deducentes
837 2235 870 2280 sio
883 2249 933 2279 suns
946 2233 1035 2279 desito
1049 2237 1150 2290 projece-

120 2311 179 2352 runt.
205 2306 249 2362 Qui
262 2321 312 2350 cum
325 2307 355 2350 ed
368 2315 449 2350 temen
463 2305 616 2362 pervenisset,
636 2303 710 2349 stetirn
725 2317 750 2349 ss
763 2302 833 2347 erexit
847 2310 869 2348 et
883 2316 974 2354 omnes.
993 2301 1031 2358 qui
1050 2302 1152 2355 ederent,

120 2372 164 2417 hoo
183 2372 288 2418 uidentes
305 2374 328 2418 in
344 2372 419 2426 nutent
438 2377 540 2418 conversi
559 2381 619 2418 sunt,
651 2377 712 2430 Quos
732 2372 771 2416 itte
790 2371 886 2416 dulciter
903 2371 989 2416 monuit
1014 2377 1154 2428 eapropter

121 2446 193 2486 Deum
206 2440 307 2496 roserit,
320 2457 349 2487 ne
361 2440 475 2495 irruerent,
492 2441 533 2487 sed
546 2449 570 2485 ut
583 2441 677 2498 propius
690 2442 829 2488 secederent.
855 2445 881 2486 tt
895 2455 944 2485 curn
958 2439 1108 2486 secessissent
1121 2440 1152 2485 sd

121 2525 185 2562 eunt,
204 2509 396 2564 interrogerenrnt
415 2523 479 2563 eune.
504 2509 618 2564 quomodo
636 2511 680 2554 hoo
698 2510 761 2555 fleret
780 2517 818 2555 eut
837 2509 951 2564 quomodo
970 2509 1049 2553 rivere
1066 2517 1152 2565 posset.

123 2579 210 2639 Quibus
224 2579 263 2624 itte
276 2577 405 2636 respondit:
418 2577 484 2622 besse
497 2578 560 2631 vireo
574 2579 670 2624 uerbere
685 2593 720 2622 nse
734 2578 756 2622 in
770 2578 875 2623 omnibus
887 2577 995 2630 meritiis
1010 2577 1065 2622 rneis
1075 2583 1152 2621 custo-

121 2648 180 2694 divit
193 2655 216 2694 et
229 2648 253 2692 in
266 2648 375 2704 ejeotione
388 2648 455 2692 turris
469 2647 514 2691 seis
529 2647 675 2692 senetissinsis
688 2649 792 2692 rnenibus
806 2661 841 2692 sne
855 2647 989 2693 sustenteris
1002 2653 1025 2691 et
1038 2646 1095 2691 snori
1107 2660 1151 2691 non

122 2729 215 2774 possunt
228 2716 272 2762 nisi
286 2715 402 2761 confessus
421 2723 443 2760 et
456 2731 518 2760 seore
532 2731 689 2761 oonrrnunsone
708 2716 807 2762 rnunitus
820 2721 843 2759 et
856 2717 967 2760 inunotus.
993 2720 1154 2768 sntenoeesus,

122 2786 182 2830 unde
193 2785 251 2830 hene
265 2785 356 2839 erutione
370 2785 475 2838 heberet,
494 2785 564 2829 dixit·
583 2785 672 2840 iejuniis
690 2794 712 2829 et
731 2783 870 2829 oretionibus
889 2783 950 2827 omni
967 2783 1006 2828 tie
1019 2785 1080 2828 omni
1093 2799 1152 2830 enno

122 2853 232 2899 honorevi
245 2869 294 2899 eern
307 2861 330 2898 st
343 2854 401 2898 hene
414 2859 506 2908 eretisrn
520 2853 574 2898 niihi
594 2855 654 2910 epud
669 2859 739 2898 neuin
757 2853 866 2907 obtinuit,
885 2862 909 2898 ut
928 2853 986 2897 rnori
1004 2865 1049 2898 non
1067 2855 1151 2912 possiet

121 2924 208 2978 sosque
230 2922 382 2970 seorenrentis.
421 2922 507 2979 Quibus
532 2923 644 2980 perceptis
672 2924 748 2967 stetirn
767 2923 870 2980 spiritum
897 2923 1023 2968 seheishet.
1040 2947 1066 2958 -
1084 2945 1110 2957 -
1127 2947 1153 2958 -

121 2997 142 3038 3.
154 2991 224 3037 etint
237 2991 365 3048 exenoturn
379 2991 471 3044 ieeinres
486 2999 586 3048 ternpore
605 2992 741 3037 serenissimi
756 2991 830 3036 tdotfi
850 2990 909 3043 neeis
922 2995 1081 3036 nonenoeunr.
1108 2996 1152 3037 do·

121 3059 190 3114 os'dit,
208 3067 233 3105 ut
252 3059 345 3116 quidem
363 3073 437 3105 nomes
456 3071 484 3104 ex
502 3061 609 3105 mendeto
622 3061 680 3113 renis
693 3062 716 3105 in
730 3061 831 3118 pertibus
845 3059 993 3105 orientalibus
1006 3059 1152 3115 praesideres.

120 3131 221 3176 nubente
233 3143 289 3175 vero
303 3137 405 3186 tenpore
417 3128 514 3175 ternotus
528 3129 618 3186 quidem
633 3144 660 3174 ee
674 3131 779 3186 prosapie
793 3129 891 3183 inititsri,
905 3128 967 3183 quod
979 3129 1089 3181 ιιιιίιιιιιι
1102 3129 1153 3175 rio·

120 3198 220 3252 deseret,
233 3197 356 3244 incusetur.
382 3199 426 3258 Qui
440 3207 518 3255 ceptus
531 3199 628 3243 rinoulis
642 3199 748 3251 inclusus,
762 3211 878 3253 quousque
891 3197 1000 3249 eogiteret
1014 3198 1043 3242 de
1056 3199 1153 3244 oonsilio

120 3268 230 3313 nobilium
249 3282 275 3313 so
293 3267 404 3323 uieitstis,
423 3281 480 3322 quse
499 3277 575 3313 oontre
594 3283 646 3312 eune
665 3275 725 3312 esset
744 3267 855 3312 sententie
873 3266 991 3319 finiende,
1009 3273 1032 3310 et
1051 3273 1155 3324 tenpore

121 3345 206 3382 stetuto
219 3349 297 3382 ornnes
310 3344 461 3383 convenerunt
476 3344 498 3380 et
511 3337 600 3388 juvenis
613 3337 724 3382 deduntus
737 3343 786 3389 est,
800 3335 839 3390 qui
852 3335 931 3379 intisne
944 3335 1042 3388 roserit,
1060 3343 1086 3380 ut
1099 3350 1157 3382 oon·

121 3405 228 3452 iitsretur.
253 3407 490 3460 tentamentum,
508 3405 602 3449 erudiens
616 3417 666 3450 eurn
681 3403 823 3450 innocentem
837 3418 887 3448 eune
900 3403 995 3448 invenit.
1021 3405 1086 3450 Unde
1099 3419 1153 3451 noe.

120 3474 194 3520 sessor
206 3487 258 3519 eunt
271 3473 371 3526 induxit,
390 3479 414 3516 ιιι
433 3474 514 3517 bsetee
530 3474 642 3518 tterberee
660 3480 794 3529 perpetuum
813 3472 930 3517 servitium
948 3478 1043 3516 voveret
1063 3489 1105 3518 nee
1122 3475 1153 3520 ed

120 3543 214 3588 dosnusrs
226 3541 313 3587 reniret
327 3555 368 3586 neo
381 3541 474 3595 rediret,
493 3542 537 3586 nisi
550 3542 612 3597 prius
626 3542 700 3586 louusn
713 3542 834 3596 Antiquom
850 3540 941 3585 coisnon
958 3539 982 3584 in
995 3541 1083 3588 Proseis
1095 3544 1152 3588 eisi-

120 3617 191 3663 teret.
204 3610 266 3666 quod
280 3617 303 3656 et
315 3609 403 3666 juvenis
416 3610 477 3657 fecit.
502 3616 589 3655 lnterse
603 3609 684 3654 molier
696 3609 796 3655 clemens
807 3609 915 3663 iudicium
928 3609 1053 3666 implenti·
1063 3613 1152 3666 jurensis

120 3681 150 3726 ed
168 3679 276 3734 iudiciuin
293 3679 389 3726 diruitur.
415 3679 488 3726 tuden
505 3679 592 3734 qneerit
606 3677 635 3723 de
647 3679 771 3724 sententie:
791 3678 881 3732 juvenis
893 3681 938 3734 jein
956 3679 1098 3726 tentasse
1112 3681 1152 3726 de·

121 3763 222 3807 sperens.
247 3747 344 3808 Quidem
358 3750 446 3802 innotus
463 3747 572 3801 sesessit,
588 3762 656 3804 quern
675 3759 742 3791 nenio
759 3746 837 3798 norit,
855 3749 975 3793 exhorteris
994 3751 1111 3805 juvenen,
1127 3761 1151 3796 ut

121 3816 217 3873 iudioem
234 3824 322 3872 rogaret
341 3817 414 3874 ipsunt
433 3831 497 3863 suurn
516 3819 611 3864 verbum
625 3817 695 3872 toqui.
721 3817 788 3874 Quod
799 3815 884 3861 Ieotuns
898 3823 940 3862 est.
965 3821 1028 3863 Tunc
1041 3826 1088 3864 tote
1102 3820 1152 3864 unis

120 3887 216 3931 versites
233 3888 341 3942 mounit,
360 3903 418 3942 quse
436 3894 459 3932 et
477 3887 574 3942 queiiter
592 3887 631 3932 itte
648 3887 768 3943 desponsus
787 3885 858 3930 veltet
876 3885 926 3938 ιιιί,
945 3893 968 3931 et
986 3888 1152 3934 rstionnbiiiter

119 3955 242 4001 ostendens
255 3955 388 4002 sententium
403 3957 513 4016 proletens
527 3965 603 4002 eontre
616 3959 784 4016 juvenen-esse
797 3953 894 4008 nollem,
914 3962 937 3999 et
955 3964 1084 4002 constenter
1096 3972 1151 4014 pro·

119 4026 189 4078 bens,
202 4024 263 4080 quod
277 4038 366 4078 omnes,
383 4035 430 4073 tene
442 4027 532 4073 nobiles
545 4037 612 4081 quesn
625 4024 688 4070 sires
701 4031 725 4068 et
738 4037 822 4074 ornnes.
835 4023 874 4077 qni
887 4024 988 4078 ederent,
1001 4024 1060 4070 iilud
1071 4040 1151 4072 rerunt

119 4107 169 4140 esee
182 4093 296 4142 dieebeni.
321 4101 348 4140 ts
361 4097 393 4140 sio
406 4097 539 4142 sententisns
553 4100 699 4147 revomunt,
718 4091 772 4148 quie
787 4092 845 4135 ultre
859 4091 980 4138 nunenun
995 4107 1084 4139 sensum
1097 4110 1151 4153 oro·

117 4163 183 4217 tulit.
201 4164 238 4209 eui
255 4163 331 4209 nulius
350 4166 503 4211 contrudiosre
522 4163 608 4223 potuit,
629 4171 650 4208 et
670 4162 724 4206 dune
742 4161 871 4217 preediotus
884 4161 972 4216 iuuenis
986 4169 1039 4206 nnte
1052 4165 1151 4216 tribune!

109 4234 242 4295 -ssistebet,
261 4248 318 4289 pree
336 4233 405 4279 nirnio
424 4235 506 4287 erudio
524 4240 665 4288 prosternere
684 4245 708 4276 se
727 4229 819 4284 votens,
842 4245 895 4275 oesu
915 4232 1008 4284 eccidit,
1025 4239 1048 4276 ut
1068 4233 1151 4280 cellurn

117 4303 199 4359 tudinis
212 4301 391 4360 enpteoteretur.
418 4302 485 4362 Quod
502 4301 606 4346 ridentes
624 4300 686 4346 servi
704 4300 785 4354 iudicis
802 4300 916 4345 hostiliter
933 4302 1043 4346 irruerunt
1056 4303 1079 4347 in
1092 4317 1151 4350 eure.

118 4377 167 4416 ιιοο
183 4379 249 4430 peter
266 4378 289 4416 et
308 4369 374 4415 eunici
392 4371 496 4416 ridentes
515 4371 629 4427 despereti
646 4371 726 4414 flentes
744 4378 768 4414 et
785 4369 936 4416 dementantes
957 4371 1022 4426 qussi
1038 4380 1150 4418 nortuum

118 4455 170 4484 eum
182 4441 326 4497 reliquerunt.
353 4440 420 4498 Quod
434 4439 560 4492 inrettieens
574 4437 690 4485 consessor
704 4439 842 4484 confidenter
854 4439 932 4486 enticis
945 4440 992 4486 sels
1005 4441 1047 4485 sits
1065 4457 1150 4496 neque·

118 4523 184 4563 quesn
203 4507 235 4555 sio
254 4509 283 4555 de
302 4509 417 4555 benefieiis
437 4509 516 4555 beetee
534 4510 646 4554 derberee
664 4507 789 4562 diffiteris,
805 4507 858 4565 quie
875 4509 988 4557 renssiter
1003 4510 1063 4563 seio.
1088 4511 1151 4567 quod
