2828 5302
140 467 216 543 Cap.
239 464 356 524 xxvii.
402 465 445 524 De
466 475 566 524 saneto
588 463 720 524 iohanne
739 463 975 524 Eleemesinnn'o.
1038 465 1097 526 tet

56 633 154 682 terunt.
191 624 289 682 liniens
307 623 424 680 homiues
442 622 476 678 si
494 622 677 681 eleemosinam
696 625 809 680 inuitare
826 638 935 681 nemore
951 629 1097 692 consueuit,

57 725 129 798 quoti
147 724 309 797 pauperibus
332 724 413 780 semel
432 740 461 779 ss
481 723 514 778 aul
533 723 614 781 solent
634 724 851 782 calefacientibus
868 733 1011 797 coeperunt
1030 729 1097 782 iuni-

56 845 112 884 τοι
132 827 165 884 ule
183 824 445 883 eleemosinutoriisns
462 825 583 881 eorrierre
601 831 628 880 et
645 824 729 880 benus
747 825 898 882 collaudare
916 830 943 882 et
957 827 1042 883 maios
1057 831 1096 884 ti-

57 937 192 1000 tuperare.
212 925 277 982 Erat
295 931 381 981 euntem
400 925 505 998 quidam
524 925 684 980 telonearius
703 927 805 982 nomine
818 925 921 991 Petrus,
934 926 1008 983 tllues
1020 929 1097 988 ualle

57 1037 85 1084 ei
103 1037 280 1100 praepotens,
298 1024 346 1082 sed
364 1028 440 1081 nimis
459 1024 619 1098 pauperihus
638 1026 837 1092 immisericors,
861 1027 925 1098 qula
943 1027 977 1082 aul
994 1027 1096 1086 nouum

57 1143 133 1184 suum
151 1127 306 1183 aecedentes
325 1141 381 1180 eum
399 1125 580 1198 indignatione
598 1128 677 1180 niuniu
696 1126 849 1198 repellebat.
875 1125 938 1182 Gnru
956 1143 1022 1203 ergo
1039 1132 1097 1188 nnl-

58 1229 100 1284 lus
119 1228 222 1282 illorum
240 1229 361 1280 iuuentus
378 1225 487 1292 inisset,
514 1228 557 1298 spel
573 1228 601 1282 ia
620 1226 697 1281 domo
714 1241 764 1280 sna
780 1225 963 1284 eleemosinam
981 1234 1097 1301 resepto-

58 1335 117 1394 set,
142 1343 208 1382 nurus
225 1327 328 1382 illorum
346 1325 427 1383 dixit:
452 1325 514 1399 quin
534 1326 612 1380 vultis
627 1324 689 1386 milui
707 1324 787 1392 dare,
805 1327 828 1382 si
847 1340 898 1400 ego
916 1326 995 1386 hodie
1012 1329 1046 1386 ab
1065 1349 1098 1388 eu

58 1429 244 1484 eleemosinam
261 1427 422 1498 ascipiumi'
443 1424 477 1481 lit
495 1426 652 1482 laetentibus
670 1441 727 1482 snm
748 1441 779 1481 eo
797 1431 899 1497 paetum
919 1427 1020 1484 domum
1039 1433 1097 1504 ejus

59 1530 175 1585 renitet
193 1527 375 1584 eleemosinam
393 1525 546 1596 postulauit.
565 1527 600 1582 At
617 1526 662 1582 ille
680 1524 782 1580 domurn
800 1531 935 1584 reveniens
953 1534 980 1586 et
997 1546 1096 1605 paupe-

60 1645 113 1685 rem
132 1645 197 1701 prae
218 1627 318 1682 leubus
337 1626 437 1690 uidens,
454 1639 511 1680 euru
529 1627 683 1698 rnaneipinm
700 1626 758 1697 ejus
776 1639 858 1696 panes
875 1627 990 1701 siliginis
1006 1632 1032 1686 iu
1048 1631 1096 1686 tlo-

59 1746 127 1784 mnun
151 1728 282 1794 desineret,
316 1726 362 1782 illo
385 1725 498 1798 lapidem
519 1743 570 1782 non
588 1727 723 1782 inveniens
743 1741 835 1798 ponem
853 1726 967 1802 siliginis
986 1735 1098 1803 arripuit
1210 1803 1211 1808 η

58 1836 85 1884 et
103 1844 161 1883 enm
181 1828 269 1884 iurare
288 1827 348 1882 innle
367 1841 424 1884 enm
443 1828 587 1898 percussit,
619 1841 694 1897 quern
712 1828 832 1898 protinus
851 1831 980 1901 arripiens
996 1847 1098 1904 pauper

60 1929 94 1984 aul
114 1932 203 1984 soeius
221 1927 298 1986 rediit
316 1934 357 1995 et,
377 1925 448 1999 qnod
464 1927 497 1982 de
515 1942 591 1982 matun
610 1926 794 1981 eleemosinam
812 1931 929 2000 aceepit,
963 1931 1096 1991 trutinavit.

60 2028 209 2084 Postulans
228 2029 285 2084 alies
311 2027 454 2083 infirmatus
476 2025 511 2082 ud
536 2031 644 2082 nonem
668 2026 732 2082 uislit
757 2044 787 2084 se
805 2035 866 2085 ante
879 2028 1007 2100 juulioinrn
1024 2039 1098 2092 stare

58 2133 86 2184 et
102 2129 214 2185 ilanreu
231 2127 357 2202 quosdam
376 2143 456 2199 super
471 2132 596 2184 stateram
615 2128 673 2200 ejas
690 2127 760 2184 mala
776 2129 944 2201 appendere,
960 2147 993 2188 ex
1013 2134 1098 2192 sltere

58 2236 146 2285 entem
165 2235 241 2301 parte
259 2235 376 2286 staterae
394 2227 499 2300 ostoun
519 2227 636 2285 dealbati
652 2229 743 2284 tristes
763 2228 884 2297 stabam,
917 2246 949 2288 eo
969 2233 1040 2304 quod
1057 2237 1096 2290 ni-

61 2331 113 2392 iil.
148 2329 219 2404 qnod
239 2329 274 2384 ibi
294 2336 471 2402 apponerent,
506 2331 624 2386 inuenire
648 2327 780 2386 valebant.
833 2329 906 2386 Tune
923 2347 991 2389 nnus
1008 2349 1096 2396 eorum

60 2431 141 2486 dixit:
169 2447 231 2488 tere
251 2429 315 2484 anilii
332 2429 477 2499 liniemus,
503 2431 554 2486 uisi
574 2445 649 2484 utrum
667 2443 759 2500 panem
779 2429 911 2506 siliginis,
941 2449 1018 2506 quem
1036 2441 1098 2492 ante

60 2533 127 2588 einos
146 2531 204 2588 dies
222 2531 328 2586 cinisio
346 2529 418 2586 delii
434 2538 559 2596 eoaeins;
596 2545 671 2600 qoem
692 2529 751 2584 rium
774 2547 855 2602 super
872 2537 998 2590 stateram
1015 2551 1098 2608 pune·

60 2641 127 2694 reni.
148 2632 307 2705 aequalitas,
327 2635 355 2684 ot
372 2629 423 2685 stit
443 2630 596 2696 sitiebatur,
615 2628 686 2685 lania
701 2637 751 2686 est.
785 2629 913 2687 ltirermt
930 2635 970 2690 ei:
993 2635 1098 2710 adauge

61 2733 96 2789 nd
113 2733 246 2806 siliginem
265 2730 341 2799 lanu,
361 2730 479 2803 alioquin
497 2737 523 2787 te
541 2729 629 2786 lluuri
646 2727 852 2801 apprehendent
884 2730 1033 2806 Evigilatns
1051 2752 1098 2793 an·

62 2842 111 2890 ton
131 2839 159 2890 et
175 2832 304 2889 itineratus
325 2831 443 2886 dicebat:
468 2845 571 2903 papae,
595 2833 619 2887 sl
637 2846 689 2886 uns
706 2831 801 2903 siligo,
826 2847 902 2905 quam
919 2850 967 2906 per
984 2835 1097 2893 leronem

57 2937 175 3007 juetam,
198 2935 236 2987 ita
254 2932 369 3005 proluit,
392 2933 594 3005 quantomagis
612 2931 699 2985 urnula
716 2946 766 2986 sua
784 2909 1097 3010 indigentibus'elarglri.

60 3036 179 3101 Quadam
197 3037 279 3108 igitur
294 3032 337 3088 uile
353 3048 410 3088 sum
428 3033 534 3103 optimis
552 3029 670 3087 uestibus
690 3030 795 3088 inlutus
813 3048 861 3103 peu
879 3034 947 3089 uiam
965 3043 1099 3110 pergeret,

60 3136 166 3209 ualeam
183 3135 329 3205 naufragus
347 3131 381 3187 ab
399 3149 431 3188 eo
451 3133 629 3188 uestimentum
649 3131 757 3204 aliquod
774 3131 943 3204 postulabat,
977 3139 1099 3192 continno

59 3237 105 3294 ille
123 3236 242 3309 pretioso
261 3235 416 3291 vestimento
435 3247 464 3289 se
482 3229 643 3303 exspoliavit
660 3237 687 3286 et
704 3231 743 3287 illi
761 3231 842 3289 tletllt.
894 3233 968 3300 nonu
988 3235 1033 3292 illo
1054 3252 1099 3292 se-

59 3340 160 3410 eiplsus
186 3336 274 3390 statim
301 3332 425 3390 uendidit.
480 3331 543 3388 tinus
569 3337 655 3388 auteur
679 3331 841 3390 telonearius
858 3333 958 3391 rediret
974 3339 1001 3391 et
1018 3341 1099 3393 uesti-

60 3443 174 3494 mentum
191 3451 346 3506 suspensum
365 3433 481 3502 uideret,
501 3432 671 3488 contristatus
690 3438 732 3488 est
753 3431 846 3503 ualde,
865 3434 932 3490 euleu
951 3441 979 3491 ut
996 3452 1044 3492 nes
1061 3439 1099 3492 ei-

62 3537 122 3593 luum
142 3551 246 3592 sumere
265 3535 346 3591 uellet
361 3533 465 3592 disens:
489 3534 611 3606 qnoniam
630 3546 682 3587 non
701 3531 738 3587 lui
755 3533 868 3606 ergnos,
886 3541 916 3590 nt
934 3538 986 3593 mel
1003 3553 1100 3594 rueme-

61 3642 127 3694 riam
146 3635 257 3692 iuberet
274 3651 382 3710 egenus.
416 3633 451 3691 Et
468 3650 529 3690 eeoe
547 3630 606 3688 dum
623 3630 764 3702 dormiret,
783 3634 849 3688 uidit
867 3635 1004 3707 quemdem
1019 3652 1101 3710 super

61 3739 144 3795 sule·
164 3734 307 3810 fulgentem
324 3741 350 3792 et
368 3750 449 3807 super
465 3740 544 3806 eaput
562 3747 663 3790 erucem
682 3732 807 3790 lerentoru
825 3739 852 3790 et
870 3732 1024 3804 umentem,
1057 3740 1099 3794 in·

61 3839 152 3894 dutum
172 3836 360 3902 uestimentum,
379 3835 450 3908 qtroul
468 3835 578 3891 delerat
596 3850 690 3908 egeno,
707 3839 735 3888 et
751 3832 856 3891 diesim
873 3833 940 3891 sibit
959 3837 1021 3908 quial
1041 3837 1099 3911 plu-

61 3955 107 3996 ras
124 3937 224 3996 Petrei
259 3933 309 4001 Qui
326 3953 382 3991 eon
400 3951 505 3992 cansam
524 3950 590 3992 snae
607 3937 731 3990 tristitiae
755 3933 807 3988 sibi
825 3933 951 4004 dixisset,
985 3936 1031 3993 ille
1048 3939 1099 3994 alt:

60 4041 203 4112 eognosoia
221 4037 292 4094 lnoe‘l
325 4036 359 4092 lit
378 4038 436 4094 ille:
464 4038 543 4092 etiam
562 4035 673 4092 alumine.
708 4033 742 4090 Et
759 4033 878 4091 (lominus
894 4033 929 4090 sat
946 4051 1018 4092 enm:
1053 4037 1099 4093 ilio

61 4156 115 4213 ego
134 4140 249 4206 vestior,
287 4155 319 4196 et
338 4154 390 4212 quo
406 4136 467 4192 milri
486 4135 598 4203 desiisti,
633 4142 660 4192 et
676 4137 779 4208 gratias
797 4149 849 4208 ugo
867 4134 953 4192 ionas
972 4135 1099 4192 uoluntati

62 4250 133 4308 roae,
152 4241 275 4312 qnoniam
295 4239 395 4312 luigero
413 4236 556 4310 affligebar
573 4243 600 4294 et
616 4237 778 4308 cooperuisti
798 4251 848 4293 me.
879 4233 908 4291 la
924 4249 955 4292 so
973 4251 1039 4309 ergo
1057 4251 1100 4294 rs·

63 4355 156 4396 seusus
172 4341 261 4412 coepit
278 4355 379 4412 egenos
398 4335 550 4394 beaiilioare
567 4336 715 4393 aedicere:
739 4337 805 4392 uiuit
821 4335 956 4405 dominus,
975 4352 1027 4392 non
1044 4351 1100 4393 ιο-

63 4445 132 4510 riar,
151 4440 235 4498 dunen
253 4439 311 4495 iam
328 4455 395 4494 unns
413 4454 445 4494 en
464 4440 505 4496 iis.
531 4437 603 4495 Dana
620 4451 686 4512 erge
702 4433 872 4510 paupertinus,
891 4434 1099 4510 quaeramini.
