2828 5302
315 478 375 544 lto
417 483 489 561 Cup.
514 478 655 540 xxxvtt.
683 479 728 538 De
749 476 946 558 purificatione
969 477 1068 538 beutoe
1089 475 1200 536 Marios
1221 476 1343 554 virginis.

317 639 438 706 sororios,
456 638 659 712 subdiaconum,
677 637 818 709 druoouutu
838 643 864 693 ot
881 637 1042 698 socerdotetu
1060 639 1142 694 rueris
1161 636 1269 692 todutos
1289 652 1344 692 rer-

317 737 387 796 tiirus
404 738 437 792 ed
457 737 540 793 attero
558 735 887 810 momentorumque
905 737 1041 792 otiosorum
1059 736 1197 792 sotteuuio
1213 734 1345 792 odrina

317 836 443 893 rodentes.
479 835 623 894 Videbatur
639 841 724 891 eutero
742 834 809 902 sibi,
843 835 912 908 qood
930 836 1020 892 oooliti
1038 842 1126 892 esseut
1152 835 1306 892 Vincentius
1324 842 1347 892 et

318 935 493 1003 Laurentius,
520 935 651 1007 dyaconus
669 941 695 990 ot
713 932 894 1004 subdyoeouus
912 933 963 990 duo
982 935 1069 1007 rugeli
1081 977 1089 1012 ,Ἴ
1113 941 1140 992 et
1157 935 1286 992 sacerdos
1303 951 1345 990 orr-

319 1042 370 1090 teor
388 1033 515 1091 Christus.
555 1033 636 1090 Fuoto
654 1039 739 1090 eutero
758 1035 925 1089 oouiessioue
943 1032 995 1090 duo
1014 1033 1180 1105 pulcherrimi
1194 1035 1308 1106 joreues
1325 1037 1348 1088 iu
1405 1038 1406 1063 ¹

321 1133 430 1190 ruediuru
448 1133 521 1190 elteri
536 1137 624 1190 terunt
639 1139 666 1189 et
682 1133 794 1188 osticium
812 1134 908 1189 missae
925 1134 980 1190 utto
999 1148 1063 1190 tuoe
1080 1139 1108 1189 et
1125 1132 1297 1189 devotissime
1313 1135 1348 1188 io-
1404 1139 1405 1144 ’

320 1239 445 1305 oeperunt
462 1238 489 1290 et
505 1235 618 1298 coeteri,
637 1235 681 1304 qut
700 1233 726 1286 io
742 1231 823 1288 ehoru
841 1239 930 1302 orout,
949 1229 1148 1304 prosequuntur.
1184 1232 1249 1288 coru
1267 1237 1348 1288 auten

321 1332 355 1388 ud
374 1333 531 1391 obiotiooeor
550 1337 650 1387 uenturo
672 1330 775 1399 suisset,
793 1333 886 1404 regine
904 1334 1031 1405 uirginum
1050 1339 1077 1388 et
1092 1338 1215 1388 coeterae
1235 1333 1349 1405 uirgines
1407 1377 1408 1384 ,

322 1447 379 1487 ouor
396 1432 473 1500 eliis,
491 1434 535 1504 qui
552 1437 627 1489 erent
644 1432 670 1485 to
685 1429 780 1497 choro,
799 1445 890 1486 cereos
909 1446 971 1486 euos
988 1431 1135 1500 uuerden,
1154 1438 1183 1486 ut
1202 1433 1284 1487 moris
1302 1438 1349 1496 est,

323 1530 398 1587 deris
414 1532 534 1605 genubus
551 1529 716 1596 obtuterurt,
734 1543 790 1584 ouur
809 1535 894 1586 suteor
910 1530 1034 1586 saeerdos
1053 1531 1123 1586 iituur
1142 1537 1288 1586 uuotrouuru
1306 1547 1349 1586 eu-

323 1637 470 1702 speuturet,
489 1637 517 1688 ut
533 1632 584 1688 silui
601 1644 703 1687 eereuor
722 1644 794 1684 eursu
813 1629 935 1696 offerret,
954 1637 981 1686 et
1000 1631 1046 1684 itio
1065 1633 1103 1687 ire
1121 1630 1212 1698 ooliot,
1229 1633 1302 1686 nisit
1320 1631 1351 1686 ud

324 1745 380 1786 euru
396 1733 489 1805 regios
505 1733 632 1805 uirgiouru
651 1730 845 1802 pereuntium,
872 1729 941 1801 quod
957 1732 1126 1787 rusticitatem
1144 1731 1260 1796 fuceret,
1285 1731 1351 1803 quod

324 1831 486 1887 oooordotoru
507 1829 606 1886 teudiu
627 1839 780 1904 exspectare
804 1833 972 1901 permitteret.
1025 1829 1074 1886 ΙΙΙι
1099 1837 1184 1886 eutero
1207 1828 1351 1902 rospondit,

325 1930 395 2002 quod
418 1929 543 1987 socordes
567 1933 592 1986 iu
617 1935 698 1987 nisse
720 1945 769 1986 ouo
793 1929 961 2000 prou-odoret,
996 1931 1058 2002 quie
1084 1944 1186 1986 eorerru
1211 1945 1287 1986 truso
1303 1928 1352 1986 sibi

324 2044 376 2085 uou
394 2029 508 2086 offerret.
544 2029 726 2088 Tooetteruor
743 2036 835 2103 regino
852 2029 930 2084 odiu·
947 2031 1062 2084 uoutiuor
1079 2030 1157 2096 misit,
1175 2031 1218 2086 rut
1235 2030 1354 2086 struititer

326 2128 373 2184 tttu
391 2129 544 2200 respoudit,
562 2129 631 2202 quod
647 2147 749 2187 eereurt
767 2130 819 2186 ribi
833 2131 921 2184 dotuur
939 2130 1043 2201 peritus
1060 2126 1123 2182 ouilt
1141 2126 1232 2197 duret,
1257 2129 1305 2186 red
1322 2130 1353 2184 tt-

326 2227 377 2282 turo
396 2244 428 2285 ex
446 2228 585 2286 deuotione
602 2236 710 2287 teneret.
746 2229 847 2303 Regios
865 2235 950 2284 auteur
966 2229 1095 2300 uirginum
1113 2231 1203 2285 nuntio
1219 2231 1355 2302 proeoepit

327 2328 431 2400 diceus:¹
455 2328 522 2384 rode
540 2335 566 2386 et
585 2330 677 2385 iterun
696 2344 752 2386 eoru
770 2343 852 2402 roge,
870 2334 899 2382 ut
916 2342 1017 2384 orreum
1035 2327 1129 2383 otterot
1151 2329 1178 2397 ¹)
1195 2331 1219 2384 si
1235 2345 1289 2384 uou
1309 2345 1354 2384 ou-

325 2436 392 2496 toor,
429 2430 512 2501 ipsuru
536 2429 568 2486 do
586 2428 704 2486 moribus
727 2432 784 2502 ejus
803 2429 930 2484 rioteutor
946 2426 1061 2482 uuieros.
1116 2427 1229 2502 Cumque
1251 2431 1355 2484 roudus

327 2527 421 2584 ivisset
438 2533 465 2584 et
482 2528 529 2584 illa
545 2535 681 2603 rogantem
701 2528 792 2586 uudire
812 2533 960 2594 recusaret,
984 2525 1051 2582 dixit
1068 2541 1097 2582 se
1117 2529 1143 2583 iu
1161 2525 1292 2583 mundetis
1307 2526 1354 2590 iro·

328 2625 401 2696 bero,
419 2633 447 2682 ut
462 2629 546 2698 ipsum
564 2629 599 2685 uir
617 2644 650 2686 eo
667 2629 795 2685 violenter
811 2626 934 2684 esser-ret.
968 2626 1041 2681 Touo
1058 2627 1103 2683 ttte
1120 2641 1176 2682 euro
1186 2642 1284 2700 mogus
1301 2629 1355 2682 rio—

328 2726 411 2784 leutie
427 2743 529 2786 oereuor
548 2731 631 2802 ipouro
651 2730 755 2786 outerre
773 2727 932 2794 corrobatur,
968 2726 1014 2782 utta
1032 2731 1117 2782 sutoro
1141 2725 1237 2782 iortiur
1250 2727 1357 2783 teoobst

330 2832 356 2883 et
374 2843 403 2884 so
420 2829 530 2886 virilitor
550 2829 723 2896 defendebat,
758 2843 866 2900 ottoque
890 2827 971 2902 tougrr
993 2826 1067 2883 deret
1090 2827 1228 2882 etteroutio
1251 2833 1279 2882 et
1298 2826 1357 2882 hioo

330 2928 390 2985 iude
405 2945 497 2986 eureus
517 2930 653 2986 uiolentius
671 2927 833 2993 traheretur,
869 2924 955 2982 subito
973 2941 1064 2982 cereus
1084 2927 1182 2982 tractos
1200 2931 1286 2982 estet
1304 2942 1357 2982 ure·

330 3028 415 3084 dietas
433 3031 458 3084 iu
478 3044 553 3089 ruauu
570 3031 651 3085 nuntii
670 3034 696 3084 et
712 3027 766 3084 eliu
788 3025 914 3081 medietas
940 3027 967 3080 iu
984 3041 1059 3081 uuor
1076 3029 1159 3098 ipsius
1177 3026 1298 3082 deutoro
1315 3041 1357 3082 re·

331 3131 431 3184 meruit.
483 3127 525 3185 itt
550 3127 617 3184 deuo
641 3131 723 3202 igitur
744 3125 919 3184 uehementem
938 3124 1090 3182 iraotioueur
1106 3126 1154 3182 utta
1171 3127 1259 3183 subito
1278 3127 1312 3182 od
1329 3143 1359 3184 so

331 3229 410 3284 rediit
427 3234 454 3284 ot
470 3243 500 3284 so
515 3231 594 3302 iustu
610 3230 711 3296 eltuto,
744 3225 789 3282 ubi
806 3241 836 3282 so
856 3231 997 3298 posuerat,
1031 3228 1166 3283 tureoieus
1182 3243 1285 3284 orreum
1304 3227 1360 3284 iru-

330 3335 397 3385 ctuor
416 3330 441 3383 iu
459 3343 534 3383 uranu
551 3342 601 3383 suu
620 3331 727 3400 reperit,
746 3326 779 3384 do
797 3341 849 3399 quo
869 3324 944 3382 ratde
962 3324 1093 3382 edurtruoe
1110 3328 1362 3402 irrorerrresgrutius

331 3427 427 3506 beatur
445 3429 540 3500 virgini
559 3426 681 3496 reddidit,
700 3442 769 3501 queo
785 3441 843 3483 eoru
860 3426 918 3481 siue
935 3427 1016 3482 ruisse
1033 3425 1080 3481 ilie
1097 3425 1139 3482 dio
1157 3443 1292 3484 rrroourre
1308 3445 1362 3484 ooo

332 3531 464 3600 perdidt,
499 3526 545 3584 sed
563 3527 611 3584 teti
634 3529 721 3584 officio
741 3529 868 3584 iuteresse
887 3525 956 3581 iecit
1008 3523 1059 3581 tite
1075 3532 1160 3582 eutero
1179 3543 1281 3586 uereuor
1299 3527 1362 3583 diti·

331 3634 425 3702 genter
443 3631 561 3700 reposuit
577 3633 605 3684 et
620 3645 668 3700 pro
686 3630 805 3684 morinis
820 3616 939 3699 reliquiis
962 3629 1122 3693 reservarit,
1152 3625 1199 3684 sed
1214 3633 1242 3684 ot
1260 3642 1362 3693 osores,

333 3738 361 3784 ut
378 3728 487 3794 dieitur,
511 3731 555 3801 qui
574 3734 632 3786 tuoe
648 3728 825 3802 tangebantur
840 3727 873 3784 de
891 3742 939 3794 eo,
964 3741 1159 3800 equorumque
1176 3726 1363 3784 detinebuntur

332 3831 494 3895 irrtiruritete,
529 3833 649 3902 protinus
666 3828 851 3885 liberabantur.
875 3859 909 3871 —
929 3857 962 3870 ·-
981 3857 1012 3870 -
1029 3833 1065 3910 ⁸⁰.
1081 3825 1214 3892 Queoduur
1232 3827 1288 3884 editt
1305 3843 1361 3884 rue·

331 3937 408 3996 trouu
426 3945 480 3986 euru
500 3935 572 3987 esset
589 3928 716 4003 gravide,
744 3929 855 4002 quedem
874 3935 950 3984 noete
967 3929 993 3985 io
1011 3930 1107 3984 sonnis
1128 3925 1237 3986 rtdttse
1255 3933 1364 3999 pertore

333 4029 462 4103 quoddam
482 4031 612 4098 uexillum,
631 4028 700 4103 quod
718 4029 807 4084 ootoro
824 4031 970 4103 sanguineo
989 4034 1046 4084 eret
1064 4031 1178 4084 tiuotuu.
1222 4025 1362 4099 Erigitur

332 4134 417 4187 eutero
435 4134 557 4188 ooutirruo
574 4146 677 4188 reorum
695 4131 796 4197 omisit,
822 4145 898 4202 quaer
915 4127 1043 4202 droboirur
1064 4128 1131 4184 odeo
1148 4125 1317 4194 ludificabat,
1336 4135 1365 4184 ot

334 4230 466 4288 rideretur
483 4232 548 4300 silui,
586 4229 655 4304 quod
673 4228 840 4286 christiannos
860 4228 948 4298 iden,
984 4245 1060 4303 quun
1082 4228 1205 4285 haetenus
1224 4227 1365 4298 debueret,

381 4454 403 4506 t)
416 4457 450 4521 lto
463 4452 543 4509 seipsi
556 4451 675 4507 aliquoties
689 4466 716 4498 ex
730 4449 774 4496 ete
788 4451 838 4496 iibr.
851 4457 893 4508 pto
905 4449 993 4503 vulturi
1007 4447 1104 4495 tertioue
1116 4449 1170 4493 sior.
