2828 5302
186 499 188 502 Ι
310 409 386 489 Cep.
407 409 485 468 xtv.
528 410 574 470 De
602 411 756 490 epiphanie
776 411 894 476 demini.
1079 415 1118 479 87

76 565 277 633 ebserreinrrt,
305 573 335 621 ut
350 566 436 622 fueret
454 568 486 623 de
504 567 581 624 deute
601 569 709 625 suerri
728 570 800 626 uliud
820 571 991 644 quodeunque
1007 573 1117 632 ireneia-

74 671 145 719 etun
161 665 273 724 cuilibet
290 670 389 738 petenti
407 683 458 722 ιιιιιι
477 666 629 722 tribuerent
649 667 809 739 Dyeboiieas
827 672 906 728 etiem
927 675 951 739 ¹)
966 678 1069 729 sirenes
1089 682 1116 729 et
1196 723 1200 732 .

74 763 111 818 eit
129 765 193 820 siiis
210 769 342 837 recipiunt
359 774 386 821 et
402 765 462 820 eiiis
480 765 593 821 tradunt
621 768 676 822 titt
697 770 723 820 in
739 774 816 824 noete
835 785 938 826 menses
955 769 1025 826 ieute
1038 786 1115 843 pree-

77 870 175 935 pareut
192 870 219 920 et
236 867 275 920 sie
291 872 348 920 tute
365 870 441 920 reete
458 879 564 920 merere
582 867 684 932 sinunt,
708 866 861 935 eredentes,
881 868 951 940 qued
968 885 1016 940 per
1033 876 1113 926 tetum

77 977 172 1018 ιιιιιιιιω
191 967 313 1019 eserieie
330 967 356 1020 tu
373 964 421 1019 teii
441 963 494 1021 sihi
512 962 674 1020 ubundertie
691 973 869 1036 perseverent.
903 966 937 1026 Et
953 969 1042 1025 subdit
1060 971 1113 1028 itu-

56 1064 215 1134 pristinus:
243 1065 286 1134 uui
305 1063 338 1119 de
354 1078 518 1136 paganorum
535 1063 723 1120 eonsuetudirre
741 1065 841 1137 eiipuid
860 1066 1003 1123 obseruare
1024 1067 1115 1124 relue-

76 1164 127 1228 rtt,
156 1165 184 1228 ¹)
202 1162 340 1218 timendum
359 1169 415 1228 est,
446 1178 479 1217 ue
497 1177 589 1218 nomer
606 1161 742 1219 christiani
761 1166 786 1220 ei
803 1165 931 1235 prodesse
949 1182 1001 1220 ιιοιι
1018 1169 1112 1238 pessit.

74 1259 126 1323 tiri
150 1263 230 1316 etiuur
255 1262 344 1318 stultis
370 1260 516 1316 homiuibus
540 1260 689 1318 ludentibus
715 1263 829 1335 aliquem
852 1263 1038 1320 humanitatem
1064 1268 1112 1320 iru-

74 1359 215 1431 perierit,
239 1363 339 1432 petenti
358 1376 447 1416 eurum
464 1363 618 1433 participem
635 1376 665 1416 se
684 1377 744 1418 esse
762 1378 813 1417 ner
830 1362 946 1419 dubitet:
969 1362 1046 1420 retu
1064 1379 1109 1446 ιιι-ΙῚ

71 1467 142 1528 terr,
169 1460 281 1527 traua,
304 1474 356 1516 uer
373 1457 501 1527 sufficiet,
527 1459 597 1531 qued
614 1475 667 1517 ιιοιι
684 1459 736 1518 hee
752 1462 968 1530 maturitatis,
987 1461 1034 1520 sed
1053 1462 1108 1518 uiri·

72 1572 178 1631 eurique
195 1559 251 1616 ten·
263 1557 396 1626 ridebitis,
414 1561 530 1632 arguite,
547 1562 683 1634 corrigite,
702 1565 842 1635 eestigete
860 1561 1110 1636 iieeedugustirue.

487 1767 702 1782 m

477 1949 572 2045 tii.
613 1949 698 2045 tit.

297 2103 371 2171 lie
399 2098 660 2187 epiphanie
691 2097 887 2172 domini·

142 2260 292 2334 Epiphania
310 2260 408 2319 demini
428 2236 591 2336 quadruplici
616 2264 756 2320 tereretur
778 2263 904 2319 ruirueule
923 2266 951 2316 et
965 2259 1025 2316 idue
1044 2275 1109 2332 que·

71 2359 187 2432 drupiiei
204 2361 333 2418 rueebuie
348 2369 520 2434 nuncupetur.
562 2363 644 2418 iiedie
661 2365 729 2418 euim
747 2365 819 2436 megi
837 2361 967 2418 Christum
986 2359 1108 2426 ederent,

70 2453 361 2518 tererestereres
385 2461 520 2532 baptizet,
557 2479 651 2536 aquare
676 2465 703 2518 iu
725 2464 810 2518 urum
832 2459 957 2517 ‘Christus
981 2463 1064 2513 mutet
1083 2465 1113 2517 et
1190 2512 1191 2516 ,

73 2562 189 2631 quinque
206 2559 287 2614 mitiis
305 2558 485 2616 irmintrude
503 2563 617 2634 quinque
635 2564 747 2633 peribus
765 2565 854 2618 sttiet
896 2559 958 2616 eun
977 2558 1044 2616 euim
1063 2555 1107 2613 Je-

71 2674 119 2714 sus
138 2637 210 2713 esset
232 2659 357 2716 tredecim
381 2659 498 2732 dierum,
537 2664 606 2734 megi
631 2660 665 2716 ed
683 2677 740 2716 eun
758 2661 838 2716 stetis
855 2655 921 2714 duee
939 2661 1067 2714 venerunt
1083 2662 1109 2710 et

72 2756 134 2812 iude
152 2755 247 2812 dieitur
261 2757 412 2829 Epiphuuie
428 2761 463 2813 eb
479 2762 539 2831 epi,
558 2761 628 2832 quud
646 2768 688 2816 ert
703 2772 799 2831 supra,
818 2764 845 2813 et
861 2757 982 2828 pheres,
1000 2755 1109 2826 rpperi-

71 2857 126 2924 tio,
163 2859 226 2927 quie
247 2863 308 2912 ture
325 2857 440 2928 desuper
456 2859 534 2914 stella
550 2863 675 2931 apperuit
691 2863 748 2915 sire
765 2861 824 2931 ipse
844 2857 964 2914 ctrirtus
980 2869 1028 2926 per
1044 2849 1107 2908 stel-

72 2957 142 3023 im,
173 2971 242 3027 quue
259 2955 373 3027 desuper
392 2957 451 3011 risu
468 2964 523 3026 est,
559 2961 644 3031 retegis
662 2974 739 3015 verus
757 2957 828 3013 Deus
845 2955 1038 3012 demonstretur
1055 2958 1105 3006 est

72 3053 171 3110 Esderr
197 3054 240 3110 die
264 3055 392 3110 revolutis
415 3058 508 3129 viginti
531 3072 623 3113 neven
648 3059 724 3114 eruis
748 3071 805 3111 euru
819 3057 875 3126 jeru
892 3067 986 3109 ιιιιιιιιιιι
1004 3050 1103 3105 trieeri-

73 3170 140 3208 uuuer
157 3149 301 3227 e'ttigisset,
320 3157 382 3225 quia
401 3153 517 3212 terebat
533 3158 626 3229 uiginti
645 3171 738 3212 uereru
759 3171 842 3211 eurus
861 3160 887 3214 et
896 3150 1022 3210 tredecim
1034 3147 1106 3214 diest

71 3259 131 3308 eret
147 3254 214 3307 etrier
232 3254 361 3323 irripiens
378 3255 455 3325 queri
471 3270 596 3310 senorum
613 3257 737 3328 triginta,
754 3261 783 3310 ut
800 3253 861 3309 dieii
881 3253 983 3316 Lucet,
1001 3246 1044 3306 uei
1063 3261 1107 3302 se-

71 3350 182 3407 eundum
199 3350 312 3407 Bedere:
329 3350 446 3407 habebut
461 3354 571 3426 trigiute
589 3369 673 3410 erues
694 3354 797 3425 pierres,
816 3350 886 3424 qued
900 3357 927 3407 et
941 3361 1049 3404 remane
1063 3358 1103 3400 ee·

70 3453 154 3506 etesia
171 3453 274 3506 essem,
311 3450 401 3521 Tune,
419 3453 540 3524 inqueru,
559 3455 586 3507 iu
601 3451 717 3510 tortere
734 3452 885 3523 baptizetur
903 3455 944 3506 esi
962 3443 1106 3508 stetten

73 3549 370 3620 roraturtteopterts
388 3563 405 3604 e
422 3549 510 3618 theos,
529 3549 599 3623 quud
617 3551 747 3619 estiterit,
765 3558 793 3608 et
811 3566 828 3606 e
846 3549 957 3622 pheres,
976 3543 1046 3618 qued
1065 3550 1107 3599 est

69 3652 219 3723 rpperitie,
238 3650 303 3720 quie
319 3654 381 3703 turre
395 3654 452 3703 tots
466 3651 571 3706 trinitus
590 3653 728 3721 apperuit,
754 3658 832 3723 peter
849 3650 876 3705 in
894 3661 974 3713 vete,
993 3644 1061 3698 titius
1079 3642 1105 3694 in

69 3764 165 3816 earne,
183 3749 292 3820 spiritus
311 3749 338 3802 iu
355 3746 492 3804 culumbae
509 3751 606 3819 specie.
641 3747 702 3820 lpse
719 3750 811 3804 iterum
830 3748 890 3817 die,
917 3743 1036 3802 revoluto
1055 3754 1106 3793 ιιιιο

69 3863 150 3917 ιιιιιιιι,
166 3852 309 3904 sumerset
327 3847 437 3919 trigiute
453 3847 494 3902 vei
512 3849 623 3921 triginta
639 3849 716 3903 unies
734 3862 858 3914 aneorum
878 3842 1037 3902 ettredeeiur
1049 3837 1104 3892 die-

72 3964 139 4017 ruru,
157 3961 252 4020 equus
272 3947 297 4000 ir
314 3947 400 4002 virture
418 3948 529 4003 mutarit
546 3954 572 4002 et
590 3945 624 4002 eb
643 3945 693 4001 hee
709 3951 819 4002 veretur
834 3943 976 4010 Bethania,
996 3954 1011 3995 e
1031 3935 1104 4002 beth.

70 4044 140 4118 qued
160 4047 201 4102 est
217 4046 319 4110 durrus,
338 4049 402 4116 quie
418 4044 543 4102 miraeuiu
564 4045 633 4102 ieete
652 4048 678 4102 iu
695 4045 773 4102 derue
794 4059 871 4102 rurus
883 4043 953 4102 Deus
972 4037 1098 4112 apperuit

127 4297 149 4347 i)
162 4296 249 4343 Μὴ.
263 4293 330 4348 ierit.
350 4309 468 4348 seruus,
488 4295 552 4341 rmle.
635 4300 711 4348 utero
725 4307 793 4341 recu:
814 4293 972 4340 timendum
986 4287 1048 4337 offert
1065 4288 1104 4332 Ed.

69 4369 103 4411 tr.
117 4368 231 4408 turrim
244 4361 331 4414 iderur
345 4362 414 4420 prule
427 4372 480 4420 pest
493 4378 547 4421 pror
560 4362 770 4410 humenitetsru
785 4361 883 4419 pruritui
896 4361 1104 4426 humilii-urent
