2828 5302
326 515 398 594 Cap.
419 513 506 573 xvii.
556 513 600 572 De
622 523 719 572 sencio
741 512 884 593 Remigio.
1092 514 1132 576 97

93 673 190 731 boetus
205 672 339 746 Remigius
356 671 555 730 Landunensorn
576 673 725 744 episcopum
751 671 890 727 ordinavit,
942 673 977 728 di
995 670 1132 728 denebal-

93 773 218 830 dossum
242 789 349 828 uxorein
374 787 447 827 suern
471 785 554 827 cause
577 771 722 827 instruendi
740 771 773 828 ed
792 786 821 827 so
838 772 945 842 saepius
964 773 1053 827 uenire
1071 787 1130 843 per-

94 876 226 940 mitteret,
245 887 278 929 er
299 871 428 942 frequenti
445 871 578 943 ooiioquio
595 873 696 926 errimus
719 872 776 942 oJus
794 872 1071 941 inconcupiscentiam
1091 873 1130 926 in-

94 973 242 1028 damnatus
262 978 288 1028 et
305 987 389 1042 nsque
408 973 434 1025 in
453 975 587 1040 peecatum
606 985 693 1025 seonnr
712 968 875 1041 prolabitur3
895 985 964 1041 quse
982 971 1132 1040 concipiens

94 1078 123 1128 et
140 1072 219 1128 filiunt
238 1073 343 1142 periens
361 1068 410 1124 hoo
428 1071 554 1140 episeopo
571 1071 700 1125 intimavit
718 1074 744 1125 et
763 1067 807 1126 iile
827 1069 951 1124 confusus
970 1067 1003 1123 ed
1021 1083 1077 1125 oern
1090 1085 1132 1128 re-

95 1172 230 1228 sponderit
249 1170 353 1227 diceus:
380 1171 507 1241 'quoniam
527 1184 593 1240 puer
609 1169 643 1226 de
662 1167 801 1223 latrocinio
821 1168 965 1240 acquisitus
982 1173 1036 1235 est,
1072 1167 1132 1224 noio

96 1275 125 1325 ut
142 1269 225 1327 Lutro
244 1275 359 1328 sonetur„
385 1267 424 1324 Ne
443 1273 529 1324 eutem
547 1269 663 1340 suspicio
683 1267 775 1340 edique
792 1267 914 1333 oriretur,
932 1281 1039 1321 uxorem
1057 1281 1131 1323 suant

95 1371 165 1424 sieut
173 1370 246 1441 prius
256 1367 290 1424 ed
300 1381 329 1424 se
341 1368 430 1423 venire
440 1369 567 1438 permisit,
585 1373 762 1422 verumtamen
773 1373 834 1436 post
847 1366 924 1438 primi
934 1368 1035 1436 peooeti
1046 1365 1132 1423 detunr

95 1483 184 1526 seeust
201 1470 253 1524 ruit
272 1469 366 1523 iterun
384 1468 412 1520 in
429 1471 573 1537 peceatum.
614 1463 687 1530 Ques
704 1481 762 1521 oum
779 1465 857 1520 diiern
875 1465 1023 1536 peperisset
1041 1470 1068 1520 et
1082 1464 1133 1521 iroo

95 1569 221 1641 episeopo
239 1566 383 1632 retulisset,
402 1564 448 1621 iiie
464 1563 616 1636 respondit:
633 1564 705 1620 illurn
721 1565 800 1620 diisns
811 1563 981 1635 i'uipeonianr
992 1565 1132 1623 nominoe.

96 1666 214 1724 Tendens
238 1665 272 1722 ed
295 1682 325 1722 se
346 1679 469 1721 reversus
494 1663 598 1720 nestun
619 1663 765 1738 Remigium
787 1661 854 1720 adiit
870 1668 897 1719 et
913 1661 946 1718 sd
967 1661 1049 1735 podes
1068 1680 1131 1720 enos

96 1765 236 1838 presidens
259 1764 354 1820 stolen
375 1763 408 1820 de
431 1762 498 1819 eoiio
516 1777 565 1818 suo
582 1761 716 1835 deponere
734 1763 825 1819 soluit
861 1760 936 1828 Quod
951 1777 1008 1818 oum
1026 1769 1132 1821 sanetus

94 1863 230 1939 Remigius
249 1861 428 1937 prohibuisset
447 1869 474 1920 et
490 1861 524 1919 eb
542 1879 591 1930 eo,
618 1861 835 1937 quideooiderit,
858 1861 1019 1933 nudivisset,
1036 1861 1132 1921 blande

95 1979 155 2022 eun
177 1963 317 2019 oonsoisns
340 1965 425 2035 ipsum
449 1965 476 2018 in
500 1957 613 2035 quedem
637 1961 734 2016 celiuis
757 1977 842 2034 parre
865 1977 914 2034 per
931 1968 1032 2034 sepiem
1049 1977 1132 2020 senos
1223 1971 1226 1980 ⁴

95 2063 205 2119 noindt
223 2069 250 2119 et
266 2064 325 2134 ipse
341 2063 444 2118 interin
459 2053 520 2134 'ejus
536 2061 674 2118 eooiesiern
691 2059 857 2134 gubernavit.
911 2061 1028 2133 Septimo
1052 2064 1134 2136 igitur

96 2175 166 2217 suno
183 2177 241 2218 euru
258 2163 285 2218 iu
302 2175 385 2218 soene
404 2161 500 2218 donini
517 2162 544 2215 iu
563 2162 683 2218 oratione
702 2161 872 2233 persisteret,
908 2159 1020 2234 angelus
1036 2160 1134 2217 donini

95 2260 181 2318 eidem
199 2260 302 2318 adstitit
319 2267 345 2318 et
363 2264 497 2332 peoeetuur
514 2275 588 2315 ιιιι
607 2258 659 2315 sihi
677 2258 810 2317 diruissent
827 2255 960 2331 porinbuit
978 2273 1025 2328 se,
1042 2267 1070 2315 ut
1090 2259 1132 2316 io·

96 2363 134 2416 ris
152 2361 226 2418 sitire
247 2358 356 2417 deiteet
382 2361 529 2432 imperarit.
582 2359 631 2414 Cui
649 2373 705 2414 oum
723 2357 920 2431 respondisset:
945 2373 997 2414 non
1015 2375 1132 2431 possum,

96 2462 220 2532 quonism
242 2459 362 2516 dominus
386 2472 459 2513 neus
482 2457 615 2532 Remigius
638 2460 733 2513 ostien
751 2456 801 2513 hoe
818 2457 913 2513 eleusii
930 2463 958 2514 et
976 2459 1066 2531 sigilio
1084 2475 1132 2515 suo

96 2559 221 2624 munivit,
244 2557 354 2631 angelus
373 2559 426 2612 eit:
452 2570 512 2613 eece
527 2565 555 2613 ot
573 2559 644 2614 seies
661 2557 708 2612 tibi
728 2555 828 2615 ooeiusn
847 2562 965 2630 epertun
983 2572 1058 2624 esse,
1082 2556 1132 2615 hoe

94 2659 173 2713 etienr
190 2655 333 2728 nospitium
350 2656 426 2712 seito
443 2655 533 2729 sigillo
552 2672 619 2712 nune
636 2658 778 2728 operietur.
819 2656 965 2728 Statimque
984 2663 1013 2711 ut
1030 2657 1134 2715 disseret

95 2761 138 2812 est
154 2763 283 2828 sperton.
335 2753 409 2813 Turro
426 2753 592 2813 Genebuldus
608 2757 716 2829 jeotsns
738 2770 768 2812 se
786 2755 814 2810 iu
838 2753 923 2812 medio
946 2757 1009 2811 ostii
1030 2758 1056 2811 in
1077 2772 1131 2812 no·

95 2855 156 2912 don
174 2858 258 2912 erneis
277 2857 329 2910 sit:
366 2857 469 2912 etiami
488 2853 607 2910 doninus
624 2869 696 2910 ruens
712 2851 791 2911 Jesns
809 2852 930 2911 Christus
948 2854 983 2911 od
1001 2870 1041 2910 nne
1060 2859 1132 2913 reni-

95 2961 137 3012 ret
153 2954 220 3024 huo,
248 2953 307 3012 hino
325 2971 377 3011 non
395 2954 535 3029 egrediar,
571 2955 623 3009 nisi
640 2954 758 3009 doninus
776 2969 849 3010 neus
866 2952 1000 3027 Remigius
1017 2954 1067 3010 lino
1085 2970 1133 3014 te-

94 3058 167 3122 nisi,
203 3056 248 3128 qui
267 3069 307 3109 ne
324 3053 440 3111 reolusit.
491 3051 565 3110 Tunc
584 3061 689 3109 senous
711 3051 846 3128 Remigius
872 3051 907 3109 sd
929 3051 1132 3113 admonitionem

93 3153 185 3227 angeli
201 3152 356 3210 Loudonunr
376 3153 447 3208 teuit
465 3159 492 3210 et
507 3151 593 3223 ipsunt
611 3153 639 3208 iu
655 3151 740 3208 loeun
757 3167 831 3210 suurn
849 3155 972 3222 restituit,
991 3157 1037 3227 qui
1048 3171 1132 3229 usque

94 3251 130 3308 ud
154 3252 255 3308 obitum
279 3254 307 3309 in
330 3254 429 3308 sanetis
454 3250 580 3326 operibus
597 3253 781 3323 perseverarit
797 3257 824 3309 et
841 3251 924 3310 Lntro
941 3253 1010 3310 dlius
1027 3256 1085 3326 ejus
1105 3257 1131 3310 iu

94 3353 250 3424 episeopstu
269 3351 352 3408 eidern
369 3354 506 3420 suceessit,
526 3351 572 3423 qni
589 3352 667 3407 etisrs
684 3355 792 3408 suetus
809 3351 868 3410 init.
892 3351 1009 3410 Tendere
1025 3359 1131 3410 suetus

94 3449 229 3525 Remigius
246 3449 334 3507 nuitis
356 3449 444 3506 oierus
470 3447 608 3507 sirtudbus
632 3451 659 3505 in
684 3463 750 3522 pene
768 3452 868 3521 quierit
884 3451 955 3506 eires
972 3465 1066 3509 annun
1082 3453 1131 3509 de-

93 3551 158 3606 nini
182 3549 213 3608 ii.
262 3547 360 3606 liudem
384 3548 427 3608 die
451 3547 602 3606 oeieisrstur
625 3550 721 3606 nstniis
746 3553 830 3606 eeneii
852 3550 944 3607 iiiierii
967 3548 1131 3612 Piotssomu

94 3647 169 3706 urbis
184 3651 312 3722 episcopi·
325 3653 356 3717 ¹).

146 3871 167 3922 i)
185 3868 272 3914 verim
291 3869 396 3915 tuden
410 3891 433 3906 ι-
447 3869 586 3927 episcopi
604 3867 686 3914 desunt
699 3869 722 3913 in
736 3867 776 3916 td.
791 3873 822 3915 ir.
