2798 5302
245 471 318 550 Cep.
343 471 390 532 lll.
439 471 483 531 De
506 482 603 531 ceneto
624 471 738 532 Thomu
760 473 959 536 cantuariensi.
1076 475 1119 539 69

83 631 177 698 clesis,
195 631 223 685 iu
237 629 350 687 ecclesia
366 637 393 687 et
409 634 436 686 ln
453 630 512 688 loco
529 636 632 698 sancto,
648 635 766 702 tenpore
784 646 870 700 socru,
888 632 957 688 luter
971 647 1061 690 nanus
1074 649 1118 690 sc-

83 729 221 786 oerdotsur
246 736 274 786 et
294 729 492 803 religiosorum.
529 735 557 786 ut
573 732 698 801 potientis
715 732 842 786 conditas
862 736 890 787 et
906 735 1117 804 persequentium
1168 709 1170 714 X

84 829 230 886 crudelitas
252 828 413 885 ostendatur.
453 828 538 885 ldnlts
554 832 662 901 insuper
678 834 705 886 ct
724 827 777 884 cllo
793 828 919 886 nouacula
934 846 983 901 per
1000 837 1117 887 sanctum

86 945 162 984 sauss
181 929 301 984 doninus
318 929 423 1000 operari
441 927 565 1002 digestus
579 933 631 998 est,
648 930 747 985 snerltis
765 931 831 986 enin
850 930 908 1002 clus
931 931 1117 998 succisurus,

86 1029 175 1084 sardic
193 1026 306 1094 auditus,
323 1025 426 1082 claudis
444 1042 563 1099 grossus,
583 1029 638 1083 uita
655 1029 763 1084 monuit
781 1031 904 1085 restituta
912 1036 979 1084 suut,
1000 1028 1119 1098 ¹)l’orro

86 1143 169 1200 equs,
184 1143 237 1200 qus
247 1127 327 1200 penul
339 1128 475 1198 conspersi
488 1127 545 1198 ejus
559 1129 686 1201 sangnine
698 1126 865 1195 letabuntur,
878 1127 966 1183 multis
980 1130 1081 1183 exstitit
1092 1130 1119 1183 in

86 1225 224 1283 sredclcrn.
242 1223 375 1291 Quwdcuu
388 1225 1119 1299 domlusdelngllarsriosoculoslrcloeceoltlssclulonr

87 1323 1121 1402 etnssjorosnpulchritudicerredectslsat,superqnororcnsrotunrnudispo·

88 1425 169 1481 dibus
178 1423 342 1497 sepulchrum
352 1421 549 1481 beotl'llronce
561 1426 686 1482 risltcrit.
711 1424 785 1490 Quae
800 1435 856 1480 cun
874 1425 901 1479 ln
919 1428 1039 1482 emtione
1055 1441 1135 1497 pro-¹

88 1531 176 1582 strsts
193 1527 280 1591 erm,
298 1539 410 1597 surgons
427 1524 527 1580 luserit
544 1539 573 1580 sc
591 1527 695 1595 ponitus
712 1530 878 1580 esceocctcun
896 1526 1036 1597 suumque
1055 1539 1121 1596 poe·

89 1628 177 1680 nitens
193 1625 281 1694 coepit
295 1637 393 1696 rogere
408 1623 513 1680 locuturo
531 1622 673 1693 Thoonem,
693 1626 723 1679 ut
733 1625 789 1696 jan
807 1638 860 1679 non
878 1625 984 1691 rarius,
1001 1622 1049 1680 aed
1067 1623 1123 1679 scl-

87 1730 142 1779 tess
160 1722 212 1778 sibl
230 1737 293 1778 suos
311 1721 434 1779 redderet
449 1723 549 1790 oculos,
569 1723 639 1795 quod
657 1722 762 1780 tsndcrn
780 1738 836 1778 ecus
854 1737 950 1795 mogus
968 1721 1122 1779 dilicultnte

89 1826 137 1878 rix
156 1821 238 1878 ralult
258 1820 387 1878 obtinere.
410 1853 446 1865 -
467 1827 501 1882 4.
525 1820 635 1887 Quidam
652 1827 737 1878 auteur
752 1809 848 1877 illusor
867 1835 962 1894 cqucut
979 1821 1121 1894 simplicem

89 1938 142 1995 pro
158 1937 230 1995 soso
254 1924 338 1978 uncti
360 1918 478 1978 Thonee
495 1919 606 1995 ¹donnino
630 1937 679 1977 sno
695 1924 723 1976 ln
741 1921 831 1993 pixide
849 1919 945 1976 obtulit
961 1923 1122 1988 conuincti,

89 2025 135 2079 cul
150 2022 271 2078 doninus
286 2023 338 2078 ait:
365 2022 390 2076 sl
407 2020 444 2075 ull
455 2035 567 2092 unqusrn
586 2020 686 2076 iuratus
705 2022 779 2077 luisti
796 2019 869 2088 milri,
887 2025 993 2075 unctus
1006 2017 1123 2076 Thomas

90 2117 420 2196 monocerotem
437 2121 583 2191 permittet,
602 2119 627 2172 si
644 2124 730 2175 actoru
749 2137 809 2178 reos
828 2120 890 2175 iurtl
908 2133 951 2186 es,
975 2133 1046 2190 oque
1063 2121 1123 2191 ipsa
1184 2123 1185 2126 ’

91 2225 214 2295 protluns
230 2225 380 2277 ercuucat.
421 2219 485 2274 lluic
501 2219 583 2290 igitur
597 2218 667 2274 dlcto
684 2223 817 2276 conscrisit
830 2221 932 2286 scices,
968 2219 1038 2290 quod
1056 2220 1125 2290 plri-

92 2321 152 2378 desn
171 2334 243 2394 aqua
259 2335 343 2392 cuper
358 2318 502 2390 inplesset.
531 2310 665 2376 llllrs'res.
688 2319 806 2376 Pixidcnr
824 2320 947 2374 continuo
965 2325 1126 2389 aperueruut

93 2428 121 2478 et
142 2435 250 2477 vacuant
267 2421 420 2474 invenerunt
436 2420 526 2490 sieque
544 2419 662 2474 serviens
679 2421 705 2474 in
723 2417 858 2474 mendacio
877 2419 1008 2488 reperitur
1025 2418 1125 2473 eticrtl

92 2536 156 2576 reus
173 2518 319 2576 evidentius
335 2516 505 2589 approbatur.
521 2547 556 2560 -
571 2549 604 2559 —
620 2522 655 2578 5.
672 2519 737 2574 Aris
756 2515 884 2590 qunednsu
901 2518 987 2572 scions
1005 2522 1032 2572 ot
1048 2516 1127 2578 docta

93 2622 179 2692 loqui,
198 2634 256 2675 corn
273 2619 345 2673 nisus
363 2631 420 2672 caru
438 2619 630 2689 insequeretur,
649 2619 716 2672 sicut
735 2616 872 2681 didicerat,
891 2618 979 2687 coepit
996 2615 1125 2672 eluntre:

94 2703 187 2776 sende
202 2716 305 2774 Tiona
323 2715 422 2788 udjuus
438 2732 496 2785 suc,
529 2724 557 2773 et
575 2718 663 2772 statim
688 2719 760 2772 nisus
784 2715 878 2772 cccld1t
902 2721 1017 2771 nonnos
1034 2720 1061 2771 ot
1077 2713 1127 2772 llic

94 2821 190 2875 ersalt
208 2847 243 2860 -
260 2847 295 2858 -
319 2821 355 2877 ο.
374 2816 501 2884 Quidam,
536 2831 612 2888 quous
631 2819 737 2872 sanctus
754 2814 871 2872 Tirones
890 2813 969 2870 raldo
986 2814 1126 2882 illexerat,

93 2934 152 2974 cunr
170 2917 289 2990 grsrlter
304 2916 492 2984 iuirnnrctur,
509 2918 558 2970 luit
575 2915 609 2971 ad
628 2917 685 2988 ejus
703 2914 816 2971 tumbam
836 2921 864 2971 et
880 2930 929 2987 pro
946 2915 1061 2971 stultate
1077 2929 1128 2970 sus

94 3018 203 3091 rogarit
219 3021 247 3073 ot
263 3013 297 3070 ad
313 3014 413 3070 libitum
431 3017 590 3087 impetrarit.
623 3014 676 3071 Sed
692 3029 749 3070 cnm
767 3019 876 3070 sanctus
893 3012 1008 3082 rediret,
1038 3015 1127 3084 coepit

93 3119 232 3191 cogitare,
269 3113 338 3186 quod
364 3112 538 3178 illascnstlo
562 3116 665 3170 colnac
688 3129 753 3170 auae
778 3113 889 3188 forsitan
913 3129 965 3168 non
981 3111 1151 3183 expediret.

96 3216 171 3275 unde
194 3217 287 3270 lterum
310 3209 415 3269 rediens
438 3211 472 3269 ad
498 3212 661 3284 sepulchrum
681 3215 781 3281 orcrlt,
817 3219 847 3269 ct
862 3214 886 3266 sl
904 3228 956 3266 uon
973 3216 1047 3266 esset
1063 3210 1128 3266 atilo
1244 3245 1249 3252 -

97 3319 200 3373 naim
216 3328 296 3380 suco,
319 3314 442 3368 continuo
460 3313 594 3368 iulircrites
612 3315 672 3383 ipsc
688 3312 802 3380 rediret,
834 3312 974 3383 stati-que
991 3310 1129 3365 lulirnilas

96 3415 178 3472 rediit
193 3415 261 3470 siout
276 3413 359 3483 prius.
410 3409 439 3467 ln
459 3412 516 3482 ejus
540 3418 626 3468 auton
645 3412 827 3468 interlectoees
845 3410 910 3465 ultio
927 3409 1017 3465 divino
1034 3409 1129 3464 desse·

99 3518 157 3582 riit,
173 3517 203 3569 ut
215 3508 369 3583 oliidlgltos
386 3508 507 3566 dentibus
525 3513 580 3566 suls
598 3510 728 3566 irustntlcu
746 3508 935 3580 discerpentes,
952 3509 998 3564 olii
1008 3509 1037 3579 ²)
1054 3509 1130 3563 saule

98 3615 258 3678 dellaontcs,
286 3609 332 3665 slii
348 3608 459 3682 pcealicl
476 3607 614 3678 dissoluti,
644 3609 689 3664 ulti
707 3613 823 3664 suentes
840 3608 924 3664 cllocti
943 3604 1129 3663 miserabiliter

95 3714 243 3770 interirent.

163 3936 185 3988 1)
198 3933 272 3977 Verba
291 3943 375 3988 porco
389 3953 412 3966 -·
426 3929 567 3974 medelam
586 3926 670 3974 omittit
688 3925 728 3972 Ed.
742 3926 820 3973 orest
836 3927 894 3972 tan.
950 3925 972 3979 2)
986 3922 1026 3970 lid.
1040 3927 1132 3968 necent.

99 4001 159 4048 susle
173 4000 301 4060 praeierunt
314 3996 587 4046 lausdililueutea.
1104 4023 1107 4028 -
