2842 5286
337 485 398 551 ito
562 483 635 566 Cap.
656 483 758 548 xtvi.
806 487 852 548 De
872 495 969 548 saneto
992 487 1143 568 Gregorio.

337 647 394 704 dum
414 645 550 704 meeioeii.
574 675 608 688 ·-
627 673 661 688 -
679 675 710 688 ·-
734 649 767 706 8.
789 645 906 710 ousion
924 646 966 703 die
985 646 1078 704 beatus
1097 647 1247 722 Gregorius
1264 663 1310 719 per
1329 649 1363 704 io

337 763 392 803 rum
418 745 491 801 urbis
514 744 612 801 Romae
637 747 768 802 transiens
787 747 870 803 cernit
887 747 1012 819 quosdam
1031 763 1130 820 pueros
1148 748 1235 804 iornru
1253 747 1364 820 pulcher-

335 849 434 913 riruos,
464 844 536 900 uultu
555 851 698 914 renuetur,
726 847 879 918 capillorum
897 848 982 902 nitore
998 851 1154 919 perspicuos
1173 865 1237 906 esse
1257 849 1363 905 venales

335 945 485 1019 interrogat
500 946 582 1016 igitur
599 951 785 1013 mercatorem,
821 945 855 1002 de
872 961 925 1018 qua
942 946 1003 1001 iilos
1023 949 1111 1018 patris
1128 947 1273 1004 attulisset.
1320 950 1363 1013 Qui

336 1045 486 1118 respondit:
519 1043 553 1099 do
568 1043 720 1111 Britannia,
742 1047 817 1118 cnjus
835 1047 937 1101 incolae
955 1045 1034 1101 eiuiii
1051 1046 1166 1104 candore
1182 1047 1296 1119 fulgent.
1328 1047 1363 1103 ie·

334 1149 455 1219 terrogat
472 1146 579 1210 iterum,
599 1145 623 1198 si
639 1143 775 1199 christiani
791 1151 861 1200 sunt
896 1145 945 1201 Cui
962 1150 1108 1201 mercator:
1125 1163 1200 1215 ¹nou,
1221 1145 1269 1202 sed
1287 1161 1363 1220 puge-

336 1247 401 1300 niois
419 1243 553 1300 erroribus
576 1242 702 1316 implicati
723 1249 854 1300 teucrtnr.
906 1242 981 1300 Tunc
1006 1244 1151 1319 Gregorius
1175 1248 1275 1301 acriter
1296 1248 1364 1318 iuge·

335 1346 461 1400 miscens:
490 1342 541 1398 ireu
560 1341 735 1413 prohdolor,
757 1343 857 1414 iuquit,
888 1343 957 1414 quod
974 1343 1126 1415 splendidus
1147 1344 1231 1400 iacies
1250 1347 1364 1416 prinoope

335 1445 501 1500 terebrarum
527 1458 593 1498 nuno
617 1441 744 1514 possidet.
794 1441 944 1516 iuterroqat
967 1446 1062 1516 igitur,
1097 1445 1166 1517 quod
1193 1452 1268 1501 essct
1292 1461 1362 1500 rous

335 1542 421 1599 onium
448 1544 538 1615 gentie-
558 1543 637 1596 iiiios.
689 1541 737 1597 Cui
754 1541 813 1598 iiie:
847 1543 951 1616 Augilai
970 1550 1102 1600 uocantur.
1154 1545 1244 1612 Bene,
1277 1547 1364 1618 inquit,

335 1645 432 1716 anglici
450 1643 526 1715 qnasi
545 1640 674 1714 anguini,
693 1642 756 1713 quie
774 1646 801 1696 et
817 1642 952 1714 angelicos
971 1644 1057 1699 ruit-us
1076 1642 1182 1700 iubent.
1216 1643 1364 1717 Interroga·

337 1745 373 1797 rit
391 1743 472 1814 igitur
491 1757 563 1809 oum,
595 1739 665 1811 quod
683 1756 776 1796 nomeu
795 1739 905 1797 haberet
921 1736 969 1798 iiio
986 1745 1130 1813 proriueis.
1165 1743 1210 1798 tiit
1227 1751 1366 1800 neronior:

335 1841 511 1913 prorinoiaiee
527 1841 567 1895 tiit
584 1840 655 1897 Deir-i
676 1846 811 1896 vocantur.
851 1839 885 1896 Et
905 1839 1064 1914 Gregorius:
1090 1842 1365 1915 tecue,inquit,1ieiri

336 1945 479 2007 uocantur,
497 1942 560 2012 quio
576 1940 610 1997 de
626 1941 668 1995 ira
685 1947 745 1995 suot
761 1940 878 1996 eruendi.
913 1939 1013 1997 Rursus
1027 1940 1061 1997 de
1078 1945 1180 1998 nomine
1195 1945 1270 2016 regis
1289 1945 1365 1999 intor-
1418 1975 1419 1996 r

335 2045 422 2114 roget.
456 2041 502 2095 Ait
523 2047 668 2108 neronior,
702 2040 772 2111 qnod
790 2039 866 2096 Aelio
883 2039 1029 2107 diceretur,
1064 2047 1091 2098 ei
1108 2040 1267 2114 Gregorius:
1303 2044 1366 2099 henr
1418 2045 1419 2054 ’

335 2139 427 2208 iieiie,
458 2142 521 2211 quia
539 2139 648 2210 alleluja
665 2142 692 2194 iu
709 2139 828 2211 portione
849 2137 902 2194 iliis
921 2139 1055 2196 dmantari
1074 2156 1149 2212 opus.
1185 2141 1238 2204 tini
1256 2158 1318 2198 uror
1335 2143 1366 2197 ed

334 2254 458 2296 summum
482 2238 627 2309 pouiiiicern
650 2239 777 2295 accedeus
800 2255 856 2294 cunr
877 2241 959 2296 muita
982 2241 1108 2296 instamia
1132 2245 1159 2296 ei
1182 2240 1308 2313 precibus
1327 2243 1367 2297 riu

334 2339 461 2404 obtinuit,
485 2345 514 2392 ut
530 2337 564 2392 ad
582 2338 641 2393 iiius
659 2337 849 2396 convertendos
865 2342 1019 2396 mitteretur.
1054 2341 1168 2413 Cumque
1181 2343 1239 2412 jum
1256 2344 1310 2398 iter
1326 2357 1368 2398 ar·

333 2441 468 2510 ripuieeet‚
486 2436 595 2493 Romani
613 2436 645 2493 de
661 2440 718 2510 ujus
737 2437 859 2494 absentie
874 2440 1010 2511 plurimum
1026 2439 1173 2510 perturbati
1190 2455 1287 2512 papum
1306 2441 1368 2499 sde-

334 2543 381 2594 nnt
398 2543 426 2592 et
441 2552 499 2593 eum
516 2537 606 2592 taiiter
622 2535 805 2609 adloquuntur:
833 2538 937 2596 Petrune
955 2537 1107 2605 offendisti,
1136 2537 1245 2596 Murum
1264 2539 1367 2598 destru-

333 2639 409 2704 steti‚
444 2635 599 2709 Gregorium
617 2635 759 2705 demisisti,
792 2640 883 2712 sicque
906 2653 977 2712 popa
993 2641 1148 2709 perterritus
1165 2638 1200 2695 nd
1216 2655 1275 2696 ense
1291 2657 1369 2698 reeo-

332 2735 442 2793 oeudum
467 2738 589 2792 continno
611 2737 716 2792 nundus
739 2736 889 2794 destinuit
939 2739 1056 2811 (iurique
1077 2736 1223 2811 Gregorius
1243 2742 1302 2811 iesu
1318 2744 1370 2798 iter
1413 2757 1418 2764 ·

332 2839 409 2892 triunr
427 2834 527 2892 dierum
544 2838 693 2907 peregisset
711 2840 738 2891 ct
753 2840 780 2892 in
797 2837 909 2910 quodam
927 2839 987 2894 ioeo
1004 2837 1142 2894 deuerteus
1159 2840 1290 2910 quaedem
1307 2855 1368 2898 ese·

333 2941 398 2994 teris
415 2934 608 3010 quiescentibus
625 2919 766 3004 lectitaret,
782 2938 886 2993 iocuata
904 2940 1092 3009 superueniens
1111 2952 1169 2992 eum
1186 2941 1277 3012 coegit
1293 2955 1312 2994 a
1329 2940 1367 2996 ie-

333 3036 421 3110 gendo
436 3038 571 3107 quiescere
590 3042 617 3090 et
634 3050 666 3090 eu
682 3034 895 3093 consideratione
911 3039 953 3092 sui
971 3037 1082 3091 nominis
1101 3035 1190 3091 docuit
1207 3054 1266 3095 enar
1282 3040 1311 3094 iu
1321 3057 1367 3096 eo-

333 3136 391 3192 dem
411 3135 470 3190 ioco
486 3141 558 3190 stare
577 3133 689 3202 dehere,
719 3135 788 3207 quod
807 3137 852 3192 iiio
870 3139 964 3208 spiritu
983 3135 1137 3208 prophetico
1156 3137 1260 3194 discens
1277 3142 1367 3195 statim

331 3237 440 3291 comites
457 3233 628 3301 adhortetur,
648 3239 676 3288 ut
695 3235 809 3290 reiociue
827 3234 941 3292 debcant
957 3236 1097 3308 proficisci,
1111 3235 1160 3292 sed
1178 3240 1366 3307 superuenien-

331 3334 401 3390 tibus
418 3331 573 3406 apoetoiicis
592 3336 688 3388 nuntiis
707 3335 793 3390 redire
809 3335 989 3407 compellitur,
1023 3335 1086 3392 iicet
1107 3335 1141 3392 de
1162 3335 1213 3390 hoc
1228 3336 1367 3408 plurimum

331 3437 490 3490 tristaretur.
540 3430 614 3488 Tunc
631 3447 703 3504 papa
719 3436 803 3503 ipsum
822 3447 839 3488 a
855 3436 1014 3490 monasterio
1030 3449 1080 3490 suo
1098 3433 1228 3490 obstrusit
1247 3439 1274 3491 ei
1291 3451 1366 3492 suum

330 3525 473 3605 dpaoooem
490 3529 649 3587 cardinalem
669 3530 807 3588 ordinarit.
834 3563 868 3576 -
884 3563 920 3576 -
936 3563 972 3576 -
988 3537 1023 3594 4.
1042 3533 1160 3600 Quodam
1175 3539 1296 3606 tempore
1312 3535 1367 3608 Tp-

331 3633 403 3689 ieris
420 3633 515 3687 iturine
532 3629 634 3686 sivein
652 3632 874 3705 aunm'egressne
892 3634 919 3687 iu
943 3637 1042 3689 tantane
1066 3635 1196 3700 exercuit,
1233 3641 1263 3690 ut
1285 3649 1369 3708 super

331 3745 419 3786 muros
438 3729 511 3784 urbis
529 3729 649 3785 indueret
666 3736 693 3785 ei
709 3731 835 3802 piurtrnss
853 3731 1096 3788 domos‘crerteret
1131 3731 1206 3787 'iuno
1222 3735 1300 3790 etiam
1320 3750 1369 3806 per

330 3829 453 3902 Tyberim
477 3829 582 3885 durium
608 3829 745 3884 multitudo
767 3839 915 3902 serpentum
934 3847 991 3887 cum
1007 3831 1121 3887 dracoue
1139 3847 1235 3905 mugen
1252 3834 1278 3888 in
1295 3849 1369 3890 urere

331 3929 477 3996 descendit,
497 3928 545 3986 sed
564 3943 582 3984 u
598 3928 719 3984 iiseiibus
737 3929 885 4001 praeioesti
898 3938 930 3988 et
945 3930 980 3986 ad
998 3931 1072 3986 iittus
1089 3931 1202 4003 proiecti
1217 3937 1300 3987 totuis
1319 3939 1367 3988 ee·

331 4045 383 4086 renr
402 4045 451 4086 ena
466 4027 604 4101 putredine
622 4033 794 4099 corruperunt
810 4031 901 4100 sicque
918 4029 1000 4102 pinge
1011 4031 1135 4102 pessima,
1153 4045 1230 4102 quam
1247 4032 1369 4104 inquina-

332 4129 1371 4204 riamuocanteeoutaeet,itsntetiarocorporuiimunemitaeeoeiituereuire

330 4235 357 4286 ei
375 4229 495 4302 singulos
514 4243 632 4300 quosque
649 4233 786 4298 pereutere
803 4228 964 4285 riderentur.
999 4230 1072 4293 iiuse
1087 4231 1171 4300 primo
1188 4229 1301 4284 omniunt
1320 4227 1370 4286 re-

329 4329 428 4402 isgiurn
447 4343 544 4400 papatu
561 4329 692 4400 percussit
710 4331 738 4382 et
754 4329 811 4383 sino
830 4341 904 4382 mora
922 4329 1056 4394 exstinxit,
1072 4327 1237 4398 postmodum
1254 4343 1319 4386 uero
1330 4331 1370 4384 iis

330 4430 356 4483 iu
370 4427 499 4500 reliquum
517 4426 612 4500 ruique
630 4426 768 4492 desaeviit,
787 4432 815 4482 ut
834 4425 976 4484 subtractis
992 4425 1187 4482 habitatoribus
1205 4427 1298 4482 dorsus
1309 4427 1368 4499 piu·
