2984 5302
331 499 393 563 528
558 501 630 579 Cap.
653 499 739 559 CXX.
781 501 826 559 De
855 510 954 559 saneto
980 498 1141 560 Beruardo.

332 661 358 712 tu
377 659 593 724 conuersatione,
622 655 682 712 sons
707 659 735 712 tn
757 656 891 712 doctrinae
914 661 1092 726 emanatione,
1116 663 1211 730 puteus
1236 658 1264 712 ιιι
1281 658 1374 713 selen-

330 759 385 813 ttae
416 757 595 829 profunditate
625 763 652 814 ct
674 756 825 813 odorttcrus
855 758 882 812 in
905 757 991 816 ismae
1017 761 1157 815 suscitate.
1199 755 1266 830 Ejus
1291 757 1373 813 uitam

331 856 485 914 lb'ilbolmus
514 857 600 913 alebas
636 861 721 914 carnuti
750 855 930 923 Theoderici,
964 863 1052 916 socius
1083 858 1155 916 beati
1186 855 1317 914 Beruardi
1345 864 1373 912 et

282 961 283 964 ’
335 956 515 1028 ¹)llernaldus
536 957 620 1012 abbas
639 955 832 1013 bonaevallis
851 961 966 1030 scripsit.

399 1057 549 1114 Bernartius
569 1061 595 1113 iu
614 1057 767 1130 Burgundio
784 1063 873 1114 castro
890 1057 1015 1115 Fontauls
1039 1076 1072 1116 cx
1095 1056 1228 1114 nubilibus
1246 1057 1326 1114 ualde
1344 1064 1373 1113 et

333 1157 467 1230 religiosis
496 1158 650 1228 parentibus
673 1165 747 1212 ortus
773 1164 824 1216 est.
863 1157 943 1231 Cujus
968 1168 1045 1231 puter
1064 1159 1263 1226 ²)Coelcstiuus
1293 1160 1372 1215 miles

226 1329 229 1338 Ι
331 1258 440 1314 saeculo
459 1266 597 1324 strenuus,
624 1273 673 1314 uec
697 1259 782 1313 minus
810 1256 867 1313 lieo
894 1257 1055 1332 religiosus,
1080 1266 1165 1315 mater
1189 1275 1251 1316 vero
1272 1258 1372 1314 daletlu

333 1364 483 1429 nuncupata
501 1365 552 1414 cst.
585 1357 655 1414 llaoo
679 1364 779 1429 septem
798 1359 868 1414 ilios
886 1363 994 1434 genuit,
1023 1376 1070 1416 seu
1094 1376 1184 1416 mares
1201 1366 1229 1416 et
1245 1359 1371 1414 luminam

329 1475 425 1525 unam,
443 1473 530 1514 meres
548 1465 634 1514 nutem
644 1475 733 1516 omncs
743 1458 886 1516 monachos
901 1460 1013 1523 iuturus.
1032 1462 1152 1517 dominam
1167 1467 1254 1516 auteur
1268 1462 1371 1516 sancti-

332 1559 470 1615 ruonlalern
487 1561 680 1629 ’ipromtserat
698 1558 761 1614 Mos
772 1567 868 1627 autem,
883 1566 913 1615 ut
924 1560 1004 1616 lilium
1015 1567 1092 1632 partu
1103 1560 1232 1629 ediderat,
1247 1559 1371 1616 nauibus

331 1640 449 1732 propriis
468 1661 553 1730 ipsum
570 1659 626 1716 Deo
643 1658 788 1727 offerebat,
811 1659 906 1716 alienis
933 1661 1059 1717 uberibus
1082 1663 1156 1732 lpcoa
1174 1663 1269 1716 outrirl
1294 1660 1369 1717 reln-

331 1761 438 1833 giebat‚
466 1762 543 1831 quart
560 1775 616 1814 cum
636 1760 703 1816 lacte
722 1766 840 1816 materno
859 1763 978 1818 materni·
990 1759 1181 1833 quodammodo
1198 1759 1261 1816 honi
1279 1760 1370 1817 iulum-

332 1860 399 1917 dons
418 1861 452 1915 iis
468 1867 595 1915 naturam.
631 1859 694 1916 Cum
712 1867 798 1918 autern
817 1864 974 1930 creuissent,
993 1860 1116 1934 quamdiu
1143 1860 1192 1916 sub
1212 1875 1289 1917 manu
1309 1865 1369 1934 ejus

331 1967 422 2028 erant,
446 1976 534 2017 eremo
552 1961 636 2033 magis
659 1975 736 2032 quarn
758 1963 849 2017 curiae
873 1962 1020 2028 nutriebat,
1044 1959 1112 2016 cibis
1135 1961 1317 2034 grossioribus
1341 1969 1370 2016 et

332 2060 510 2118 commatribus
529 2075 641 2132 pascens
660 2077 706 2117 ocs
725 2062 803 2133 quasi
819 2064 943 2116 continuo
961 2061 994 2117 ad
1012 2075 1124 2118 eremum
1142 2060 1367 2117 trausuuttteudos.

248 2172 252 2182 '
333 2163 396 2220 Gom
415 2164 497 2235 igitur
513 2164 616 2217 tertium
639 2161 735 2228 itinn,
761 2161 863 2218 scilicet
886 2161 1064 2228 Barrrsrduuu,
1089 2160 1176 2216 adlruc
1198 2167 1319 2234 gestaret
1341 2163 1370 2218 lu

331 2273 423 2329 utero,
461 2261 527 2317 uidit
558 2262 683 2316 somnium
712 2262 880 2335 praesagium
912 2262 1073 2328 tuturnrnn,
1108 2259 1229 2316 catellum
1264 2261 1370 2316 scilicet
1406 2239 1411 2248 ⁸

331 2369 413 2418 toturn
434 2361 591 2428 candidum,
614 2367 695 2417 totum
723 2363 749 2416 iu
767 2362 848 2418 dorso
865 2362 1000 2418 subruiunn
1026 2371 1053 2417 et
1076 2360 1214 2418 latrantem
1239 2362 1266 2416 Ιιι
1291 2367 1369 2416 utero

332 2479 361 2519 so
382 2463 489 2519 trabere.
524 2461 600 2526 Quod
620 2477 677 2517 cuns
694 2462 797 2518 cuidam
816 2462 873 2518 tiro
890 2463 939 2519 Dei
952 2465 1129 2534 exposuisset,
1147 2462 1194 2517 ille
1213 2459 1370 2532 prophetica

331 2579 397 2618 roco
420 2561 572 2634 respoudit:
595 2557 687 2633 optimi
710 2563 799 2620 catelli
822 2571 908 2620 mater
935 2566 1004 2631 eris,
1030 2564 1077 2636 qui
1100 2562 1192 2617 domus
1210 2561 1260 2618 liet
1276 2568 1369 2618 custos

331 2662 435 2718 iuturus
459 2677 570 2736 magnos
598 2669 690 2719 contra
714 2665 833 2718 inimicos
857 2655 933 2719 dabit
960 2665 1082 2721 latratus.
1117 2661 1174 2718 suu
1195 2664 1264 2718 entur
1287 2677 1368 2735 prae-

331 2762 434 2818 dicator
457 2766 582 2836 egregius
607 2768 634 2819 et
657 2765 753 2819 multos
781 2763 945 2820 medicinalis
968 2764 1075 2836 linguae
1105 2765 1195 2836 gratis
1217 2771 1368 2822 curaturus.

332 2863 393 2918 Cura
414 2870 500 2919 autom
517 2861 667 2918 bernardus
687 2862 775 2920 adbuc
791 2863 916 2935 puerulus
936 2870 1009 2920 esset
1027 2869 1054 2920 et
1069 2867 1144 2937 graui
1159 2863 1255 2922 dolore·
1271 2866 1368 2937 capitis

331 2971 500 3037 aegrotaret,
524 2965 669 3019 nectentem
688 2962 722 3018 ad
740 2963 985 3031 camulianorum,
1010 2970 1040 3019 ut
1063 2962 1180 3020 dolonem
1198 2966 1255 3020 suis
1271 2967 1369 3020 carni·

330 3065 409 3120 nibus
426 3065 577 3137 mitigaret,
602 3079 659 3120 cum
678 3063 861 3138 indignatione
881 3067 962 3121 ninrte
977 3064 1128 3120 exclamans
1152 3057 1248 3136 repulit
1272 3072 1300 3126 et
1317 3063 1366 3120 ab·

327 3165 404 3237 jecit.
438 3163 545 3221 Pueruli
567 3170 653 3222 sutem
671 3164 743 3220 buno
765 3165 824 3222 zelo
848 3164 1032 3223 misericordia
1057 3163 1104 3220 lici
1127 3164 1296 3232 condoluit,
1318 3167 1368 3222 sed

329 3271 391 3320 tuuc
415 3266 538 3320 contiuuo
556 3279 669 3337 surgms
687 3263 825 3321 liberatum
844 3282 875 3322 se
893 3281 952 3322 esse
971 3266 1104 3337 cognorit
1139 3265 1169 3322 ln
1185 3267 1369 3323 sacntissiraa

330 3366 476 3422 dominicae
496 3366 641 3420 natiuitatis
657 3361 737 3421 'nocte
754 3381 811 3421 cum
829 3383 895 3438 puer
913 3365 1063 3422 Beroardua
1081 3365 1233 3424 matutinale
1251 3366 1368 3424 otietur:

330 3468 357 3520 ιιι
375 3465 490 3522 ecclesia
510 3465 701 3537 exspectaret,'
718 3471 745 3523 st
766 3481 818 3537 qua
839 3465 906 3521 bora
928 3455 1012 3522 noctis
1030 3463 1150 3522 Christus
1167 3471 1244 3523 nutus
1263 3467 1368 3536 luisset,

330 3567 400 3624 sciro
419 3571 536 3638 cuperet,
556 3567 681 3639 apparuit
697 3567 723 3623 ei
741 3566 865 3638 puerulus
882 3566 972 3634 lesus,
990 3567 1066 3638 quast
1084 3555 1257 3630 iterumante
1274 3569 1367 3624 oculos

330 3681 394 3722 suos
410 3681 522 3723 nascens
539 3681 571 3722 ea
592 3671 668 3722 utero
691 3668 789 3722 matris.
823 3665 913 3734 Unde,
943 3666 1066 3740 quamdiu
1089 3669 1168 3736 uixit,
1192 3666 1259 3724 banc
1283 3669 1368 3725 luisse

329 3765 421 3823 borum
440 3768 585 3822 natiuitatis
603 3765 749 3824 dominicas
769 3783 875 3840 sempor
892 3769 1002 3839 putarit.
1038 3766 1079 3824 nb
1103 3767 1150 3823 illa
1168 3782 1235 3842 ergo
1252 3767 1321 3824 bora
1340 3770 1368 3824 ln

328 3865 388 3934 bis,
406 3881 474 3939 quae
491 3866 525 3922 ad
543 3865 609 3922 illud
628 3868 760 3939 pertinent
778 3875 984 3934 sacramentum,
1009 3877 1036 3925 st
1052 3883 1147 3925 sensus
1165 3869 1189 3924 ei
1209 3867 1369 3941 profundior

329 3972 357 4024 et
372 3983 460 4023 serino
477 3968 613 4039 copiosior
630 3966 706 4023 dauns
724 3975 779 4037 est,
803 3966 872 4024 unde
896 3974 923 4025 st
940 3968 1105 4042 postmodum
1124 3970 1150 4024 tn
1168 3966 1270 4026 lauden
1288 3971 1366 4043 geui-

327 4069 403 4122 tricls
420 4075 447 4124 et
466 4069 549 4141 geniti
566 4069 635 4124 inter
655 4070 714 4140 ipsa
732 4085 836 4125 suorum
855 4074 1009 4124 tractatuum
1028 4071 1105 4125 initia
1124 4069 1229 4142 insigne
1249 4085 1366 4140 opuscu-

329 4165 380 4223 lunu
397 4167 488 4236 edidit,
506 4169 533 4222 lu
550 4184 602 4241 quo
623 4168 693 4224 illam
712 4167 851 4225 lectionem
869 4169 1062 4242 euangelicam:
1081 4172 1176 4224 missus
1195 4176 1236 4226 est
1252 4170 1367 4243 augelus

331 4263 450 4328 Gabriel.
470 4267 629 4339 explanarit.
665 4268 763 4326 Videas
780 4270 904 4342 antiquus
927 4268 1013 4326 bostis
1036 4269 1200 4342 prepositura
1218 4273 1294 4342 pueri
1311 4277 1366 4326 tam

378 4418 399 4468 tl
411 4416 458 4460 atti
471 4417 558 4469 lopnntu
575 4417 744 4462 bernardus
761 4419 851 4466 abbae
869 4417 1000 4466 Bcnslr's.
1102 4420 1125 4472 2)
1138 4417 1184 4464 atti
1197 4417 1366 4465 becelinus.

326 4487 349 4538 ξι)
363 4487 410 4529 ttoe
423 4485 519 4531 verboru
532 4485 616 4532 omittit
630 4486 670 4531 lid.
683 4491 716 4531 Pr.
