<?xml version="1.0" encoding="UTF-8"?>
<!DOCTYPE html PUBLIC "-//W3C//DTD XHTML 1.0 Transitional//EN"
    "http://www.w3.org/TR/xhtml1/DTD/xhtml1-transitional.dtd">
<html xmlns="http://www.w3.org/1999/xhtml" xml:lang="en" lang="en">
 <head>
  <title>
</title>
<meta http-equiv="Content-Type" content="text/html;charset=utf-8" />
  <meta name='ocr-system' content='tesseract 3.04.00' />
  <meta name='ocr-capabilities' content='ocr_page ocr_carea ocr_par ocr_line ocrx_word'/>
</head>
<body>
  <div class='ocr_page' id='page_1' title='image "./jacobiavoragine00jacogoog_0013.png"; bbox 0 0 2798 5302; ppageno 0'>
   <div class='ocr_carea' id='block_1_1' title="bbox 269 431 868 500">
    <p class='ocr_par' dir='ltr' id='par_1_1' title="bbox 269 431 868 500">
     <span class='ocr_line' id='line_1_1' title="bbox 269 431 868 500; baseline -0.015 0"><span class='ocrx_word' id='word_1_1' title='bbox 269 459 296 500; x_wconf 82' lang='lat' dir='ltr'><strong>av</strong></span> <span class='ocrx_word' id='word_1_2' title='bbox 720 431 868 492; x_wconf 84' lang='lat' dir='ltr'><strong>Praelatio.</strong></span> 
     </span>
    </p>
   </div>
   <div class='ocr_carea' id='block_1_2' title="bbox 258 595 1318 1480">
    <p class='ocr_par' dir='ltr' id='par_1_2' title="bbox 258 595 1318 1480">
     <span class='ocr_line' id='line_1_2' title="bbox 270 595 1313 685; baseline -0.013 -15"><span class='ocrx_word' id='word_1_3' title='bbox 270 598 473 685; x_wconf 78' lang='lat' dir='ltr'><strong>compilationi</strong></span> <span class='ocrx_word' id='word_1_4' title='bbox 494 597 714 679; x_wconf 87' lang='lat' dir='ltr'><strong>superadditas,</strong></span> <span class='ocrx_word' id='word_1_5' title='bbox 743 617 782 662; x_wconf 89' lang='lat' dir='ltr'><strong>ne</strong></span> <span class='ocrx_word' id='word_1_6' title='bbox 811 598 884 679; x_wconf 83' lang='lat' dir='ltr'><strong>quid</strong></span> <span class='ocrx_word' id='word_1_7' title='bbox 909 597 1017 661; x_wconf 87' lang='lat' dir='ltr'><strong>deesse</strong></span> <span class='ocrx_word' id='word_1_8' title='bbox 1036 597 1207 671; x_wconf 89' lang='lat' dir='ltr'><strong>videretur,</strong></span> <span class='ocrx_word' id='word_1_9' title='bbox 1234 595 1313 678; x_wconf 78' lang='lat' dir='ltr'><strong>adja-</strong></span> 
     </span>
     <span class='ocr_line' id='line_1_3' title="bbox 270 697 1313 779; baseline -0.011 -11"><span class='ocrx_word' id='word_1_10' title='bbox 270 707 395 775; x_wconf 85' lang='lat' dir='ltr'><strong>cissem,</strong></span> <span class='ocrx_word' id='word_1_11' title='bbox 428 701 500 774; x_wconf 89' lang='lat' dir='ltr'><strong>hoo,</strong></span> <span class='ocrx_word' id='word_1_12' title='bbox 536 697 618 779; x_wconf 87' lang='lat' dir='ltr'><strong>quod</strong></span> <span class='ocrx_word' id='word_1_13' title='bbox 653 697 744 760; x_wconf 94' lang='lat' dir='ltr'><strong>modo</strong></span> <span class='ocrx_word' id='word_1_14' title='bbox 777 699 892 778; x_wconf 90' lang='lat' dir='ltr'><strong>prodit,</strong></span> <span class='ocrx_word' id='word_1_15' title='bbox 927 698 1078 761; x_wconf 82' lang='lat' dir='ltr'><strong>volumine</strong></span> <span class='ocrx_word' id='word_1_16' title='bbox 1109 697 1313 759; x_wconf 79' lang='lat' dir='ltr'><strong>tanmmmodo</strong></span> 
     </span>
     <span class='ocr_line' id='line_1_4' title="bbox 271 795 1314 880; baseline -0.01 -12"><span class='ocrx_word' id='word_1_17' title='bbox 271 812 398 874; x_wconf 79' lang='lat' dir='ltr'><strong>textum,</strong></span> <span class='ocrx_word' id='word_1_18' title='bbox 441 816 532 880; x_wconf 85' lang='lat' dir='ltr'><strong>quam</strong></span> <span class='ocrx_word' id='word_1_19' title='bbox 566 798 651 878; x_wconf 89' lang='lat' dir='ltr'><strong>potui</strong></span> <span class='ocrx_word' id='word_1_20' title='bbox 679 798 885 878; x_wconf 90' lang='lat' dir='ltr'><strong>plenissimum</strong></span> <span class='ocrx_word' id='word_1_21' title='bbox 912 807 1000 878; x_wconf 86' lang='lat' dir='ltr'><strong>atque</strong></span> <span class='ocrx_word' id='word_1_22' title='bbox 1032 795 1314 869; x_wconf 76' lang='lat' dir='ltr'><strong>emendatissimum,</strong></span> 
     </span>
     <span class='ocr_line' id='line_1_5' title="bbox 272 896 1315 985; baseline -0.005 -18"><span class='ocrx_word' id='word_1_23' title='bbox 272 901 382 985; x_wconf 87' lang='lat' dir='ltr'><strong>potiori</strong></span> <span class='ocrx_word' id='word_1_24' title='bbox 401 896 539 961; x_wconf 89' lang='lat' dir='ltr'><strong>lectionis</strong></span> <span class='ocrx_word' id='word_1_25' title='bbox 553 896 694 960; x_wconf 84' lang='lat' dir='ltr'><strong>varietate</strong></span> <span class='ocrx_word' id='word_1_26' title='bbox 711 897 810 961; x_wconf 87' lang='lat' dir='ltr'><strong>addita</strong></span> <span class='ocrx_word' id='word_1_27' title='bbox 826 897 956 971; x_wconf 82' lang='lat' dir='ltr'><strong>exhibui,</strong></span> <span class='ocrx_word' id='word_1_28' title='bbox 978 897 1094 976; x_wconf 85' lang='lat' dir='ltr'><strong>reliqua</strong></span> <span class='ocrx_word' id='word_1_29' title='bbox 1114 897 1209 959; x_wconf 89' lang='lat' dir='ltr'><strong>altero</strong></span> <span class='ocrx_word' id='word_1_30' title='bbox 1230 897 1315 962; x_wconf 86' lang='lat' dir='ltr'><strong>volu·</strong></span> 
     </span>
     <span class='ocr_line' id='line_1_6' title="bbox 271 995 1315 1070; baseline -0.009 -4"><span class='ocrx_word' id='word_1_31' title='bbox 271 1001 346 1067; x_wconf 89' lang='lat' dir='ltr'><strong>mini</strong></span> <span class='ocrx_word' id='word_1_32' title='bbox 367 1005 583 1062; x_wconf 79' lang='lat' dir='ltr'>reservaturus.</span> <span class='ocrx_word' id='word_1_33' title='bbox 624 995 708 1059; x_wconf 87' lang='lat' dir='ltr'><strong>Unde</strong></span> <span class='ocrx_word' id='word_1_34' title='bbox 731 1015 812 1059; x_wconf 89' lang='lat' dir='ltr'><strong>nuuc</strong></span> <span class='ocrx_word' id='word_1_35' title='bbox 831 995 959 1058; x_wconf 87' lang='lat' dir='ltr'><strong>sulileiet</strong></span> <span class='ocrx_word' id='word_1_36' title='bbox 980 996 1148 1070; x_wconf 89' lang='lat' dir='ltr'><strong>monuisse,</strong></span> <span class='ocrx_word' id='word_1_37' title='bbox 1178 1014 1230 1057; x_wconf 92' lang='lat' dir='ltr'><strong>me</strong></span> <span class='ocrx_word' id='word_1_38' title='bbox 1253 1015 1315 1058; x_wconf 91' lang='lat' dir='ltr'><strong>ma-</strong></span> 
     </span>
     <span class='ocr_line' id='line_1_7' title="bbox 270 1094 1316 1175; baseline -0.01 -9"><span class='ocrx_word' id='word_1_39' title='bbox 270 1121 344 1166; x_wconf 90' lang='lat' dir='ltr'><strong>num</strong></span> <span class='ocrx_word' id='word_1_40' title='bbox 364 1096 494 1161; x_wconf 89' lang='lat' dir='ltr'><strong>auctoris</strong></span> <span class='ocrx_word' id='word_1_41' title='bbox 514 1094 625 1175; x_wconf 88' lang='lat' dir='ltr'><strong>optime</strong></span> <span class='ocrx_word' id='word_1_42' title='bbox 644 1096 791 1158; x_wconf 83' lang='lat' dir='ltr'><strong>redditam</strong></span> <span class='ocrx_word' id='word_1_43' title='bbox 814 1095 963 1158; x_wconf 86' lang='lat' dir='ltr'><strong>iuvenisse</strong></span> <span class='ocrx_word' id='word_1_44' title='bbox 984 1095 1016 1157; x_wconf 91' lang='lat' dir='ltr'><strong>in</strong></span> <span class='ocrx_word' id='word_1_45' title='bbox 1042 1095 1173 1160; x_wconf 86' lang='lat' dir='ltr'><strong>editione</strong></span> <span class='ocrx_word' id='word_1_46' title='bbox 1199 1095 1253 1157; x_wconf 90' lang='lat' dir='ltr'><strong>illa</strong></span> <span class='ocrx_word' id='word_1_47' title='bbox 1281 1096 1316 1156; x_wconf 86' lang='lat' dir='ltr'><strong>ab</strong></span> 
     </span>
     <span class='ocr_line' id='line_1_8' title="bbox 273 1191 1317 1276; baseline -0.006 -9"><span class='ocrx_word' id='word_1_48' title='bbox 273 1203 417 1267; x_wconf 86' lang='lat' dir='ltr'><strong>Eberto</strong></span> <span class='ocrx_word' id='word_1_49' title='bbox 448 1194 569 1275; x_wconf 84' lang='lat' dir='ltr'><strong>(Lexic.</strong></span> <span class='ocrx_word' id='word_1_50' title='bbox 597 1194 742 1272; x_wconf 78' lang='lat' dir='ltr'><strong>bibliogr.</strong></span> <span class='ocrx_word' id='word_1_51' title='bbox 769 1195 807 1257; x_wconf 88' lang='grc' dir='ltr'><strong>Τ.</strong></span> <span class='ocrx_word' id='word_1_52' title='bbox 829 1195 853 1258; x_wconf 91' lang='lat'><strong>1.</strong></span> <span class='ocrx_word' id='word_1_53' title='bbox 875 1215 905 1275; x_wconf 86' lang='lat' dir='ltr'><strong>p.</strong></span> <span class='ocrx_word' id='word_1_54' title='bbox 928 1195 1001 1258; x_wconf 79' lang='lat'><strong>872.</strong></span> <span class='ocrx_word' id='word_1_55' title='bbox 1022 1213 1068 1274; x_wconf 88' lang='lat' dir='ltr'><strong>sq.</strong></span> <span class='ocrx_word' id='word_1_56' title='bbox 1089 1214 1137 1257; x_wconf 91' lang='lat' dir='ltr'><strong>nr.</strong></span> <span class='ocrx_word' id='word_1_57' title='bbox 1161 1191 1317 1276; x_wconf 48' lang='lat' dir='ltr'><strong>lomb)</strong></span> 
     </span>
     <span class='ocr_line' id='line_1_9' title="bbox 273 1293 1318 1377; baseline -0.005 -12"><span class='ocrx_word' id='word_1_58' title='bbox 273 1298 438 1365; x_wconf 77' lang='lat' dir='ltr'><strong>accuratius</strong></span> <span class='ocrx_word' id='word_1_59' title='bbox 480 1293 629 1374; x_wconf 86' lang='lat' dir='ltr'><strong>descripta</strong></span> <span class='ocrx_word' id='word_1_60' title='bbox 667 1303 754 1375; x_wconf 88' lang='lat' dir='ltr'><strong>atque</strong></span> <span class='ocrx_word' id='word_1_61' title='bbox 796 1294 827 1356; x_wconf 92' lang='lat' dir='ltr'><strong>in</strong></span> <span class='ocrx_word' id='word_1_62' title='bbox 861 1293 979 1375; x_wconf 87' lang='lat' dir='ltr'><strong>publica</strong></span> <span class='ocrx_word' id='word_1_63' title='bbox 1013 1295 1194 1358; x_wconf 78' lang='lat' dir='ltr'><strong>bibliotheca</strong></span> <span class='ocrx_word' id='word_1_64' title='bbox 1234 1298 1318 1377; x_wconf 77' lang='lat' dir='ltr'><strong>regia</strong></span> 
     </span>
     <span class='ocr_line' id='line_1_10' title="bbox 258 1394 1318 1480; baseline -0.006 -16"><span class='ocrx_word' id='word_1_65' title='bbox 258 1395 435 1480; x_wconf 41' lang='lat' dir='ltr'><strong>,liresdemi</strong></span> <span class='ocrx_word' id='word_1_66' title='bbox 462 1403 619 1457; x_wconf 88' lang='lat' dir='ltr'><strong>asservata.</strong></span> <span class='ocrx_word' id='word_1_67' title='bbox 675 1397 741 1470; x_wconf 84' lang='lat' dir='ltr'><strong>Qua</strong></span> <span class='ocrx_word' id='word_1_68' title='bbox 768 1394 805 1457; x_wconf 93' lang='lat' dir='ltr'><strong>de</strong></span> <span class='ocrx_word' id='word_1_69' title='bbox 833 1413 868 1456; x_wconf 90' lang='lat' dir='ltr'><strong>re</strong></span> <span class='ocrx_word' id='word_1_70' title='bbox 893 1402 1004 1470; x_wconf 76' lang='lat' dir='ltr'><strong>tortum</strong></span> <span class='ocrx_word' id='word_1_71' title='bbox 1031 1394 1067 1457; x_wconf 90' lang='lat' dir='ltr'><strong>ad</strong></span> <span class='ocrx_word' id='word_1_72' title='bbox 1092 1396 1174 1458; x_wconf 92' lang='lat' dir='ltr'><strong>hunc</strong></span> <span class='ocrx_word' id='word_1_73' title='bbox 1192 1395 1318 1470; x_wconf 90' lang='lat' dir='ltr'><strong>librum,</strong></span> 
     </span>
    </p>
   </div>
   <div class='ocr_carea' id='block_1_3' title="bbox 149 1493 1318 1582">
    <p class='ocr_par' dir='ltr' id='par_1_3' title="bbox 149 1493 1318 1582">
     <span class='ocr_line' id='line_1_11' title="bbox 149 1493 1318 1582; baseline -0.005 -17"><span class='ocrx_word' id='word_1_74' title='bbox 149 1560 155 1572; x_wconf 84' lang='lat'><strong>,</strong></span> <span class='ocrx_word' id='word_1_75' title='bbox 274 1517 364 1582; x_wconf 88' lang='lat' dir='ltr'><strong>quem</strong></span> <span class='ocrx_word' id='word_1_76' title='bbox 396 1495 430 1558; x_wconf 89' lang='lat' dir='ltr'><strong>in</strong></span> <span class='ocrx_word' id='word_1_77' title='bbox 464 1494 575 1556; x_wconf 87' lang='lat' dir='ltr'><strong>notulis</strong></span> <span class='ocrx_word' id='word_1_78' title='bbox 607 1493 686 1556; x_wconf 86' lang='lat' dir='ltr'><strong>Edit.</strong></span> <span class='ocrx_word' id='word_1_79' title='bbox 720 1493 822 1557; x_wconf 88' lang='lat' dir='ltr'><strong>Princ.</strong></span> <span class='ocrx_word' id='word_1_80' title='bbox 866 1495 987 1558; x_wconf 87' lang='lat' dir='ltr'><strong>nomine</strong></span> <span class='ocrx_word' id='word_1_81' title='bbox 1029 1496 1194 1575; x_wconf 81' lang='lat' dir='ltr'><strong>designavi,</strong></span> <span class='ocrx_word' id='word_1_82' title='bbox 1242 1518 1318 1560; x_wconf 88' lang='lat' dir='ltr'><strong>con-</strong></span> 
     </span>
    </p>
   </div>
   <div class='ocr_carea' id='block_1_4' title="bbox 183 1594 1370 3483">
    <p class='ocr_par' dir='ltr' id='par_1_4' title="bbox 183 1594 1370 3483">
     <span class='ocr_line' id='line_1_12' title="bbox 273 1594 1319 1676; baseline -0.002 -14"><span class='ocrx_word' id='word_1_83' title='bbox 273 1595 454 1662; x_wconf 87' lang='lat' dir='ltr'><strong>stituendum</strong></span> <span class='ocrx_word' id='word_1_84' title='bbox 481 1604 569 1674; x_wconf 82' lang='lat' dir='ltr'><strong>atque</strong></span> <span class='ocrx_word' id='word_1_85' title='bbox 591 1613 649 1676; x_wconf 92' lang='lat' dir='ltr'><strong>ope</strong></span> <span class='ocrx_word' id='word_1_86' title='bbox 675 1594 804 1676; x_wconf 87' lang='lat' dir='ltr'><strong>optimae</strong></span> <span class='ocrx_word' id='word_1_87' title='bbox 830 1602 919 1658; x_wconf 91' lang='lat' dir='ltr'><strong>notae</strong></span> <span class='ocrx_word' id='word_1_88' title='bbox 940 1594 1075 1657; x_wconf 91' lang='lat' dir='ltr'><strong>codicum</strong></span> <span class='ocrx_word' id='word_1_89' title='bbox 1096 1597 1319 1660; x_wconf 86' lang='lat' dir='ltr'><strong>emendandum</strong></span> 
     </span>
     <span class='ocr_line' id='line_1_13' title="bbox 274 1694 1320 1778; baseline -0.002 -16"><span class='ocrx_word' id='word_1_90' title='bbox 274 1697 393 1770; x_wconf 89' lang='lat' dir='ltr'><strong>censui,</strong></span> <span class='ocrx_word' id='word_1_91' title='bbox 414 1694 568 1758; x_wconf 87' lang='lat' dir='ltr'><strong>maximam</strong></span> <span class='ocrx_word' id='word_1_92' title='bbox 590 1713 661 1756; x_wconf 89' lang='lat' dir='ltr'><strong>vero</strong></span> <span class='ocrx_word' id='word_1_93' title='bbox 691 1694 965 1775; x_wconf 89' lang='lat' dir='ltr'><strong>operamimpeudi</strong></span> <span class='ocrx_word' id='word_1_94' title='bbox 989 1695 1206 1776; x_wconf 79' lang='lat' dir='ltr'><strong>distinguendis</strong></span> <span class='ocrx_word' id='word_1_95' title='bbox 1228 1705 1320 1778; x_wconf 86' lang='lat' dir='ltr'><strong>atque</strong></span> 
     </span>
     <span class='ocr_line' id='line_1_14' title="bbox 273 1793 1319 1879; baseline 0 -19"><span class='ocrx_word' id='word_1_96' title='bbox 273 1794 520 1876; x_wconf 76' lang='lat' dir='ltr'><strong>interpungendis</strong></span> <span class='ocrx_word' id='word_1_97' title='bbox 540 1793 666 1872; x_wconf 73' lang='lat' dir='ltr'><strong>singulis</strong></span> <span class='ocrx_word' id='word_1_98' title='bbox 686 1793 941 1855; x_wconf 82' lang='lat' dir='ltr'><strong>enuntiationibus</strong></span> <span class='ocrx_word' id='word_1_99' title='bbox 959 1795 1165 1878; x_wconf 89' lang='lat' dir='ltr'><strong>periodisque,</strong></span> <span class='ocrx_word' id='word_1_100' title='bbox 1188 1816 1319 1879; x_wconf 88' lang='lat' dir='ltr'><strong>quarum</strong></span> 
     </span>
     <span class='ocr_line' id='line_1_15' title="bbox 274 1893 1320 1979; baseline 0 -20"><span class='ocrx_word' id='word_1_101' title='bbox 274 1905 383 1979; x_wconf 76' lang='lat' dir='ltr'><strong>prante</strong></span> <span class='ocrx_word' id='word_1_102' title='bbox 409 1894 505 1956; x_wconf 88' lang='lat' dir='ltr'><strong>adhue</strong></span> <span class='ocrx_word' id='word_1_103' title='bbox 531 1893 623 1955; x_wconf 89' lang='lat' dir='ltr'><strong>luerit</strong></span> <span class='ocrx_word' id='word_1_104' title='bbox 647 1893 803 1967; x_wconf 89' lang='lat' dir='ltr'><strong>conlusio,</strong></span> <span class='ocrx_word' id='word_1_105' title='bbox 836 1893 987 1956; x_wconf 89' lang='lat' dir='ltr'><strong>neminem</strong></span> <span class='ocrx_word' id='word_1_106' title='bbox 1015 1896 1100 1975; x_wconf 78' lang='lat' dir='ltr'><strong>legit</strong></span> <span class='ocrx_word' id='word_1_107' title='bbox 1149 1897 1188 1959; x_wconf 90' lang='lat' dir='ltr'><strong>Ut</strong></span> <span class='ocrx_word' id='word_1_108' title='bbox 1217 1907 1320 1960; x_wconf 87' lang='lat' dir='ltr'><strong>autem</strong></span> 
     </span>
     <span class='ocr_line' id='line_1_16' title="bbox 273 1991 1320 2074; baseline -0.003 -12"><span class='ocrx_word' id='word_1_109' title='bbox 273 2007 305 2062; x_wconf 87' lang='lat' dir='ltr'><strong>et</strong></span> <span class='ocrx_word' id='word_1_110' title='bbox 327 1995 458 2060; x_wconf 78' lang='lat' dir='ltr'><strong>exterior</strong></span> <span class='ocrx_word' id='word_1_111' title='bbox 482 1994 572 2074; x_wconf 76' lang='lat' dir='ltr'><strong>huJus</strong></span> <span class='ocrx_word' id='word_1_112' title='bbox 598 1991 699 2073; x_wconf 88' lang='lat' dir='ltr'><strong>operis</strong></span> <span class='ocrx_word' id='word_1_113' title='bbox 728 1991 846 2055; x_wconf 79' lang='lat' dir='ltr'><strong>babitus</strong></span> <span class='ocrx_word' id='word_1_114' title='bbox 873 2011 995 2069; x_wconf 88' lang='lat' dir='ltr'><strong>aerum,</strong></span> <span class='ocrx_word' id='word_1_115' title='bbox 1021 1995 1070 2058; x_wconf 90' lang='lat' dir='ltr'><strong>cui</strong></span> <span class='ocrx_word' id='word_1_116' title='bbox 1093 1995 1239 2072; x_wconf 87' lang='lat' dir='ltr'><strong>debetur,</strong></span> <span class='ocrx_word' id='word_1_117' title='bbox 1267 2016 1320 2058; x_wconf 92' lang='lat' dir='ltr'><strong>re·</strong></span> 
     </span>
     <span class='ocr_line' id='line_1_17' title="bbox 273 2091 1320 2172; baseline 0 -12"><span class='ocrx_word' id='word_1_118' title='bbox 273 2100 376 2171; x_wconf 87' lang='lat' dir='ltr'><strong>lerret,</strong></span> <span class='ocrx_word' id='word_1_119' title='bbox 395 2092 507 2157; x_wconf 86' lang='lat' dir='ltr'><strong>retinui</strong></span> <span class='ocrx_word' id='word_1_120' title='bbox 527 2092 677 2172; x_wconf 83' lang='lat' dir='ltr'><strong>autiqmm</strong></span> <span class='ocrx_word' id='word_1_121' title='bbox 697 2091 910 2156; x_wconf 87' lang='lat' dir='ltr'><strong>nonnullorum</strong></span> <span class='ocrx_word' id='word_1_122' title='bbox 929 2094 1143 2163; x_wconf 82' lang='lat' dir='ltr'><strong>vocabulorum</strong></span> <span class='ocrx_word' id='word_1_123' title='bbox 1162 2097 1320 2160; x_wconf 87' lang='lat' dir='ltr'><strong>scribendi</strong></span> 
     </span>
     <span class='ocr_line' id='line_1_18' title="bbox 272 2184 1319 2278; baseline -0.001 -17"><span class='ocrx_word' id='word_1_124' title='bbox 272 2199 435 2269; x_wconf 88' lang='lat' dir='ltr'><strong>rationem,</strong></span> <span class='ocrx_word' id='word_1_125' title='bbox 469 2194 509 2256; x_wconf 90' lang='lat' dir='ltr'><strong>ita</strong></span> <span class='ocrx_word' id='word_1_126' title='bbox 531 2201 565 2254; x_wconf 88' lang='lat' dir='ltr'><strong>ut</strong></span> <span class='ocrx_word' id='word_1_127' title='bbox 587 2184 693 2261; x_wconf 85' lang='lat' dir='ltr'><strong>voces,</strong></span> <span class='ocrx_word' id='word_1_128' title='bbox 722 2192 826 2272; x_wconf 86' lang='lat' dir='ltr'><strong>quales</strong></span> <span class='ocrx_word' id='word_1_129' title='bbox 845 2202 929 2256; x_wconf 84' lang='lat' dir='ltr'><strong>sunt:</strong></span> <span class='ocrx_word' id='word_1_130' title='bbox 954 2197 1074 2273; x_wconf 80' lang='lat' dir='ltr'><strong>martir,</strong></span> <span class='ocrx_word' id='word_1_131' title='bbox 1103 2196 1225 2278; x_wconf 75' lang='lat' dir='ltr'><strong>ydolum</strong></span> <span class='ocrx_word' id='word_1_132' title='bbox 1248 2210 1319 2273; x_wconf 77' lang='lat' dir='ltr'><strong>ete,</strong></span> 
     </span>
     <span class='ocr_line' id='line_1_19' title="bbox 272 2291 1320 2377; baseline -0.002 -15"><span class='ocrx_word' id='word_1_133' title='bbox 272 2300 323 2362; x_wconf 90' lang='lat' dir='ltr'><strong>hic</strong></span> <span class='ocrx_word' id='word_1_134' title='bbox 340 2296 401 2359; x_wconf 90' lang='lat' dir='ltr'><strong>illio</strong></span> <span class='ocrx_word' id='word_1_135' title='bbox 421 2292 619 2356; x_wconf 86' lang='lat' dir='ltr'><strong>inveniantur.</strong></span> <span class='ocrx_word' id='word_1_136' title='bbox 660 2291 723 2353; x_wconf 87' lang='lat' dir='ltr'><strong>Nec</strong></span> <span class='ocrx_word' id='word_1_137' title='bbox 752 2294 942 2373; x_wconf 74' lang='lat' dir='ltr'><strong>etymologias</strong></span> <span class='ocrx_word' id='word_1_138' title='bbox 968 2295 1034 2359; x_wconf 82' lang='lat' dir='ltr'><strong>illas</strong></span> <span class='ocrx_word' id='word_1_139' title='bbox 1061 2297 1320 2377; x_wconf 82' lang='lat' dir='ltr'><strong>perversissimas,</strong></span> 
     </span>
     <span class='ocr_line' id='line_1_20' title="bbox 274 2389 1368 2481; baseline 0.001 -20"><span class='ocrx_word' id='word_1_140' title='bbox 274 2398 383 2481; x_wconf 85' lang='lat' dir='ltr'><strong>quihus</strong></span> <span class='ocrx_word' id='word_1_141' title='bbox 403 2389 530 2456; x_wconf 81' lang='lat' dir='ltr'><strong>maxime</strong></span> <span class='ocrx_word' id='word_1_142' title='bbox 552 2389 697 2452; x_wconf 81' lang='lat' dir='ltr'><strong>claudicat</strong></span> <span class='ocrx_word' id='word_1_143' title='bbox 712 2391 841 2455; x_wconf 80' lang='lat' dir='ltr'><strong>lambos</strong></span> <span class='ocrx_word' id='word_1_144' title='bbox 862 2403 979 2470; x_wconf 87' lang='lat' dir='ltr'><strong>noster,</strong></span> <span class='ocrx_word' id='word_1_145' title='bbox 1002 2395 1152 2458; x_wconf 87' lang='lat' dir='ltr'><strong>emendari</strong></span> <span class='ocrx_word' id='word_1_146' title='bbox 1172 2415 1322 2462; x_wconf 85' lang='lat' dir='ltr'><strong>neccssa-</strong></span> <span class='ocrx_word' id='word_1_147' title='bbox 1367 2437 1368 2442; x_wconf 22' lang='grc' dir='ltr'><strong>κ</strong></span> 
     </span>
     <span class='ocr_line' id='line_1_21' title="bbox 183 2491 1370 2577; baseline 0.01 -29"><span class='ocrx_word' id='word_1_148' title='bbox 183 2541 186 2548; x_wconf 89' lang='grc'><strong>,</strong></span> <span class='ocrx_word' id='word_1_149' title='bbox 273 2497 352 2560; x_wconf 69' lang='lat' dir='ltr'><strong>mum</strong></span> <span class='ocrx_word' id='word_1_150' title='bbox 378 2492 466 2565; x_wconf 85' lang='lat' dir='ltr'><strong>duxi,</strong></span> <span class='ocrx_word' id='word_1_151' title='bbox 499 2508 592 2570; x_wconf 86' lang='lat' dir='ltr'><strong>quum</strong></span> <span class='ocrx_word' id='word_1_152' title='bbox 627 2491 867 2554; x_wconf 72' lang='lat' dir='ltr'><strong>aanomtionibus</strong></span> <span class='ocrx_word' id='word_1_153' title='bbox 896 2496 1029 2557; x_wconf 88' lang='lat' dir='ltr'><strong>secundo</strong></span> <span class='ocrx_word' id='word_1_154' title='bbox 1058 2493 1148 2577; x_wconf 79' lang='lat' dir='ltr'><strong>hujus</strong></span> <span class='ocrx_word' id='word_1_155' title='bbox 1173 2495 1324 2562; x_wconf 88' lang='lat' dir='ltr'><strong>editionis</strong></span> <span class='ocrx_word' id='word_1_156' title='bbox 1369 2491 1370 2496; x_wconf 66' lang='grc'>’</span> 
     </span>
     <span class='ocr_line' id='line_1_22' title="bbox 272 2579 1370 2676; baseline 0.002 -17"><span class='ocrx_word' id='word_1_157' title='bbox 272 2590 416 2659; x_wconf 85' lang='lat' dir='ltr'><strong>roimnini</strong></span> <span class='ocrx_word' id='word_1_158' title='bbox 450 2587 620 2652; x_wconf 89' lang='lat' dir='ltr'><strong>inserendis</strong></span> <span class='ocrx_word' id='word_1_159' title='bbox 653 2588 774 2652; x_wconf 87' lang='lat' dir='ltr'><strong>saniora</strong></span> <span class='ocrx_word' id='word_1_160' title='bbox 806 2592 915 2655; x_wconf 86' lang='lat' dir='ltr'><strong>allerre</strong></span> <span class='ocrx_word' id='word_1_161' title='bbox 939 2594 1028 2656; x_wconf 92' lang='lat' dir='ltr'><strong>liceat</strong></span> <span class='ocrx_word' id='word_1_162' title='bbox 1054 2604 1084 2658; x_wconf 91' lang='lat' dir='ltr'><strong>et</strong></span> <span class='ocrx_word' id='word_1_163' title='bbox 1109 2595 1221 2676; x_wconf 89' lang='lat' dir='ltr'><strong>ubique</strong></span> <span class='ocrx_word' id='word_1_164' title='bbox 1253 2599 1323 2662; x_wconf 85' lang='lat' dir='ltr'><strong>lero</strong></span> <span class='ocrx_word' id='word_1_165' title='bbox 1368 2579 1370 2590; x_wconf 13' lang='grc' dir='ltr'>λ</span> 
     </span>
     <span class='ocr_line' id='line_1_23' title="bbox 273 2687 1323 2779; baseline 0.004 -22"><span class='ocrx_word' id='word_1_166' title='bbox 273 2693 346 2757; x_wconf 87' lang='lat' dir='ltr'><strong>salis</strong></span> <span class='ocrx_word' id='word_1_167' title='bbox 373 2692 501 2764; x_wconf 87' lang='lat' dir='ltr'><strong>eluceat,</strong></span> <span class='ocrx_word' id='word_1_168' title='bbox 535 2687 608 2769; x_wconf 86' lang='lat' dir='ltr'><strong>quid</strong></span> <span class='ocrx_word' id='word_1_169' title='bbox 633 2691 738 2750; x_wconf 83' lang='lat' dir='ltr'><strong>auctor</strong></span> <span class='ocrx_word' id='word_1_170' title='bbox 762 2690 821 2753; x_wconf 86' lang='lat' dir='ltr'><strong>sibi</strong></span> <span class='ocrx_word' id='word_1_171' title='bbox 849 2692 987 2756; x_wconf 88' lang='lat' dir='ltr'><strong>voluerit.</strong></span> <span class='ocrx_word' id='word_1_172' title='bbox 1029 2695 1118 2769; x_wconf 86' lang='lat' dir='ltr'><strong>Inde,</strong></span> <span class='ocrx_word' id='word_1_173' title='bbox 1145 2715 1184 2759; x_wconf 90' lang='lat' dir='ltr'><strong>ne</strong></span> <span class='ocrx_word' id='word_1_174' title='bbox 1206 2699 1323 2779; x_wconf 81' lang='lat' dir='ltr'><strong>longua</strong></span> 
     </span>
     <span class='ocr_line' id='line_1_24' title="bbox 272 2788 1324 2868; baseline 0.005 -11"><span class='ocrx_word' id='word_1_175' title='bbox 272 2795 345 2868; x_wconf 91' lang='lat' dir='ltr'><strong>sim,</strong></span> <span class='ocrx_word' id='word_1_176' title='bbox 371 2792 431 2854; x_wconf 92' lang='lat' dir='ltr'><strong>hoc</strong></span> <span class='ocrx_word' id='word_1_177' title='bbox 450 2797 565 2852; x_wconf 86' lang='lat' dir='ltr'><strong>tantum</strong></span> <span class='ocrx_word' id='word_1_178' title='bbox 589 2788 681 2864; x_wconf 89' lang='lat' dir='ltr'><strong>addo,</strong></span> <span class='ocrx_word' id='word_1_179' title='bbox 713 2807 761 2851; x_wconf 86' lang='lat' dir='ltr'><strong>me</strong></span> <span class='ocrx_word' id='word_1_180' title='bbox 789 2791 820 2853; x_wconf 90' lang='lat' dir='ltr'><strong>in</strong></span> <span class='ocrx_word' id='word_1_181' title='bbox 847 2795 1040 2857; x_wconf 90' lang='lat' dir='ltr'><strong>recensendis</strong></span> <span class='ocrx_word' id='word_1_182' title='bbox 1066 2795 1142 2858; x_wconf 91' lang='lat' dir='ltr'><strong>locis</strong></span> <span class='ocrx_word' id='word_1_183' title='bbox 1169 2815 1205 2858; x_wconf 84' lang='lat' dir='ltr'><strong>er</strong></span> <span class='ocrx_word' id='word_1_184' title='bbox 1232 2818 1324 2864; x_wconf 89' lang='lat' dir='ltr'><strong>saera</strong></span> 
     </span>
     <span class='ocr_line' id='line_1_25' title="bbox 272 2889 1323 2977; baseline 0.005 -20"><span class='ocrx_word' id='word_1_185' title='bbox 272 2893 419 2974; x_wconf 86' lang='lat' dir='ltr'><strong>scriptura</strong></span> <span class='ocrx_word' id='word_1_186' title='bbox 429 2910 447 2953; x_wconf 88' lang='lat' dir='ltr'><strong>a</strong></span> <span class='ocrx_word' id='word_1_187' title='bbox 457 2889 569 2954; x_wconf 84' lang='lat' dir='ltr'><strong>Jacobo</strong></span> <span class='ocrx_word' id='word_1_188' title='bbox 580 2897 686 2951; x_wconf 91' lang='lat' dir='ltr'><strong>nostro</strong></span> <span class='ocrx_word' id='word_1_189' title='bbox 700 2889 795 2952; x_wconf 89' lang='lat' dir='ltr'><strong>allatis</strong></span> <span class='ocrx_word' id='word_1_190' title='bbox 809 2891 973 2972; x_wconf 90' lang='lat' dir='ltr'><strong>plurimum</strong></span> <span class='ocrx_word' id='word_1_191' title='bbox 990 2893 1101 2958; x_wconf 88' lang='lat' dir='ltr'><strong>debere</strong></span> <span class='ocrx_word' id='word_1_192' title='bbox 1118 2897 1185 2960; x_wconf 87' lang='lat' dir='ltr'><strong>viro</strong></span> <span class='ocrx_word' id='word_1_193' title='bbox 1199 2903 1323 2977; x_wconf 66' lang='lat' dir='ltr'><strong>magni-</strong></span> 
     </span>
     <span class='ocr_line' id='line_1_26' title="bbox 272 2988 1324 3069; baseline 0.008 -12"><span class='ocrx_word' id='word_1_194' title='bbox 272 2991 463 3057; x_wconf 77' lang='lat' dir='ltr'><strong>ficentissimo</strong></span> <span class='ocrx_word' id='word_1_195' title='bbox 491 2988 738 3069; x_wconf 86' lang='lat' dir='ltr'><strong>doctissimoque,</strong></span> <span class='ocrx_word' id='word_1_196' title='bbox 770 2991 946 3068; x_wconf 82' lang='lat' dir='ltr'><strong>hldllero,</strong></span> <span class='ocrx_word' id='word_1_197' title='bbox 977 2995 1148 3059; x_wconf 87' lang='lat' dir='ltr'><strong>consistorii</strong></span> <span class='ocrx_word' id='word_1_198' title='bbox 1178 3000 1324 3066; x_wconf 80' lang='lat' dir='ltr'><strong>catholici</strong></span> 
     </span>
     <span class='ocr_line' id='line_1_27' title="bbox 273 3087 1324 3179; baseline 0.008 -22"><span class='ocrx_word' id='word_1_199' title='bbox 273 3097 383 3158; x_wconf 80' lang='lat' dir='ltr'><strong>Saron.</strong></span> <span class='ocrx_word' id='word_1_200' title='bbox 404 3089 550 3172; x_wconf 89' lang='lat' dir='ltr'><strong>praesidi,</strong></span> <span class='ocrx_word' id='word_1_201' title='bbox 578 3087 646 3170; x_wconf 82' lang='lat' dir='ltr'><strong>qui,</strong></span> <span class='ocrx_word' id='word_1_202' title='bbox 675 3107 733 3169; x_wconf 83' lang='lat' dir='ltr'><strong>qua</strong></span> <span class='ocrx_word' id='word_1_203' title='bbox 761 3099 807 3153; x_wconf 83' lang='lat' dir='ltr'><strong>est</strong></span> <span class='ocrx_word' id='word_1_204' title='bbox 832 3091 1040 3158; x_wconf 86' lang='lat' dir='ltr'><strong>benevolentia</strong></span> <span class='ocrx_word' id='word_1_205' title='bbox 1058 3105 1147 3179; x_wconf 89' lang='lat' dir='ltr'><strong>atque</strong></span> <span class='ocrx_word' id='word_1_206' title='bbox 1170 3097 1324 3177; x_wconf 87' lang='lat' dir='ltr'><strong>doctriua,</strong></span> 
     </span>
     <span class='ocr_line' id='line_1_28' title="bbox 272 3187 1323 3282; baseline 0.012 -28"><span class='ocrx_word' id='word_1_207' title='bbox 272 3192 404 3272; x_wconf 78' lang='lat' dir='ltr'><strong>singulas</strong></span> <span class='ocrx_word' id='word_1_208' title='bbox 424 3190 557 3270; x_wconf 75' lang='lat' dir='ltr'><strong>plagulas</strong></span> <span class='ocrx_word' id='word_1_209' title='bbox 582 3187 692 3251; x_wconf 88' lang='lat' dir='ltr'><strong>iterum</strong></span> <span class='ocrx_word' id='word_1_210' title='bbox 719 3189 887 3273; x_wconf 83' lang='lat' dir='ltr'><strong>iterumque</strong></span> <span class='ocrx_word' id='word_1_211' title='bbox 913 3196 1070 3274; x_wconf 79' lang='lat' dir='ltr'><strong>perlegere</strong></span> <span class='ocrx_word' id='word_1_212' title='bbox 1098 3206 1204 3278; x_wconf 81' lang='lat' dir='ltr'><strong>atque,</strong></span> <span class='ocrx_word' id='word_1_213' title='bbox 1240 3221 1323 3282; x_wconf 83' lang='lat' dir='ltr'><strong>quae</strong></span> 
     </span>
     <span class='ocr_line' id='line_1_29' title="bbox 272 3287 1325 3381; baseline 0.014 -28"><span class='ocrx_word' id='word_1_214' title='bbox 272 3297 471 3372; x_wconf 88' lang='lat' dir='ltr'><strong>parumreote</strong></span> <span class='ocrx_word' id='word_1_215' title='bbox 485 3307 524 3360; x_wconf 75' lang='lat' dir='ltr'><strong>se,</strong></span> <span class='ocrx_word' id='word_1_216' title='bbox 538 3287 650 3350; x_wconf 90' lang='lat' dir='ltr'><strong>habere</strong></span> <span class='ocrx_word' id='word_1_217' title='bbox 674 3288 855 3364; x_wconf 85' lang='lat' dir='ltr'><strong>viderentur,</strong></span> <span class='ocrx_word' id='word_1_218' title='bbox 876 3294 1028 3374; x_wconf 79' lang='lat' dir='ltr'><strong>corrigere</strong></span> <span class='ocrx_word' id='word_1_219' title='bbox 1050 3297 1087 3360; x_wconf 86' lang='lat' dir='ltr'><strong>ab</strong></span> <span class='ocrx_word' id='word_1_220' title='bbox 1107 3297 1193 3361; x_wconf 88' lang='lat' dir='ltr'><strong>initio</strong></span> <span class='ocrx_word' id='word_1_221' title='bbox 1213 3306 1325 3381; x_wconf 92' lang='lat' dir='ltr'><strong>operis</strong></span> 
     </span>
     <span class='ocr_line' id='line_1_30' title="bbox 273 3387 1323 3483; baseline 0.014 -31"><span class='ocrx_word' id='word_1_222' title='bbox 273 3390 425 3472; x_wconf 87' lang='lat' dir='ltr'><strong>usquead</strong></span> <span class='ocrx_word' id='word_1_223' title='bbox 446 3390 536 3450; x_wconf 86' lang='lat' dir='ltr'><strong>finem</strong></span> <span class='ocrx_word' id='word_1_224' title='bbox 557 3407 618 3450; x_wconf 90' lang='lat' dir='ltr'><strong>non</strong></span> <span class='ocrx_word' id='word_1_225' title='bbox 639 3387 742 3450; x_wconf 88' lang='lat' dir='ltr'><strong>desiit:</strong></span> <span class='ocrx_word' id='word_1_226' title='bbox 770 3389 817 3452; x_wconf 92' lang='lat' dir='ltr'><strong>cui</strong></span> <span class='ocrx_word' id='word_1_227' title='bbox 847 3391 911 3455; x_wconf 88' lang='lat' dir='ltr'><strong>viro</strong></span> <span class='ocrx_word' id='word_1_228' title='bbox 933 3393 982 3456; x_wconf 86' lang='lat' dir='ltr'><strong>hie</strong></span> <span class='ocrx_word' id='word_1_229' title='bbox 1003 3415 1134 3460; x_wconf 85' lang='lat' dir='ltr'><strong>summas</strong></span> <span class='ocrx_word' id='word_1_230' title='bbox 1155 3419 1203 3464; x_wconf 85' lang='lat' dir='ltr'><strong>rue</strong></span> <span class='ocrx_word' id='word_1_231' title='bbox 1225 3421 1323 3483; x_wconf 82' lang='lat' dir='ltr'><strong>agere</strong></span> 
     </span>
    </p>
   </div>
   <div class='ocr_carea' id='block_1_5' title="bbox 168 3483 631 3571">
    <p class='ocr_par' dir='ltr' id='par_1_5' title="bbox 168 3483 631 3571">
     <span class='ocr_line' id='line_1_31' title="bbox 168 3483 631 3571; baseline -0.006 -20"><span class='ocrx_word' id='word_1_232' title='bbox 168 3547 170 3551; x_wconf 87' lang='lat'>.</span> <span class='ocrx_word' id='word_1_233' title='bbox 271 3488 382 3571; x_wconf 75' lang='lat' dir='ltr'><strong>gratias</strong></span> <span class='ocrx_word' id='word_1_234' title='bbox 400 3506 517 3552; x_wconf 80' lang='lat' dir='ltr'><strong>animus</strong></span> <span class='ocrx_word' id='word_1_235' title='bbox 534 3483 631 3568; x_wconf 80' lang='lat' dir='ltr'><strong>jubet.</strong></span> 
     </span>
    </p>
   </div>
   <div class='ocr_carea' id='block_1_6' title="bbox 353 3613 1118 3706">
    <p class='ocr_par' dir='ltr' id='par_1_6' title="bbox 353 3613 1118 3706">
     <span class='ocr_line' id='line_1_32' title="bbox 353 3613 1118 3706; baseline -0.001 -18"><span class='ocrx_word' id='word_1_236' title='bbox 353 3613 468 3703; x_wconf 86' lang='lat' dir='ltr'><strong>Scripsi</strong></span> <span class='ocrx_word' id='word_1_237' title='bbox 488 3621 619 3686; x_wconf 83' lang='lat' dir='ltr'><strong>Dresdae</strong></span> <span class='ocrx_word' id='word_1_238' title='bbox 640 3622 702 3685; x_wconf 82' lang='lat' dir='ltr'><strong>Kal.</strong></span> <span class='ocrx_word' id='word_1_239' title='bbox 724 3625 884 3688; x_wconf 85' lang='lat' dir='ltr'><strong>Novemhr.</strong></span> <span class='ocrx_word' id='word_1_240' title='bbox 907 3615 1118 3706; x_wconf 65' lang='lat' dir='ltr'><strong>MDCCCXLV,</strong></span> 
     </span>
    </p>
   </div>
   <div class='ocr_carea' id='block_1_7' title="bbox 0 0 1406 5302">
    <p class='ocr_par' dir='ltr' id='par_1_7' title="bbox 0 0 1406 5302">
     <span class='ocr_line' id='line_1_33' title="bbox 0 0 1406 5302; baseline 0 0"><span class='ocrx_word' id='word_1_241' title='bbox 0 0 1406 5302; x_wconf 95' lang='lat' dir='ltr'><strong> </strong></span> 
     </span>
    </p>
   </div>
  </div>
 </body>
</html>
