2984 5316
357 471 419 576 {80
568 474 640 554 Cup.
663 471 725 534 XC.
768 473 810 532 De
833 481 931 532 sancio
958 467 1051 528 Paulo
1080 466 1223 547 apostolo.
1265 483 1268 488 ’

647 763 649 768 Ι
718 780 813 897 crr.
837 797 904 896 ιι.
930 797 1091 900 raon·

373 1059 378 1073 ἱ
456 1063 461 1074 ¹
529 934 604 1028 lio
625 955 790 1026 sancto
810 949 966 1026 Paulo
988 944 1217 1036 npossurn.

420 1115 518 1174 Paulus
537 1121 725 1194 interpretatur
746 1135 776 1175 os
800 1120 881 1175 tubae
898 1117 939 1174 rel
958 1133 988 1172 os
1006 1131 1094 1172 eorurn
1115 1128 1163 1169 seu
1180 1111 1291 1167 cieciuur
1309 1107 1388 1161 nira-

354 1213 410 1272 hiie
429 1217 469 1274 rel
489 1217 628 1277 electionis
646 1219 806 1286 miraculum,
824 1219 866 1276 rei
882 1218 979 1275 Paulus
998 1231 1015 1270 a
1032 1227 1125 1287 pausa,
1143 1209 1213 1286 quod
1231 1215 1272 1267 est
1284 1207 1389 1279 requiri

355 1315 495 1384 irehraice,
514 1321 632 1379 modicus
649 1321 739 1377 iatine.
775 1319 826 1377 Per
842 1319 909 1376 haec
920 1315 1104 1390 intelliguntur
1116 1327 1163 1370 serr
1176 1308 1388 1384 praerogatirse,

354 1431 422 1488 quas
444 1417 537 1474 hahuit
558 1420 654 1479 Paulus
676 1435 741 1493 prae
767 1421 888 1476 caeteris.
923 1418 1034 1474 Primum
1059 1424 1101 1474 est
1124 1416 1217 1487 lingua
1241 1407 1388 1470 lructuosa

353 1519 416 1588 qula
431 1518 465 1576 ah
484 1517 586 1593 iiiprieo
604 1535 687 1593 usquo
705 1521 738 1576 od
756 1519 960 1591 Hierosolymam
978 1517 1143 1590 praedicarit
1159 1510 1337 1586 evangelium,
1361 1511 1389 1562 et

352 1616 414 1674 ideo
434 1617 530 1675 dieitur
546 1637 577 1676 uu
595 1621 689 1687 tulnae,
716 1617 858 1676 secundum
875 1621 972 1675 raritas
990 1621 1138 1683 viscerosa,
1157 1617 1218 1689 quia
1237 1613 1296 1684 quir
1313 1608 1388 1665 inirr-

352 1725 438 1774 uraiur
454 1726 481 1777 et
497 1736 549 1795 ego
567 1738 619 1777 non
638 1720 753 1777 inhrnor
772 1725 838 1777 eto:
859 1718 922 1776 inde
940 1718 1038 1776 dicitur
1054 1733 1086 1774 os
1107 1731 1211 1780 eorum,
1238 1729 1268 1768 os
1285 1711 1388 1768 scilicet

352 1818 451 1888 cordis,
471 1817 505 1877 de
523 1837 574 1894 quo
594 1824 653 1893 ipse
667 1820 743 1878 dicii:
762 1836 793 1876 os
811 1810 927 1876 nostruin
939 1824 1013 1892 patet
1025 1817 1059 1874 rid
1076 1833 1133 1886 ros,
1151 1832 1167 1872 o
1182 1812 1321 1871 Corinthii:
1340 1827 1388 1868 cor

351 1927 468 1977 unstruur
493 1920 629 1978 dilatatum
656 1930 704 1978 est.
740 1921 858 1977 ¹‘l'ertiuur
878 1926 919 1976 est
938 1921 1076 1976 conversio
1101 1915 1258 1974 miraculosa
1283 1920 1309 1970 et
1325 1913 1386 1970 inde

352 2018 449 2076 dieitur
465 2021 574 2078 eieeiunr
593 2022 729 2090 mirabile,
752 2022 816 2095 quia
832 2020 990 2078 ruiruhiiiier
1006 2019 1106 2078 eiectus
1122 2025 1149 2073 et
1166 2029 1308 2074 conversus
1327 2014 1385 2070 iult

351 2119 475 2184 donnum
501 2129 542 2177 εει
565 2137 655 2179 munus
680 2137 796 2194 operoso
817 2129 845 2178 et
868 2120 928 2178 inde
949 2121 1046 2177 dicitur
1069 2120 1205 2176 electionis
1223 2113 1384 2178 nrirnouiuun.

350 2219 475 2294 Magnum
493 2225 562 2279 enirn
579 2222 728 2278 miraculum
745 2221 812 2290 tuit,
837 2221 941 2295 quando
963 2223 1046 2295 elegit
1063 2217 1246 2292 sibipropriis
1264 2217 1385 2272 nantinus

349 2330 469 2393 sumptus
486 2325 624 2395 acquirere
640 2330 667 2380 et
684 2325 848 2378 incessanter
866 2320 1030 2394 praedicare.
1065 2319 1186 2384 Quintum
1203 2319 1253 2374 iuit
1267 2322 1382 2373 cuntem-

349 2421 433 2494 piniio
451 2420 594 2490 deliciosa,
619 2425 681 2495 poia
702 2432 794 2495 raptus
819 2429 861 2478 est
886 2438 969 2496 usque
988 2423 1015 2477 iu
1030 2423 1133 2478 teriiun
1154 2419 1255 2475 coelun
1275 2424 1301 2474 et
1323 2416 1384 2474 inda

349 2520 400 2579 init
415 2520 512 2577 domini
530 2525 644 2596 requies,
660 2527 723 2595 quin
741 2523 768 2578 in
788 2523 1007 2595 contemplatione
1024 2523 1140 2595 exigitur
1159 2520 1264 2592 requies
1279 2521 1383 2574 mentis.

348 2621 455 2677 Sextum
481 2628 522 2678 est
547 2622 680 2680 humilitas
705 2625 823 2680 virtuosa
845 2627 872 2679 el
897 2621 957 2680 iude
981 2623 1077 2680 dicitur
1098 2621 1225 2677 modicus.
1260 2620 1297 2676 iio
1330 2617 1383 2675 hoo

347 2729 434 2779 sutura
458 2723 562 2778 nominc
587 2722 683 2778 Paulus
713 2731 768 2780 tres
791 2729 851 2780 suni
873 2726 1019 2796 opiniones.
1056 2723 1186 2798 Origenes
1210 2722 1280 2790 ruli,
1309 2719 1381 2794 ephod

348 2838 454 2895 seraper
465 2823 545 2902 inerit
555 2823 683 2879 hluonius
698 2831 724 2880 et
737 2832 844 2880 vocatus
861 2827 897 2880 sit
913 2839 1018 2897 sempor
1036 2823 1132 2881 Saulus
1155 2829 1182 2880 ei
1200 2822 1311 2888 rantum
1329 2819 1383 2878 ila-

347 2922 433 2979 huuus
456 2938 520 2980 roro
545 2923 610 2990 ruit,
634 2922 705 2996 qoud
730 2932 790 2982 anto
814 2923 900 2981 diclns
917 2930 960 2981 esi
981 2925 1076 2982 Sunius
1094 2939 1111 2980 a
1128 2921 1226 2992 Saule,
1254 2939 1319 2995 rego
1337 2939 1383 2978 su·

346 3023 446 3096 perho,
469 3023 518 3080 sed
533 3029 597 3097 pust
614 3026 812 3081 uournrsiuueur
831 3031 939 3082 roceius
959 3033 1001 3082 esi
1016 3024 1130 3092 Paulus,
1152 3025 1231 3098 quusi
1247 3022 1382 3096 parvulus,
1443 3089 1446 3094 1

346 3140 365 3179 a
381 3123 484 3182 nodum
501 3131 529 3180 ει
545 3122 637 3179 humili
654 3127 766 3196 spiritu,
790 3125 860 3181 unde
878 3131 905 3182 et
921 3141 1015 3183 nomeu
1032 3141 1107 3182 suun
1125 3122 1321 3197 interpretando
1340 3121 1382 3178 di-

347 3225 438 3283 oehui:
458 3241 583 3299 egerunt
602 3225 721 3280 uuinlnuuu
740 3223 919 3297 upusidioruun
938 3233 988 3282 eto.
1023 3225 1099 3282 Beda
1115 3231 1201 3282 autern
1221 3223 1290 3292 ruit,
1309 3223 1382 3297 quod

346 3325 432 3383 dietus
451 3333 493 3383 est
510 3323 606 3381 Pouiuu
626 3325 757 3399 aSorgio
776 3325 858 3383 Paulo
876 3325 1050 3398 proconsule,
1074 3325 1203 3398 quemad
1222 3324 1298 3388 idern
1315 3340 1381 3399 oon·

345 3429 433 3485 vortit.
468 3425 724 3482 Passiouumaaucti
740 3424 816 3482 Pauli
835 3425 917 3482 Linus
935 3440 1005 3499 papa
1021 3430 1187 3500 conscripsit

411 3526 508 3584 Paulos
533 3525 671 3598 apostolus
696 3533 757 3598 post
777 3529 817 3582 sui
844 3529 1040 3584 couversionem
1065 3527 1160 3584 mulius
1181 3530 1381 3600 persecutiones

345 3644 442 3703 passus
459 3633 516 3696 est,
541 3643 608 3700 quas
625 3623 719 3684 heatus
738 3625 853 3682 Hilarius
871 3627 988 3683 hreriier
1007 3633 1142 3684 enumerat
1159 3627 1265 3685 dicens:
1283 3627 1381 3685 Paulus

343 3729 482 3803 apostolus
500 3731 526 3783 in
543 3726 673 3800 Philippis
691 3720 774 3800 rirg'ls
793 3727 927 3797 caeditur,
951 3731 977 3785 in
995 3745 1102 3789 caruere
1125 3731 1232 3803 ponitur
1261 3735 1289 3786 ει
1305 3729 1380 3803 tigno

343 3830 457 3902 pedihus
475 3827 609 3901 eiigitur,
632 3830 659 3884 lu
682 3829 780 3886 Listris
804 3826 951 3900 lapidatur,
978 3833 1004 3886 in
1023 3827 1122 3886 loonio
1142 3836 1169 3886 et
1185 3828 1381 3887 Thessalonica

344 3929 378 3985 ah
405 3931 502 4004 iniquis
528 3931 710 4003 persequitur,
743 3931 770 3984 in
793 3925 901 4001 Epheso
927 3929 992 3986 ieris
1017 3929 1102 3999 datur,
1129 3931 1155 3986 in
1178 3931 1307 3988 Damasco
1332 3947 1380 4004 por

342 4039 460 4104 sportuur
479 4047 495 4088 e
512 4047 586 4087 muro
604 4031 762 4103 deponitur,
782 4032 809 4085 in
828 4029 975 4088 Jerusalem
994 4032 1106 4098 sistitur,
1123 4032 1252 4102 caeditur,
1270 4032 1379 4106 ligatur,

345 4130 500 4200 irrsidintur,
525 4134 552 4188 in
570 4131 697 4192 Caesaris
714 4129 861 4199 clauditur,
886 4133 1053 4199 criminatur,
1080 4133 1209 4208 uarignnu
1232 4135 1259 4190 iu
1276 4133 1379 4190 italiam

343 4231 462 4303 periculo
480 4230 619 4307 dirigitur,
638 4229 744 4288 lionau
764 4233 872 4289 ueniens
891 4231 940 4288 auh
959 4229 1063 4290 h'erono
1078 4233 1214 4306 ludicatur
1231 4241 1257 4290 ct
1274 4237 1380 4291 orchus

268 4357 271 4362 ·
344 4331 440 4388 hnltur.
475 4331 545 4389 llaec
562 4331 687 4390 hillarius.
721 4331 906 4406 Apostolaium
923 4331 993 4390 inter
1008 4342 1102 4410 gentes
1119 4335 1231 4408 aceepit,
1249 4335 1379 4408 quendam

343 4437 503 4491 contendum
527 4433 553 4490 in
570 4430 667 4491 Lisirls
691 4435 792 4505 erexit,
814 4435 953 4508 inuenero,
979 4437 1025 4509 qui
1047 4434 1082 4494 de
1105 4434 1224 4494 ieueuiro
1246 4435 1380 4494 ceciderat
