2918 5302
151 491 224 570 Cap.
245 461 428 548 cxxxviii.
473 489 520 548 De
541 496 643 546 cauete
664 487 800 550 iohanne
820 487 1036 563 Chryseatenuu.
1078 486 1136 548 tit

97 647 141 708 dd
160 647 229 704 lune
248 662 338 706 recem
356 647 478 718 pretium
495 645 542 701 ille
560 644 734 718 malignorum
752 644 831 702 turbu
845 645 979 718 disparuit
993 647 1141 717 spirituum,

98 748 217 806 iudaeae
237 753 323 804 autem
342 747 460 800 cenninus
479 743 512 799 ad
532 746 684 815 episcopum
704 747 775 801 veuit
800 749 827 801 et
851 745 877 800 el
893 747 982 802 urania
1000 755 1048 820 per
1067 747 1141 806 erili·

99 865 157 906 nem
179 847 322 904 enerravit
357 844 433 908 Quod
456 843 503 899 llle
526 842 639 898 audiena
665 842 832 900 veliementer
848 847 976 916 ingemuit
994 852 1024 901 at
1040 861 1154 924 umaern

99 947 233 1004 mulierem
247 961 264 1002 a
277 945 355 1002 inno
366 958 415 999 uua
425 946 545 1014 pretinm
563 946 674 998 removit
684 950 711 999 at
722 941 851 1000 iudaeum
865 942 1018 1013 bnptiaarit.
1027 971 1142 988 ---

99 1053 139 1109 o.
157 1046 250 1103 llelert
266 1058 372 1118 queque
390 1041 536 1114 Gregorius
554 1044 581 1096 in
604 1040 674 1096 libre
700 1041 889 1114 dialogorum,
916 1041 987 1114 qued
1012 1044 1140 1116 quaedum

98 1143 308 1202 sanctimonialis
325 1141 430 1198 bertum
446 1141 601 1214 ingrediens
621 1147 649 1196 et
665 1140 794 1198 lactucam
808 1143 975 1212 ennepieleuu
990 1146 1143 1215 concupiuit

99 1260 210 1316 eumque
227 1245 306 1317 aigne
325 1243 410 1298 crucia
428 1240 586 1297 benedicere
604 1239 689 1295 oblite
707 1239 785 1296 eride
803 1241 952 1308 nnemurdlt,
972 1241 1020 1298 aed
1033 1251 1142 1314 arrepta

99 1359 116 1399 a
134 1342 248 1414 dpebcle
266 1343 387 1412 pretinuu
404 1340 510 1396 cecidit.
546 1339 608 1394 Gunn
626 1345 712 1394 autem
732 1338 826 1395 beatur
850 1338 1007 1412 ¹)Equitiue
1031 1341 1065 1398 cd
1083 1355 1140 1400 euin

98 1445 225 1509 reniteat,
243 1439 373 1513 dyabolus
387 1439 601 1510 clamareueepit
614 1439 763 1496 aedicere:
778 1455 830 1512 ege
844 1438 906 1512 quid
920 1439 993 1496 lculi
1010 1455 1063 1514 ege
1077 1445 1141 1516 quini

98 1529 185 1598 iecl‘?¹
202 1539 333 1597 Sedebam
351 1537 396 1593 blc
412 1553 493 1608 ceper
509 1537 647 1606 lnctncnru,
666 1538 714 1593 ilie
727 1541 797 1595 uenit
812 1544 838 1594 et
856 1538 996 1594 momordit
1013 1555 1063 1598 me.
1098 1543 1140 1598 ni

98 1642 235 1712 imperinm
248 1625 334 1694 autern
348 1637 479 1710 praedicti
495 1638 545 1692 rlrl
558 1653 617 1692 mex
631 1637 665 1693 de
680 1652 712 1694 ea
723 1640 812 1694 exirit.
825 1667 861 1680 -
871 1667 905 1682 —-
918 1667 950 1682 ···
976 1643 1009 1698 7.
1028 1639 1144 1714 Legitur

99 1741 125 1794 ln
144 1738 266 1810 hystoria
283 1739 466 1794 eccleuiuetica
483 1734 553 1791 libre
571 1735 634 1804 xi,
659 1737 730 1808 quud
754 1739 869 1811 gentliee
887 1755 936 1809 per
952 1739 1139 1795 Alexandriam

97 1835 172 1895 arura
189 1837 299 1908 Serapis
319 1839 346 1892 lu
365 1835 511 1908 parietibus
531 1833 720 1906 depinxerant,
744 1835 917 1893 Tireutieaiue
937 1854 999 1894 rere
1019 1839 1074 1894 illia
1091 1839 1139 1895 de·

98 1937 159 1993 letia
178 1939 282 2010 signent
301 1938 387 1992 crucia
405 1934 514 2008 depingi
532 1933 675 1989 manuducit.
711 1935 768 2000 Qun
793 1939 851 1992 uiue
873 1938 987 2010 gentiles
1006 1944 1033 1993 et
1050 1951 1141 1995 emer-

99 2035 176 2092 duteu
192 2035 329 2108 ydolorum
347 2035 477 2106 baptizati
494 2042 556 2091 eunt
574 2034 708 2102 dicenter,
733 2034 856 2090 traditu·
879 2051 941 2091 ense
961 2037 995 2090 ab
1013 2040 1139 2109 antiquie,

99 2134 170 2208 qued
189 2149 237 2202 aa,
261 2149 329 2206 quac
346 2133 486 2200 celebant,
511 2140 630 2201 starent,
654 2133 739 2190 denec
762 2135 865 2189 reniret
882 2137 986 2206 signum
1004 2135 1087 2204 illud,
1111 2140 1139 2192 in

99 2250 151 2306 qun
177 2239 219 2290 cet
241 2235 304 2288 ritu.
341 2230 475 2296 Quaedam
501 2240 562 2287 tunc
579 2231 658 2288 litera
675 2231 746 2302 apud
766 2232 846 2301 ilice,
873 2249 950 2305 quan
970 2249 1073 2289 ceceanu
1092 2251 1138 2290 ru·

99 2333 212 2402 cabant,
235 2329 354 2390 babebat
371 2332 480 2388 lernam
501 2332 603 2396 crucia,
628 2346 706 2403 quem
732 2331 857 2388 dicebant
875 2335 1044 2404 interpretari
1061 2336 1138 2390 etiarn

99 2433 221 2490 iuturauu.

516 2675 722 2690 m

386 2921 482 3017 cnr.
507 2919 712 3017 cuiun
745 2881 856 3020 (inin
1015 3001 1016 3004 ψ

170 3073 245 3144 lic
272 3073 440 3144 anneto
462 3073 694 3146 Jcnnnne
715 3067 1062 3162 musceium.

163 3236 300 3295 inbannea
326 3240 484 3310 cognomine
506 3236 710 3309 Glnryuentemut
733 3235 897 3294 dntlueenua'
928 3237 997 3293 ilina
1024 3233 1138 3294 Secundi

98 3343 126 3393 et
151 3336 324 3405 ²)llnthurae
349 3335 476 3392 nobilium
501 3336 558 3391 luit.
594 3337 677 3409 deine
702 3338 774 3406 rita,
797 3351 899 3409 genua,
921 3339 1088 3392 concertatio
1111 3343 1139 3392 et

98 3438 249 3507 persecutio
268 3437 295 3490 in
309 3435 428 3508 ipsteria
445 3437 581 3507 tripartita
599 3435 705 3508 plealuu
722 3434 882 3492 declaratur.
918 3436 968 3499 ilul
981 3449 1036 3490 cum
1050 3435 1138 3507 pbilu·
1172 3417 1174 3422 ¹

99 3533 212 3606 cupitae
230 3532 343 3590 eludium
362 3534 548 3606 impunitaem,
567 3535 672 3590 tandem
691 3533 761 3590 bunc
779 3533 906 3590 decerene
925 3533 1022 3590 diuinis
1042 3535 1137 3589 lectic-

99 3633 177 3688 nlbun
195 3631 370 3688 incumbebat.
406 3631 457 3697 ilui
475 3632 609 3704 praebitae
625 3633 762 3689 ordinatus
780 3638 891 3704 prepter
906 3633 989 3694 uelum
1006 3633 1139 3688 enatitatln

98 3732 221 3787 tenerier
239 3727 389 3785 lnebcbetu'r
411 3737 441 3787 et
464 3731 563 3787 terrori
587 3734 673 3806 mugla
698 3745 774 3804 quau
793 3731 989 3788 mansuetudini
1004 3732 1139 3788 eerriemd

99 3836 128 3885 at
143 3835 254 3900 prepter
270 3829 342 3884 ultae
358 3827 542 3886 rectitudinem
562 3833 682 3885 incautae
703 3831 736 3884 ad
757 3830 844 3886 lutura
862 3831 1139 3901 prospicereneacie·

99 3928 155 3983 bat.
189 3927 219 3982 in
237 3927 453 3984 contabulatione
469 3942 602 4002 arregana
618 3943 637 3983 n
653 3929 831 3984 mercientihua
855 3931 1013 4000 putabatur,
1040 3931 1067 3983 lc
1090 3925 1140 3984 de·

101 4025 185 4084 cende
206 4033 266 4082 erat
282 4028 452 4097 praecipuae,
470 4027 496 4082 lu
509 4023 664 4098 expuuendu
679 4030 817 4100 egregium
836 4028 869 4084 nd
881 4043 966 4084 murra
978 4027 1141 4084 ecereendce

100 4129 221 4198 optinui.
256 4123 439 4197 licgnantibuu
457 4126 540 4198 igitur
557 4123 672 4180 Arcadio
694 4131 721 4181 et
739 4125 854 4182 donorio
872 4128 1019 4200 degentia,
1042 4135 1070 4182 et
1086 4126 1140 4181 lic·

101 4239 174 4280 mnae
197 4225 224 4279 in
240 4221 359 4280 deunana
375 4223 442 4278 rede
459 4223 630 4294 praecidente
655 4223 743 4280 inctua
766 4230 809 4282 eat
825 4227 977 4298 eptennpun.
1013 4225 1064 4290 ilci
1081 4223 1141 4280 dum

100 4363 475 4384 W

153 4445 173 4496 ¹i
187 4441 233 4488 niii
246 4441 336 4496 ieeuuin
349 4439 485 4494 Equienti.
561 4442 585 4496 t)
596 4444 689 4488 necent.
703 4445 833 4488 laturae
846 4441 932 4494 lemni.

862 4521 898 4580 tt
919 4524 935 4557 '
