2866 5310
340 489 403 554 836
506 487 579 566 Cup.
602 485 757 546 chxxt
800 487 845 548 De
867 495 967 546 semoto
990 487 1108 567 Pelagio
1128 507 1223 572 popu.

340 650 379 702 ite
397 648 540 718 Imperator
562 644 750 716 dissimulauit,
775 661 808 702 no
828 648 852 702 si
879 643 911 702 du
935 663 968 705 uo
991 648 1064 704 nolis
1087 649 1206 720 suspirio
1231 644 1388 714 nubentur,

340 750 458 820 quamuis
485 744 517 800 du
544 743 594 801 hon
620 747 715 803 multus
740 762 826 803 sermo
852 746 936 804 iuret.
970 739 1044 805 Gnde
1068 754 1104 816 et,
1127 763 1297 822 quorumque
1323 747 1386 812 tuus,

341 862 446 919 snruper
463 860 509 902 rus
528 859 616 901 oenum
637 844 759 902 dueebnt.
795 847 877 919 iiujus
892 847 982 904 Garuli
1000 853 1119 921 tempore
1137 847 1259 905 otietu-
1270 846 1385 904 Amore·

340 952 440 1005 stonum
460 947 570 1001 monime
586 945 719 1001 dimissum
732 952 774 1003 est
786 952 812 1002 ei
826 945 1017 1020 Gregoriunum
1029 947 1194 1005 sollemniter
1206 947 1384 1021 diruigutum.

340 1047 469 1120 imperiali
487 1049 645 1102 tueturitutu
664 1045 697 1101 nd
717 1046 767 1100 hou
786 1047 922 1118 pinninum
944 1047 1095 1122 adjurante.
1130 1048 1292 1104 Ambrosius
1310 1062 1383 1102 m-

339 1165 408 1223 que,
432 1152 462 1202 ut
478 1151 592 1202 testatur
610 1143 774 1217 Augustinus
792 1148 818 1201 in
836 1146 906 1203 libro
924 1148 1135 1219 οοιιῐιιιίοιιιιιι,
1159 1164 1219 1204 uuus
1243 1147 1384 1207 {iustius

339 1248 520 1321 imperatrice,
538 1245 638 1300 Ariane
656 1245 766 1316 peridis
785 1246 946 1317 depravatu,
971 1250 1179 1318 persecutionem
1197 1253 1382 1325 petereturri

338 1355 410 1407 intro
434 1345 572 1404 ecclesium
598 1359 654 1400 uum
680 1344 758 1416 pinbe
784 1347 917 1404 cntioiiuss
947 1349 1050 1404 insidiis
1079 1356 1236 1424 urgeretur,
1270 1351 1382 1405 instituit

340 1451 449 1523 hymnos
469 1454 496 1504 et
511 1444 644 1519 punimus,
670 1445 718 1500 sed
738 1462 810 1503 more
828 1449 1008 1517 orientolium,
1033 1448 1184 1516 densatum,
1210 1463 1247 1506 ue
1268 1449 1381 1522 populus

339 1545 563 1606 nonrurtsruedto
576 1543 785 1601 contabesceret
806 1546 880 1611 Quod
888 1563 936 1619 per
948 1564 1038 1605 onnes
1052 1550 1100 1606 iuit
1113 1547 1284 1622 postmodun
1295 1549 1379 1606 eode-

338 1654 394 1709 stus
419 1649 572 1704 derivatum.
610 1644 705 1702 Verum
724 1645 869 1719 Gregorius
897 1649 1061 1720 postmodum
1086 1649 1283 1723 superueniens
1305 1649 1380 1721 piuru

339 1751 461 1815 mutauit,
486 1746 588 1802 sortitu
611 1751 638 1802 et
661 1746 835 1803 detruncavit
877 1749 967 1805 Sancti
993 1754 1059 1807 enirn
1086 1756 1177 1822 putres
1205 1765 1263 1804 nou
1293 1751 1379 1805 stutim

338 1854 427 1910 omniu
444 1848 477 1904 ud
496 1845 617 1902 decorem
636 1846 716 1902 oiicii
735 1849 894 1918 pertinentia
912 1849 1004 1907 ridere
1022 1856 1179 1922 potueruut,
1204 1848 1257 1905 sed
1281 1849 1378 1906 diremi

337 1955 444 2011 diuerso
461 1947 658 2004 ordinaverunt.
694 1946 757 2004 lirun
776 1956 802 2004 et
816 1951 914 2006 missus
928 1952 1042 2023 tnueptiu
1056 1958 1111 2008 tres
1124 1952 1276 2006 varietates
1290 1949 1378 2014 iubet,

337 2056 399 2112 oiim
417 2053 484 2109 enim
503 2064 520 2103 u
539 2048 652 2104 tentione
678 2046 865 2117 inchoabatur,
890 2053 958 2107 sieut
982 2051 1070 2109 sinuo
1092 2054 1119 2107 iu
1142 2049 1264 2106 subbato
1289 2057 1376 2107 sueto

336 2155 374 2212 nr.
408 2148 575 2210 Postmodum
594 2148 760 2204 Gneiestinus
779 2165 847 2222 popu
865 2152 981 2223 psalmos
999 2152 1033 2207 ed
1052 2154 1185 2208 introitum
1198 2155 1302 2208 nissae
1316 2168 1376 2208 euu-

334 2257 387 2311 turi
405 2253 532 2318 instituit,
560 2248 706 2322 Gregorius
724 2266 786 2306 rero
805 2253 937 2308 introitum
957 2254 1053 2309 missus
1070 2267 1127 2308 oum
1145 2257 1227 2310 oanis
1247 2252 1375 2308 ordiuurit

335 2363 362 2414 et
383 2369 459 2411 unum
484 2367 584 2407 uersum
608 2349 710 2406 duilio
739 2351 858 2423 punine,
889 2355 934 2425 qui
957 2359 1028 2408 totns
1056 2352 1233 2416 uuntubutur.
1264 2355 1371 2411 retinuit

333 2456 453 2514 Paruimus
478 2453 539 2508 oiim
564 2453 637 2506 eirea
653 2465 725 2506 urum
744 2454 770 2508 in
789 2453 891 2509 modum
912 2469 1027 2511 moronus
1044 2455 1248 2510 circumstantes
1269 2471 1369 2510 eorem·

333 2559 403 2614 diter
419 2550 593 2611 convinciunt
610 2557 637 2608 et
654 2551 716 2608 indu
737 2551 835 2608 choros
858 2555 968 2622 dieitur,
992 2555 1041 2612 ssd
1063 2551 1209 2610 Piurteuns
1235 2561 1267 2611 et
1286 2555 1362 2611 ries-

332 2659 422 2723 dms,
441 2651 510 2728 quod
523 2652 670 2709 uiisrnutim
685 2658 861 2722 cantarentur,
882 2656 1059 2724 instituerunt,
1078 2653 1111 2710 si
1128 2653 1239 2729 Ignotiu
1259 2655 1306 2712 huo
1319 2652 1360 2710 h·

332 2761 441 2824 bsmtes‚
467 2755 511 2827 qni
530 2768 610 2824 super
627 2752 679 2808 iuno
695 2752 827 2810 dirimitur.
845 2754 894 2811 iuit
918 2755 1034 2812 ednotus.
1069 2753 1248 2826 Hieronymus
1272 2768 1366 2830 qusque

332 2857 459 2932 punimus,
478 2852 620 2926 epistotae,
646 2855 786 2926 erungeiiu
809 2861 837 2912 rt
862 2871 895 2912 ex
919 2871 1014 2931 nuguu
1030 2862 1106 2927 purte
1123 2853 1217 2912 offiuiu
1233 2856 1332 2912 diurn
1345 2859 1369 2911 rt

240 2994 245 3002 -
329 2963 457 3013 nocturna
469 2961 576 3027 praeter
592 2962 693 3010 uantum
707 2955 848 3024 ordinarit,
866 2955 1033 3025 Ambrosius,
1049 2954 1173 3013 Gulusius
1185 2963 1213 3014 et
1225 2954 1370 3030 Gregorius

330 3061 466 3113 erutiones
480 3061 506 3111 et
519 3061 611 3110 uentus
629 3054 789 3112 addiderunt
805 3061 833 3112 et
849 3069 905 3112 rum
924 3056 1081 3114 iustioribus
1099 3065 1126 3115 et
1143 3073 1202 3112 ou·
1221 3057 1369 3130 evangeiiiu

331 3162 535 3227 cooptareruum
570 3154 726 3228 gradariis,
755 3160 854 3212 tractus
879 3145 906 3214 et
928 3157 1037 3229 stteiuts
1058 3158 1215 3216 Ambrosius
1240 3164 1270 3213 et
1291 3155 1368 3215 Gelu·

328 3245 384 3312 sius
414 3262 441 3312 et
470 3253 616 3328 Gregorius
646 3255 681 3310 ud
706 3258 812 3312 missum
837 3261 939 3314 uenturi
964 3261 1148 3322 instituerunts
1177 3257 1299 3315 titianus
1328 3261 1368 3318 rei

328 3355 470 3413 seeundum
494 3355 622 3427 quosdum
647 3353 816 3427 Symmachus
839 3371 910 3429 pepe
934 3359 975 3416 rei
1001 3358 1142 3416 secundum
1171 3359 1243 3417 uiiou
1271 3359 1367 3420 Teius·

327 3456 428 3527 pirorus
453 3471 524 3528 popu
542 3455 647 3511 suntin
665 3455 699 3511 ud
723 3454 861 3528 giortutn
880 3459 1007 3516 excelsis:
1031 3457 1169 3515 tustanus
1197 3468 1237 3528 te,
1258 3469 1288 3518 ut
1304 3478 1366 3522 ese-

325 3563 400 3624 ters‚
426 3571 494 3631 quoe
518 3562 670 3629 sequuntur.
712 3553 848 3612 Nouimus
877 3556 964 3614 uibus
994 3561 1078 3614 suuutt
1109 3556 1179 3616 Geiti
1211 3566 1366 3635 sequeutia

326 3672 374 3728 pru
395 3659 494 3713 neumis
519 3657 602 3727 ipsius
623 3655 733 3728 elisiuju
757 3657 855 3727 prinus
880 3662 1040 3730 composuit,
1065 3659 1113 3716 sed
1140 3657 1269 3718 Niooinus
1293 3679 1365 3736 μμ

323 3757 358 3814 ud
376 3758 472 3813 missus
497 3771 544 3813 eus
568 3758 670 3814 uenturi
696 3758 836 3813 concessit.
871 3755 1033 3816 dermannus
1053 3757 1209 3817 Goutrsstus
1232 3760 1364 3820 Teutoni·

323 3873 369 3913 sus
388 3857 463 3914 teuit:
482 3872 528 3913 reu
549 3859 728 3928 omnipotens.
753 3861 836 3914 saneti
854 3860 964 3930 spiritus
989 3861 1057 3918 uouit
1082 3860 1157 3917 uubis
1182 3864 1289 3935 grette,
1312 3879 1362 3924 urs

324 3957 422 4026 Muriu,
446 3963 474 4015 ut
492 3955 677 4030 untipironuur:
699 3957 770 4013 simu
792 3956 949 4015 redemtoris
972 3965 1099 4016 sisteret
1116 3961 1212 4032 ngou
1232 3961 1361 4036 hurpouu.

323 4056 416 4114 Petrus
439 4073 502 4115 rero
527 4057 560 4114 de
584 4055 764 4127 Conposteilu
787 4060 927 4130 episcopus
951 4057 1029 4115 iuuit:
1051 4059 1127 4118 sutus
1148 4064 1254 4135 rsgtnu
1287 4062 1363 4139 Stgt.

321 4158 413 4214 bertus
429 4165 516 4214 tumen
536 4156 616 4224 dioit,
637 4157 707 4230 quod
725 4155 856 4214 Rubenius
871 4175 916 4216 rer
931 4157 1090 4217 aneursn
1106 4161 1169 4218 ierit
1180 4166 1361 4234 sequentium:

321 4259 404 4314 suncti
423 4260 535 4328 spirituo
552 4256 629 4313 nubis
647 4259 715 4312 ussit
731 4259 824 4330 grntiu
838 4265 888 4315 ets.
923 4260 1037 4317 Guroius
1058 4262 1103 4332 (st
1123 4261 1206 4318 retent
1222 4259 1360 4334 Turpius

320 4357 559 4431 srshiepisropus)
577 4363 635 4414 erat
652 4373 765 4429 corpore
784 4357 911 4427 deuotus,
930 4359 979 4415 sed
998 4362 1056 4418 risu
1074 4360 1159 4426 ierus,
1177 4366 1281 4417 uturum
1298 4364 1359 4435 ejus

318 4456 412 4527 pedum
443 4462 504 4514 outo
533 4464 559 4513 et
591 4455 673 4514 iacies
703 4458 762 4530 ejus
791 4459 903 4530 pstnsu
929 4466 956 4516 st
980 4459 1113 4518 dimidium
1139 4465 1166 4518 in
1189 4461 1359 4537 longitudire
