2842 5286
323 471 384 534 202
515 453 603 550 'Cep
623 470 739 531 XLVll.
780 471 826 532 lle
850 479 949 530 saneto
970 470 1113 550 Longino.

321 629 479 686 subterioris
494 631 599 685 tunioae
616 635 764 701 appareret.
801 627 966 704 lliepropiun
984 630 1097 684 aoeessit
1112 634 1137 684 et
1154 627 1255 683 indetis
1273 628 1360 685 bueeie

321 732 402 785 risun
425 731 560 785 continere
583 743 635 784 non
659 729 752 800 potuit.
795 725 909 802 Cumque
930 728 1064 786 lebannes
1094 744 1151 784 enne
1175 729 1359 800 interrogaret,

320 844 367 886 our
384 831 426 886 vir
444 815 576 902 gravioris
594 827 673 884 oiioii
693 831 732 885 sie
748 828 879 885 dissolute
896 828 1003 895 rideret,
1022 831 1073 884 ait:
1092 830 1155 901 qula
1169 833 1199 883 tn
1220 828 1317 882 scribis
1328 827 1360 884 de

321 931 446 997 mortuis,
471 944 537 1001 quos
555 931 672 986 viventes
692 943 821 1000 nunquam
845 928 943 984 vidisti.
979 927 1026 984 Cui
1043 928 1192 986 lebannes:
1219 927 1270 983 etsi
1289 926 1358 982 llius

320 1046 372 1086 non
391 1030 507 1085 noverint
523 1027 607 1096 iaele,
625 1034 712 1085 tamen
731 1029 765 1087 de
783 1028 829 1084 lile
850 1029 952 1096 scribo,
981 1043 1049 1100 qnae
1067 1028 1149 1084 didiei
1165 1029 1290 1085 lectione.
1325 1029 1359 1083 at

319 1131 382 1187 illo:
398 1135 443 1195 tu,
461 1129 559 1201 iuquit,
576 1136 605 1184 ut
621 1128 708 1197 video,
728 1129 796 1184 sient
813 1129 933 1196 voluisti,
952 1129 1041 1184 fecisti
1060 1134 1087 1184 et
1103 1145 1163 1201 ege,
1183 1144 1252 1201 quae
1270 1128 1357 1184 lasere

319 1236 427 1302 potero,
447 1243 501 1284 nou
517 1227 647 1296 eesswm
664 1245 777 1301 moxque
794 1228 834 1283 illi
852 1229 937 1286 lumen
956 1229 1078 1284 lucernae
1099 1230 1227 1284 exstinxit
1245 1237 1272 1285 et
1290 1229 1357 1284 adeo

319 1332 404 1400 ipsun
420 1329 578 1400 perterruit,
595 1333 624 1384 ut
642 1327 810 1385 vehementer
828 1328 975 1384 exclamans
992 1335 1111 1400 putaret,
1127 1343 1158 1384 se
1175 1327 1210 1383 ab
1229 1328 1276 1384 illo
1297 1327 1355 1403 gla-

318 1427 536 1502 dio‘juguletnn.
576 1425 692 1501 illosque
711 1426 856 1502 Gregorius
873 1427 948 1483 alluit
970 1429 1109 1484 eomitante
1127 1442 1215 1484 seeum
1234 1427 1355 1484 dextror-

318 1544 375 1584 sum
392 1528 471 1585 beato
488 1525 614 1596 lileolao,
642 1530 821 1584 sinistrorsum
847 1543 909 1583 vero
929 1525 1007 1585 i’etro
1032 1526 1148 1599 dyeeono
1171 1533 1249 1601 eique
1274 1528 1354 1584 disits

318 1628 437 1685 modicae
455 1625 525 1694 idei,
544 1641 626 1700 quare
642 1627 793 1684 dubitasti?
816 1626 931 1699 Cumque
954 1634 1016 1699 post
1032 1629 1157 1683 eortlnsrn
1179 1627 1243 1683 leoni
1260 1628 1354 1684 adrer-

317 1730 405 1784 sarius
423 1726 556 1793 latitaret,
586 1726 731 1801 Gregorius
755 1743 787 1784 ex
806 1742 882 1782 mann
899 1727 971 1783 Petri
994 1727 1103 1799 dpaeonl
1123 1743 1244 1801 magnam
1261 1727 1355 1795 lacem,

318 1843 394 1902 mam
417 1833 508 1883 tenere
531 1826 686 1895 videbatur,
721 1829 851 1900 arripiens
876 1829 986 1900 ejusque
1010 1826 1119 1882 flammis
1150 1842 1181 1882 os
1209 1827 1356 1901 saniemque

316 1929 402 2002 ipsius
420 1925 568 1983 edvemmb
586 1943 699 1984 exurens
717 1926 750 1982 nd
769 1928 854 1982 instar
870 1926 1009 1998 Aethiopis
1027 1927 1183 2002 denigravit.
1219 1927 1355 1991 Quaedam

316 2036 403 2090 antem
422 2027 537 2088 seintille
555 2029 711 2098 parvissima
734 2026 830 2084 cedens
855 2029 882 2082 in
901 2027 960 2100 ejus
984 2033 1083 2083 vestem
1107 2025 1244 2082 eanetoem
1267 2029 1355 2099 ipsam

315 2129 385 2188 dioto
410 2131 489 2186 eitius
506 2126 680 2200 noellagrovit
706 2128 789 2183 etsie
808 2129 967 2200 ulgerrinne
991 2133 1062 2183 totus
1088 2129 1211 2200 apparuit
1234 2107 1372 2200 dixitque*

313 2230 394 2287 bento
416 2227 511 2286 Petrus
535 2225 680 2300 Gregorio:
710 2229 777 2283 setis
803 2225 998 2301 denigravimus
1024 2243 1097 2296 eum;
1122 2229 1163 2283 oui
1189 2225 1355 2302 Gregoriuse

311 2345 361 2386 noe
385 2327 457 2384 illem
481 2343 535 2384 non
553 2325 767 2400 denigravimus,
794 2325 843 2383 eod
866 2330 970 2402 nigrum
996 2328 1080 2384 inisse
1104 2325 1354 2387 demonstravimus.

313 2431 404 2502 sieque
421 2427 518 2486 ibidem
535 2425 615 2482 multo
634 2425 725 2482 relieto
743 2425 840 2484 lumine
858 2429 987 2484 abierunt.

704 2733 798 2831 nti.
828 2735 954 2832 lblll.

563 2887 643 2957 no
664 2887 829 2956 nemeto
849 2883 1084 2975 horumne.

376 3035 513 3110 Longinus
538 3034 588 3091 luit
613 3034 719 3107 quidam
739 3035 874 3103 centurio,
903 3037 946 3108 qui
965 3052 1022 3092 enus
1040 3035 1101 3092 aliis
1126 3033 1253 3091 militibus
1276 3036 1351 3091 enei

309 3136 407 3193 demini
419 3137 444 3208 ¹)
462 3135 571 3192 odotem
586 3136 666 3208 jussu
683 3133 768 3206 Pylati
785 3134 855 3189 latus
872 3134 971 3191 bonini
989 3135 1082 3192 lanoes
1098 3135 1242 3207 perforavit
1262 3143 1289 3192 et
1305 3139 1347 3192 ri·

308 3236 373 3292 dens
391 3239 478 3310 signe,
494 3251 562 3309 quae
579 3234 685 3302 fiebant,
703 3235 785 3290 solem
797 3233 898 3292 sellieet
916 3235 1082 3292 obseuraturn
1101 3242 1128 3293 et
1144 3243 1231 3292 terrae
1250 3245 1348 3293 motum

247 3347 249 3352 '
308 3339 335 3392 in
354 3336 484 3391 Christum
502 3335 622 3392 eredidit
650 3334 766 3393 Maxime
785 3352 817 3392 os
836 3353 882 3404 eo,
896 3344 924 3392 ut
943 3336 1048 3412 quidam
1072 3335 1176 3402 dieunt,
1204 3336 1274 3408 quod
1287 3353 1348 3392 enus

309 3453 341 3493 eu
366 3435 515 3493 infirmitate
537 3435 580 3492 vel
608 3441 742 3491 senectute
765 3437 834 3491 oenll
866 3437 925 3508 ejus
949 3437 1124 3510 oaligasssnt,
1159 3436 1193 3492 de
1215 3439 1348 3510 sanguiue

307 3534 405 3592 Christ-i
424 3553 473 3607 per
488 3534 605 3610 lanosum
623 3535 777 3591 decurrente
803 3534 910 3592 iortuito
934 3535 1025 3592 oeulos
1044 3551 1107 3591 suos
1123 3537 1212 3610 tetigit
1235 3544 1262 3593 et
1280 3553 1346 3607 pro-

305 3638 376 3691 tinus
393 3637 465 3693 elane
480 3635 555 3691 vidit.
589 3633 662 3692 llnde
681 3636 832 3692 renuntians
845 3637 954 3693 miiitiae
972 3642 997 3692 et
1015 3633 1048 3690 ab
1060 3634 1189 3707 apostolis
1201 3636 1347 3693 instructus

305 3737 334 3790 in
352 3734 479 3792 Caesario
495 3734 681 3807 Cappadociae
699 3737 790 3809 viginti
811 3743 870 3791 octo
889 3737 964 3791 nnnis
982 3737 1152 3790 monasticen
1171 3737 1250 3790 ritsrn
1270 3734 1349 3792 duxlt

307 3841 333 3892 et
349 3834 431 3892 verbo
450 3842 477 3891 et
495 3835 614 3907 exemplo
633 3834 666 3890 ed
686 3833 762 3891 idern
778 3835 873 3892 nultos
890 3837 1026 3892 convertit.
1053 3833 1114 3890 cunr
1133 3842 1219 3890 autem
1235 3851 1346 3908 eprae-

306 3933 364 3990 side
379 3941 466 3992 tentus
486 3934 583 3992 inisset
600 3941 627 3991 et
643 3936 792 3992 saerilieure
810 3934 900 4003 nollet,
917 3935 1000 4008 jessit
1017 3950 1127 4006 praeses
1144 3952 1233 3991 ornnes
1251 3933 1347 3992 dentes

307 4035 365 4108 ejus
384 4037 469 4092 euontl
488 4041 515 4090 et
530 4035 646 4109 linguam
669 4035 788 4102 abscidi,
815 4035 951 4109 Longinus
974 4042 1061 4090 tenen
1085 4050 1118 4090 ex
1143 4033 1195 4090 lroo
1212 4034 1345 4106 loquelam

304 4152 356 4193 non
374 4135 505 4208 perdidit,
540 4134 588 4191 sod
611 4143 720 4208 accepta
743 4139 828 4192 securi
853 4138 939 4191 omnia
955 4136 1034 4209 ydola
1053 4138 1202 4191 comminuit
1219 4137 1347 4211 etfregit

305 4235 412 4292 dicens:
430 4237 454 4291 si
470 4234 506 4290 dii
524 4240 593 4303 sunt,
611 4233 764 4292 videbimus.
800 4235 945 4294 Daemones
964 4243 1050 4292 nutem
1063 4235 1095 4292 de
1112 4235 1198 4308 ydolis
1217 4243 1346 4295 exeuntes

354 4443 377 4494 i)
388 4441 429 4486 sd
442 4440 513 4500 trine.
527 4439 586 4486 mule
599 4445 655 4486 Dee
670 4438 776 4498 protelent.
