2866 5310
250 486 324 568 Cop.
343 483 447 548 LXXI.
491 484 536 545 De
557 494 656 544 trudo
677 483 829 545 Bonileeio
849 483 975 546 mentire.
1069 482 1130 546 tlt
1179 569 1181 572 Ι

85 651 227 704 utronno
245 646 356 703 'nomino
373 644 475 719 igiter
498 650 526 703 et
547 660 604 702 eun
630 658 663 702 eu
680 647 706 701 iu
724 650 816 717 utnpro
835 647 1002 718 nineeretur,
1024 643 1130 704 lunden

87 745 282 818 uthnodirlno
292 752 355 801 nutu
369 748 516 817 eompuneti
532 747 669 802 eonuiliunt
687 745 844 814 debuerunt,
860 753 890 802 nt
902 746 935 802 ud
946 737 1132 820 requirendum

84 861 206 918 corpure
227 848 360 902 muniretur
384 845 538 904 Bonlloelue
563 849 725 914 mitteretur,
752 849 777 902 si
801 862 853 919 quo
879 844 958 902 nodo
984 847 1131 904 teruleutet

84 953 169 1020 etque
187 945 364 1017 obsequentes
383 948 423 1002 eis
442 961 491 1017 per
508 956 597 1002 eorum
608 949 742 1002 orationes
753 947 851 1002 salvari
861 952 1030 1002 mererentur.
1065 944 1131 1002 l'er-

86 1047 200 1104 venieoe
216 1047 299 1118 igitur
316 1061 364 1117 per
383 1043 441 1100 diet
459 1045 561 1118 aliquot
577 1045 691 1102 Tereum
709 1048 840 1102 eluitetent
861 1045 927 1101 dixit
944 1045 979 1100 nd
997 1061 1060 1115 eet,
1084 1048 1129 1119 qul

86 1161 152 1202 euru.
172 1161 206 1202 eo
229 1149 319 1211 erent,
346 1143 518 1201 Boniineius:
535 1147 586 1200 riri
604 1147 695 1201 euntes
718 1147 844 1216 requirite
869 1143 948 1202 uehit
975 1145 1129 1218 hospitium,

86 1262 141 1320 ego
159 1252 246 1302 auteur
265 1247 309 1300 ito
329 1244 420 1301 uidere
439 1261 495 1312 eoo,
514 1261 581 1318 quot
599 1244 678 1301 uelde
697 1244 831 1314 desidero,
848 1247 971 1303 mentiret
987 1251 1127 1302 eentunteu.

85 1343 228 1401 Pertinere
245 1347 335 1419 ltaque
353 1344 388 1401 ud
406 1346 493 1400 loeunn
518 1344 585 1400 vidit
604 1345 776 1400 beetitoiuoe
799 1348 938 1413 martires,
963 1345 1042 1402 ollutn
1067 1360 1129 1402 tuo·

86 1458 195 1519 penten
213 1444 297 1516 peder
315 1447 378 1519 igne
395 1446 550 1516 supposito,
577 1445 658 1500 olium
675 1447 702 1500 in
720 1453 834 1518 quotuor
850 1445 930 1519 ligole
949 1451 1084 1502 exteterunt
1102 1450 1129 1510 et

85 1545 236 1604 diutissime
254 1545 397 1613 tilletum,
419 1545 499 1600 olion
522 1539 629 1616 ringulio
653 1551 802 1614 eternium,
828 1545 909 1602 aliurn
931 1545 1051 1601 nuntius
1079 1545 1129 1600 ulr-

86 1647 214 1714 teieeurn,
236 1645 316 1702 nltnun
340 1646 456 1716 etipitetn
480 1646 508 1699 ln
533 1644 602 1700 eollo
620 1643 759 1722 innitentem
777 1645 884 1701 allinunt
901 1651 929 1702 et
946 1661 964 1701 u
979 1651 1053 1702 terra
1070 1646 1126 1702 ele-

88 1753 192 1810 rtttnnr,
211 1751 238 1802 ot
253 1747 294 1804 ele
311 1761 361 1817 per
377 1745 484 1800 diuersa
499 1744 631 1816 onpplieia
648 1745 767 1800 martirio
782 1743 816 1800 ab
833 1747 914 1816 impio
932 1744 1129 1823 eernilleedie'·

85 1847 178 1916 positu
193 1859 249 1900 eunt
268 1846 368 1901 erninuu
387 1843 492 1900 terrent
510 1850 538 1902 et
555 1841 822 1915 ipsennereclrirti
833 1847 987 1915 respiceret,
1004 1859 1126 1918 nugnutn

84 1941 172 2000 Deunu
189 1952 336 2000 tenetorunr
353 1945 486 2000 martirum
507 1943 622 2000 elamore
636 1944 727 2014 eoepit
744 1950 771 1999 et
787 1957 927 2002 occurrent
945 1943 1065 2001 coneedit
1078 1959 1124 2016 pe-

82 2043 165 2100 dlbue
183 2059 273 2102 eerutn
290 2042 450 2100 deosouluns
466 2043 571 2101 vineole
587 2057 621 2100 ue
632 2041 737 2100 dieene:
752 2051 885 2100 certantes
894 2042 1015 2100 unriiro'r
1028 2043 1127 2100 clerinti

83 2143 189 2200 uniente
210 2143 366 2215 dpobolunn,
385 2144 513 2199 nolteun
531 2148 716 2216 perseverato,
734 2158 831 2216 perine
849 2140 952 2215 quiden
969 2143 1061 2212 lnlner,
1078 2142 1125 2200 ted

84 2243 168 2300 uultu
192 2245 298 2316 requiei
324 2249 351 2298 et
374 2243 518 2300 medubiltu
544 2243 709 2314 pottnoduur
731 2245 852 2300 satietas.
887 2243 942 2300 lettt
973 2245 1039 2300 enin
1067 2248 1120 2298 tor·

82 2349 186 2412 nunu,
205 2358 274 2416 quoe
290 2358 339 2413 pro
356 2341 502 2399 divinitatis
519 2355 609 2398 tunore
623 2345 750 2415 potimini,
765 2341 922 2416 teuporullo
937 2350 999 2398 tunt
1013 2348 1042 2400 et
1059 2358 1126 2416 quo·

81 2459 137 2516 que
153 2445 181 2527 tn
197 2446 327 2499 monente
345 2443 521 2509 transeuntiu,
536 2448 599 2513 port
614 2441 795 2500 brerloulroun
812 2447 901 2500 tenen
918 2445 1045 2515 tetnperir
1062 2459 1121 2514 epu-

82 2546 149 2600 tiu:
171 2543 207 2599 nd
231 2549 377 2615 perpetuae
402 2540 539 2598 ielieitotie
564 2556 611 2599 vet
634 2544 804 2598 trunnnlttite
833 2541 950 2616 gaudio,
982 2544 1028 2599 ubi
1051 2547 1125 2620 regin

82 2643 167 2701 renui
192 2644 297 2699 ultione
322 2639 580 2715 prolatet-illique
598 2640 751 2698 eoelettiurn
769 2643 919 2698 eentiununn
943 2641 1036 2700 lunden
1056 2647 1126 2699 inter

82 2743 183 2800 elroroo
201 2743 356 2818 nugetonnn
376 2740 581 2797 inmortalitatis
599 2739 695 2798 deoone
713 2743 805 2799 tettiti
829 2741 976 2802 retenentur
992 2744 1019 2799 in
1036 2749 1126 2800 teter-

82 2859 136 2901 ntte
152 2843 313 2899 eulernitotlt
328 2841 427 2913 ubyeru
445 2841 616 2913 inpiiuelrnot
632 2843 707 2897 rirot
725 2840 850 2900 ridebitit
866 2844 981 2899 eructari
999 2850 1126 2900 tortores.

84 2943 243 3014 ddepielent
259 2947 346 2998 autern
363 2939 515 3012 Sintplioine
533 2939 617 3010 ludet
631 2940 715 3012 luerit
734 2957 791 3000 euro
810 2942 940 3014 epplloerl
956 2942 991 2998 ud
1009 2941 1123 2998 tribunal

81 3045 162 3116 eique
180 3042 262 3098 diuite
286 3042 347 3114 quie
365 3055 396 3096 et
414 3042 465 3096 tui
487 3039 600 3097 senetur
618 3039 771 3098 Bonlleeiuo
789 3040 870 3097 dixit:
886 3041 1049 3098 elurietionue
1067 3057 1123 3098 turn

81 3149 111 3200 et
135 3140 290 3198 llouiiuetur
315 3155 406 3197 rooor.
440 3138 516 3196 Tune
537 3143 622 3196 trttue
644 3139 728 3214 ludex
750 3142 834 3215 putuit
858 3157 918 3198 eun
942 3140 1070 3213 unepentli
1097 3146 1125 3197 et

82 3239 184 3298 mdiu
199 3256 297 3313 eorpus
315 3241 374 3313 ejoe
392 3238 499 3313 unguite
516 3239 593 3307 rudi,
615 3239 699 3296 donee
717 3253 781 3296 etto
797 3241 857 3313 elno
875 3247 1051 3314 apparerent,
1076 3239 1124 3297 de·

80 3339 144 3396 inde
161 3340 278 3396 eduen
289 3346 387 3416 ¹trotrteu
405 3338 455 3396 rub
472 3337 586 3412 ungules
597 3338 880 3412 nununnejuneifigl
897 3347 1123 3414 eumquetenetut

80 3437 132 3496 liei
150 3441 243 3495 nontin
261 3442 289 3494 in
303 3441 404 3495 coelunt
421 3439 573 3511 udepieient
591 3437 717 3516 uleeriter
738 3437 846 3499 doloret
861 3440 1004 3508 toleraret,
1028 3439 1123 3497 rident

80 3541 178 3608 turpino
197 3540 283 3613 judex
304 3541 389 3613 jureii
411 3539 511 3610 aperiri
536 3553 568 3595 eu
590 3538 650 3611 elue
675 3543 703 3596 et
726 3537 858 3611 pluuium
876 3538 991 3596 ltulitene
1010 3538 1121 3596 intendi.

79 3637 195 3696 Sanetus
214 3646 302 3696 tutent
318 3636 540 3695 nortirdieelrot:
558 3639 661 3712 pretini
673 3637 797 3711 tilriugo,
816 3638 994 3695 donineletu
1005 3637 1120 3706 christe,

80 3736 120 3790 ult
136 3735 185 3792 lini
203 3738 266 3794 uiri.
300 3736 403 3796 Deinde
417 3736 504 3810 judex
517 3737 601 3810 juttit
619 3735 708 3792 offerri
726 3737 804 3794 olion
822 3743 850 3793 et
866 3753 923 3795 eoru
940 3739 999 3810 pite
1017 3738 1122 3811 inpleri

78 3842 162 3908 utque
185 3851 264 3893 veruo
286 3840 375 3916 eopite
397 3846 516 3894 tnuetuut
543 3837 675 3892 inanirent
699 3835 728 3892 ln
751 3835 903 3893 bullientem
933 3839 1017 3908 picen
1043 3839 1119 3894 tuitii.

77 3933 134 3990 Sed
150 3951 209 3991 eunt
223 3935 291 3992 ntitl
307 3937 399 3995 luetur
416 3944 504 4004 erret,
518 3936 602 4009 Jutelt
615 3933 716 4009 judex,
739 3942 769 3992 ut
785 3936 877 4010 gladio
894 3942 976 4010 eaput
992 3938 1051 4010 elue
1069 3937 1119 3994 ui-

77 4033 235 4092 eoideretur.
271 4035 330 4100 eno
347 4033 419 4094 lueto
431 4043 521 4096 ttrm
537 4043 624 4096 noluo
642 4037 729 4093 laetu
747 4045 789 4094 ert
805 4051 927 4110 nepueu,
944 4037 984 4093 itu
1000 4045 1029 4093 ut
1045 4035 1119 4092 unulti

76 4131 199 4190 tnldeleo
222 4135 344 4192 virtutem
367 4133 469 4193 'illuritti
492 4139 521 4193 ln
543 4137 677 4193 martirem
702 4140 840 4192 eernenten
863 4135 1011 4194 crederent.
1046 4137 1116 4206 ilen-

76 4233 149 4289 terri
168 4249 233 4290 voro
258 4237 375 4292 ntrtidu
399 4233 530 4292 lioniiueli
551 4235 698 4292 elnenilrunt
716 4234 816 4308 ultique
833 4237 998 4308 requirentes
1015 4250 1073 4291 eunt
1091 4240 1116 4290 et

76 4347 130 4387 non
146 4333 311 4392 inueniuntur
328 4333 363 4390 ud
379 4335 490 4391 lnrleenr
510 4333 647 4392 dioelront:
675 4333 720 4392 ille
737 4334 815 4391 nodo
833 4335 860 4390 in
878 4334 1009 4392 ntlultenio
1027 4339 1073 4389 ont
1091 4337 1115 4387 in

76 4431 190 4489 tulerint
207 4435 311 4506 potitur
328 4433 460 4506 epuletur.
494 4434 558 4492 eun
582 4450 648 4509 ergo
665 4436 735 4492 inter
753 4449 783 4494 te
803 4435 1029 4508 colloquerentur,
1052 4449 1116 4489 eon-
