2984 5316
299 481 371 560 Cap.
392 481 455 540 XC.
501 479 544 540 lle
573 488 673 538 saneto
695 478 785 538 Paulo
806 478 947 558 apostolo.
989 481 992 488 ⁴
1079 472 1141 538 393

108 641 221 712 11111111
244 639 414 696 astinenum
439 641 510 712 lgnia
535 639 681 705 immissus,
703 640 741 694 sic
769 640 857 692 omnis
882 635 1034 692 daemonnm
1059 647 1142 708 opera

107 741 257 795 consumsit.
291 737 373 794 Paulo
398 741 465 794 enirn
491 740 629 796 insonante
646 739 738 810 lingua
755 745 780 794 et
799 740 867 792 omul
886 739 948 809 igne
966 735 1142 792 uehementius

88 841 223 920 ⁴irruente
247 837 376 894 cedebant
401 841 488 893 osenla
510 844 589 909 nique
612 837 749 910 fugiebant
772 843 800 893 et
824 835 976 892 daemonnm
1000 835 1085 891 cultus
1117 843 1143 890 et

108 945 275 1008 tyrannoram
300 939 383 993 minse
407 943 433 994 et
460 935 659 993 domesticorum
690 937 812 992 insidiae.
847 935 936 1009 bingis
964 941 1050 992 antem
1076 937 1144 991 slent

109 1037 192 1092 radiis
203 1038 275 1092 solis
292 1037 436 1096 orientibus
462 1044 488 1093 ct
505 1035 630 1094 tenebrae
649 1037 774 1110 legemur
789 1043 815 1091 et
832 1035 945 1092 adulteri
962 1049 994 1090 se
1012 1035 1083 1092 loeas
1101 1036 1142 1091 io-

110 1138 166 1191 1111
190 1134 336 1191 conduntur
359 1145 385 1193 et
408 1137 523 1193 latrones
550 1135 690 1202 recedunt,
717 1135 864 1190 homicidae
885 1135 918 1189 nd
940 1143 1018 1190 antra
1041 1135 1144 1210 ingiam

110 1239 249 1308 omniaque
276 1237 363 1292 lucida
386 1237 533 1294 eliciuntur
556 1246 583 1293 et
608 1238 681 1292 clara
705 1235 819 1306 desuper
842 1235 1032 1292 illustrantibus
1051 1235 1143 1304 radlia,

110 1338 148 1391 sic
166 1335 262 1406 ubique
274 1338 437 1408 euangelium
452 1337 637 1395 disseminante
650 1335 731 1392 Paulo
750 1334 893 1406 lugebatur
910 1349 985 1390 error
1001 1343 1028 1392 et
1046 1339 1144 1393 raritas

111 1435 260 1502 remeabat,
287 1436 417 1492 adulteria
439 1444 466 1493 et
485 1434 989 1507 1111111111111111111111111111111
1009 1442 1145 1492 consumta

113 1543 174 1590 sant
195 1538 247 1592 isto
270 1538 339 1610 ignis
366 1553 465 1608 uapore
488 1527 621 1611 palearum
641 1539 697 1593 rice
713 1541 862 1607 pereuntes.
899 1533 978 1591 clara
996 1551 1059 1592 uero
1078 1539 1146 1594 luter

113 1633 179 1692 isaeo
205 1639 323 1692 ueritatis
347 1637 416 1694 lama
437 1653 486 1694 cea
510 1637 612 1693 lamma
630 1636 757 1710 surgebant
774 1635 946 1707 resplendens
965 1642 993 1690 et
1009 1651 1092 1708 napae
1110 1636 1145 1692 ad

112 1736 178 1790 coeli
196 1733 378 1794 sublimitatem
403 1739 581 1794 conscendens
606 1737 640 1792 ab
659 1737 701 1793 lis
718 1729 879 1808 potissimum
897 1733 1052 1803 sublevata,
1072 1750 1146 1808 qnae

113 1850 170 1891 eam
187 1841 335 1908 opprimere
354 1836 523 1906 uidebantur,
543 1853 591 1895 nec
608 1837 725 1910 pericula
741 1842 786 1891 aut
801 1839 913 1906 impetus
925 1851 1075 1908 processum
1087 1839 1146 1909 ejus

113 1938 240 2010 lmprrlire
256 1944 402 2010 potueruut.
437 1939 540 1995 littoris
560 1954 621 1994 sero
638 1937 701 1992 mila
718 1943 759 1991 est
774 1935 899 2003 conditio,
917 1951 985 2008 quae
1005 1935 1077 1991 nullo
1095 1937 1146 1993 sibl

114 2035 259 2095 obsistente
275 2041 439 2094 consenescit
454 2055 486 2093 sn
503 2038 593 2092 defluit
612 2037 653 2092 rel
671 2035 774 2090 desinit.
810 2034 886 2090 Telis
903 2035 989 2090 nutem
1006 2050 1022 2091 e
1040 2035 1146 2092 diverso

115 2141 233 2193 ueritatis
256 2144 356 2204 status,
386 2138 455 2210 qnod
481 2138 568 2194 multis
592 2134 804 2208 inpugnantibus
827 2135 970 2191 suscitatur
993 2142 1020 2190 el
1042 2139 1146 2193 crescit.

116 2237 240 2298 Quoniam
264 2241 346 2310 igitur
369 2235 511 2310 iungemus
535 2244 649 2291 nostrum
668 2235 817 2290 nobilitavit
834 2233 921 2304 Dens,
947 2241 975 2290 nt
999 2238 1024 2290 el
1047 2234 1147 2291 slmiles

115 2337 265 2393 studeamus
283 2339 394 2393 inueniri
412 2353 494 2408 tneque
513 2337 674 2408 impossibile
694 2334 762 2388 111111
781 2341 917 2406 potemus,
946 2337 1068 2406 qnoniam
1091 2334 1146 2390 tale

114 2436 170 2502 llll,
195 2438 273 2510 quale
296 2437 371 2494 ncbis
396 2453 491 2512 corpus
515 2437 578 2502 luit,
606 2435 668 2490 talis
683 2437 785 2502 anima,
804 2433 871 2489 iales
893 2432 961 2498 cibi,
989 2433 1057 2490 idem
1076 2434 1147 2488 illum

116 2544 192 2609 teque
213 2538 332 2592 lermault
351 2545 377 2594 et
395 2533 609 2609 quemadmodum
628 2533 713 2604 titur,
734 2538 771 2590 ita
788 2542 830 2589 est
846 2533 916 2589 liena
933 2540 1001 2591 tuns.
1036 2534 1082 2590 Vis
1098 2533 1147 2590 net

115 2637 185 2692 lona
203 2641 230 2692 tn
248 2637 330 2693 Panlo
346 2651 515 2711 cognoscere,
534 2637 690 2692 uestimenta
706 2639 764 2704 elne
781 2641 868 2690 terror
882 2632 1053 2690 daemonibus
1064 2640 1147 2690 orant.

115 2737 185 2792 llaec
202 2753 265 2794 uero
283 2737 394 2808 emplius
412 2735 582 2802 admiranda,
609 2737 671 2807 quia
694 2735 807 2803 Paulas,
829 2750 877 2792 nec
898 2737 955 2790 oum
979 2737 1005 2789 tu
1031 2733 1150 2806 perionis

114 2841 242 2904 irrueret,
262 2839 415 2893 temeritatis
430 2838 506 2908 argui
525 2842 630 2911 pnterat
646 2851 708 2900 noe,
726 2851 782 2890 cum
801 2834 918 2906 pericula
934 2840 1091 2905 surgerent,
1116 2837 1150 2889 tl-

115 2937 249 2993 miditatis.
286 2937 398 2993 rimabat
422 2939 489 2990 enisu
516 2945 678 3006 praesentem
706 2940 784 2990 uttan
812 2933 846 2990 ob
871 2935 968 2990 lucrum
993 2932 1105 2990 docendi
1123 2939 1149 2990 ei

115 3051 206 3092 rursns
228 3052 286 3092 eam
312 3037 388 3093 valde
411 3035 574 3108 despiciebat
597 3035 630 3092 ob
661 3034 871 3108 philosophiam,
902 3033 936 3088 aul
969 3049 1046 3107 quam
1079 3034 1150 3090 illum

115 3136 203 3192 mnudi
224 3143 368 3218 contemtus
393 3142 525 3193 euenerat.
560 3133 678 3208 Denique
700 3153 756 3194 can
781 3135 879 3191 uideris
904 3132 1011 3190 Paolum
1033 3135 1152 3206 pericula

116 3235 273 3309 lugientem,
290 3253 341 3292 nou
359 3240 442 3292 minus
457 3237 528 3292 iilam
546 3237 703 3302 admireris,
723 3251 799 3308 quam
818 3251 873 3290 curn
894 3249 923 3290 se
943 3235 1067 3306 periculis
1084 3249 1152 3307 gaa-

116 3335 161 3392 elet
177 3353 319 3409 opponere.
354 3336 386 3392 llt
404 3340 470 3393 onim
488 3335 539 3392 boo
557 3337 728 3404 tortitudinis,
748 3338 785 3392 ita
806 3335 871 3392 illud
888 3341 931 3390 est
946 3335 1106 3405 sapientiae:
1126 3339 1155 3391 et

115 3453 171 3492 cum
197 3438 297 3494 ririer'is
320 3438 390 3492 ilium
415 3434 448 3492 de
471 3453 501 3492 se
519 3439 579 3508 lpso
596 3436 687 3506 111111
703 3443 853 3500 sonantem,
877 3436 998 3490 similiter
1014 3433 1153 3490 admireris

115 3553 146 3593 ae
163 3541 186 3593 si
205 3537 302 3593 rideris
321 3537 392 3592 iilum
410 3539 576 3608 semetipsum
596 3535 740 3607 despicere.
775 3535 809 3592 lli
833 3537 900 3592 enim
918 3535 980 3590 iliud
1000 3533 1154 3590 humilitatis

116 3645 166 3704 eat,
186 3641 223 3694 its
236 3635 306 3694 istnul
320 3638 548 3710 uuragnanimltstis.
568 3635 658 3709 lllagls
671 3638 736 3694 onirn
752 3637 902 3698 merebatur
919 3635 1052 3709 loquendo
1070 3629 1103 3690 de
1123 3649 1154 3690 ee

116 3737 192 3810 quam
212 3738 325 3794 tacendo
343 3735 469 3803 laudare,
489 3738 610 3809 qnoniam
627 3737 679 3792 nisi
695 3733 804 3793 iecisset
818 3736 905 3805 istud,
922 3734 1083 3808 culpabilior
1100 3734 1154 3789 lllls

115 3847 196 3906 esset,
216 3841 261 3911 qui
272 3854 301 3896 se
316 3841 389 3910 ipsos
400 3841 547 3909 importune
558 3835 667 3896 laedere
680 3836 838 3896 didicerant,
869 3837 927 3894 ltist
941 3838 1009 3892 enlm
1022 3834 1153 3908 gloriatos

116 3939 226 4007 inisset,
250 3937 366 3996 creditos
383 3937 434 3994 sibl
453 3953 543 3993 omnes
566 3937 741 4009 perdidisset,
764 3939 836 4008 qula,
856 3936 916 3995 dnm
933 3951 963 3994 11
979 3935 1152 4001 humiliasset,

115 4055 163 4096 eos
180 4039 327 4096 extulisset.
364 4038 482 4112 Amplius
499 4044 560 4092 tuuc
576 4035 673 4094 Paulus
691 4038 792 4109 placuit
808 4036 968 4110 gloriando,
991 4050 1068 4108 quam
1087 4035 1154 4090 alter

113 4140 209 4196 landes
231 4142 354 4212 proprias
378 4137 543 4194 occultando.
576 4135 632 4194 lieo
655 4144 754 4192 tantum
779 4139 916 4210 quiquam
947 4135 1064 4207 proluit,
1094 4149 1153 4190 cam

115 4253 165 4296 sua
183 4243 276 4296 merita
295 4239 404 4303 celaret,
422 4243 545 4310 quantum
564 4240 624 4303 iste,
642 4251 698 4292 cnm
717 4236 850 4308 proderet.
885 4235 934 4293 Est
950 4241 1035 4292 aulem
1051 4233 1154 4308 grande

116 4340 210 4395 malnm
227 4340 260 4396 de
276 4356 308 4396 se
324 4341 383 4412 ipso
402 4337 503 4412 grande
521 4335 620 4410 ailquid
638 4335 726 4394 dicere
743 4343 822 4408 atque
839 4335 959 4392 mirabile
970 4339 1154 4406 extremaeque

116 4440 262 4498 denentiae
286 4447 342 4506 est,
367 4438 438 4495 nnlla
463 4438 609 4494 imminente
634 4439 794 4494 necessitate
811 4451 894 4494 rerum
913 4435 1027 4492 ulolmta
1045 4450 1153 4507 prorsus
