<?xml version="1.0" encoding="UTF-8"?>
<!DOCTYPE html PUBLIC "-//W3C//DTD XHTML 1.0 Transitional//EN"
    "http://www.w3.org/TR/xhtml1/DTD/xhtml1-transitional.dtd">
<html xmlns="http://www.w3.org/1999/xhtml" xml:lang="en" lang="en">
 <head>
  <title>
</title>
<meta http-equiv="Content-Type" content="text/html;charset=utf-8" />
  <meta name='ocr-system' content='tesseract 3.04.00' />
  <meta name='ocr-capabilities' content='ocr_page ocr_carea ocr_par ocr_line ocrx_word'/>
</head>
<body>
  <div class='ocr_page' id='page_1' title='image "./jacobiavoragine00jacogoog_0685.png"; bbox 0 0 2918 5302; ppageno 0'>
   <div class='ocr_carea' id='block_1_1' title="bbox 311 405 1150 520">
    <p class='ocr_par' dir='ltr' id='par_1_1' title="bbox 311 405 1150 520">
     <span class='ocr_line' id='line_1_1' title="bbox 311 405 1150 520; baseline -0.008 -26"><span class='ocrx_word' id='word_1_1' title='bbox 311 431 373 520; x_wconf 76' lang='lat'><strong>662</strong></span> <span class='ocrx_word' id='word_1_2' title='bbox 424 441 425 444; x_wconf 76' lang='grc'>’</span> <span class='ocrx_word' id='word_1_3' title='bbox 519 431 593 510; x_wconf 82' lang='lat' dir='ltr'><strong>Cap.</strong></span> <span class='ocrx_word' id='word_1_4' title='bbox 616 405 744 490; x_wconf 67' lang='lat' dir='ltr'><strong>cxlix,</strong></span> <span class='ocrx_word' id='word_1_5' title='bbox 792 425 838 489; x_wconf 83' lang='lat' dir='ltr'><strong>Da</strong></span> <span class='ocrx_word' id='word_1_6' title='bbox 861 437 959 488; x_wconf 75' lang='lat' dir='ltr'><strong>sauma</strong></span> <span class='ocrx_word' id='word_1_7' title='bbox 980 427 1150 502; x_wconf 71' lang='lat' dir='ltr'><strong>Franciseu.</strong></span> 
     </span>
    </p>
   </div>
   <div class='ocr_carea' id='block_1_2' title="bbox 254 585 1369 2355">
    <p class='ocr_par' dir='ltr' id='par_1_2' title="bbox 254 585 1369 2355">
     <span class='ocr_line' id='line_1_2' title="bbox 315 585 1368 657; baseline -0.003 -8"><span class='ocrx_word' id='word_1_8' title='bbox 315 596 366 649; x_wconf 83' lang='lat' dir='ltr'><strong>tiae</strong></span> <span class='ocrx_word' id='word_1_9' title='bbox 389 585 450 651; x_wconf 85' lang='lat' dir='ltr'><strong>[inu</strong></span> <span class='ocrx_word' id='word_1_10' title='bbox 469 591 559 650; x_wconf 86' lang='lat' dir='ltr'><strong>retulit</strong></span> <span class='ocrx_word' id='word_1_11' title='bbox 581 597 608 648; x_wconf 84' lang='lat' dir='ltr'><strong>et</strong></span> <span class='ocrx_word' id='word_1_12' title='bbox 632 607 723 648; x_wconf 84' lang='lat' dir='ltr'><strong>omnes</strong></span> <span class='ocrx_word' id='word_1_13' title='bbox 741 587 896 657; x_wconf 70' lang='lat' dir='ltr'><strong>adstantes,</strong></span> <span class='ocrx_word' id='word_1_14' title='bbox 921 596 950 644; x_wconf 89' lang='lat' dir='ltr'><strong>ut</strong></span> <span class='ocrx_word' id='word_1_15' title='bbox 968 591 994 644; x_wconf 94' lang='lat' dir='ltr'><strong>ln</strong></span> <span class='ocrx_word' id='word_1_16' title='bbox 1012 590 1106 648; x_wconf 83' lang='lat' dir='ltr'><strong>mellus</strong></span> <span class='ocrx_word' id='word_1_17' title='bbox 1122 591 1205 647; x_wconf 78' lang='lat' dir='ltr'><strong>silan</strong></span> <span class='ocrx_word' id='word_1_18' title='bbox 1226 595 1368 656; x_wconf 76' lang='lat' dir='ltr'><strong>nasama,</strong></span> 
     </span>
     <span class='ocr_line' id='line_1_3' title="bbox 315 688 1368 761; baseline -0.004 -15"><span class='ocrx_word' id='word_1_19' title='bbox 315 691 458 748; x_wconf 72' lang='lat' dir='ltr'>admonuit.</span> <span class='ocrx_word' id='word_1_20' title='bbox 494 688 570 754; x_wconf 77' lang='lat' dir='ltr'><strong>Quin</strong></span> <span class='ocrx_word' id='word_1_21' title='bbox 586 688 720 748; x_wconf 81' lang='lat' dir='ltr'><strong>Eltrulnns</strong></span> <span class='ocrx_word' id='word_1_22' title='bbox 744 689 855 748; x_wconf 78' lang='lat' dir='ltr'><strong>audient</strong></span> <span class='ocrx_word' id='word_1_23' title='bbox 882 695 909 744; x_wconf 96' lang='lat' dir='ltr'><strong>et</strong></span> <span class='ocrx_word' id='word_1_24' title='bbox 925 688 1045 745; x_wconf 76' lang='lat' dir='ltr'><strong>inridens</strong></span> <span class='ocrx_word' id='word_1_25' title='bbox 1064 691 1155 746; x_wconf 86' lang='lat' dir='ltr'><strong>missis</strong></span> <span class='ocrx_word' id='word_1_26' title='bbox 1174 695 1298 761; x_wconf 77' lang='lat' dir='ltr'><strong>quatuor</strong></span> <span class='ocrx_word' id='word_1_27' title='bbox 1314 692 1368 761; x_wconf 78' lang='lat' dir='ltr'><strong>spi-</strong></span> 
     </span>
     <span class='ocr_line' id='line_1_4' title="bbox 316 787 1366 864; baseline -0.006 -14"><span class='ocrx_word' id='word_1_28' title='bbox 316 791 480 850; x_wconf 76' lang='lat' dir='ltr'><strong>culatoribus</strong></span> <span class='ocrx_word' id='word_1_29' title='bbox 508 793 592 864; x_wconf 76' lang='lat' dir='ltr'><strong>ipsum</strong></span> <span class='ocrx_word' id='word_1_30' title='bbox 618 787 747 846; x_wconf 83' lang='lat' dir='ltr'><strong>leeollarl</strong></span> <span class='ocrx_word' id='word_1_31' title='bbox 771 790 915 860; x_wconf 76' lang='lat' dir='ltr'><strong>praesepti.</strong></span> <span class='ocrx_word' id='word_1_32' title='bbox 952 787 1015 843; x_wconf 78' lang='lat' dir='ltr'><strong>llum</strong></span> <span class='ocrx_word' id='word_1_33' title='bbox 1034 804 1100 862; x_wconf 74' lang='lat' dir='ltr'><strong>erga</strong></span> <span class='ocrx_word' id='word_1_34' title='bbox 1119 789 1206 860; x_wconf 79' lang='lat' dir='ltr'><strong>ipsum</strong></span> <span class='ocrx_word' id='word_1_35' title='bbox 1229 788 1366 854; x_wconf 76' lang='lat' dir='ltr'><strong>inserent,</strong></span> 
     </span>
     <span class='ocr_line' id='line_1_5' title="bbox 317 887 1367 962; baseline -0.003 -16"><span class='ocrx_word' id='word_1_36' title='bbox 317 893 357 946; x_wconf 85' lang='lat' dir='ltr'><strong>ait</strong></span> <span class='ocrx_word' id='word_1_37' title='bbox 375 892 421 945; x_wconf 84' lang='lat' dir='ltr'><strong>iia:</strong></span> <span class='ocrx_word' id='word_1_38' title='bbox 446 907 499 946; x_wconf 87' lang='lat' dir='ltr'><strong>nun</strong></span> <span class='ocrx_word' id='word_1_39' title='bbox 522 897 580 957; x_wconf 87' lang='lat' dir='ltr'><strong>eat,</strong></span> <span class='ocrx_word' id='word_1_40' title='bbox 604 891 704 962; x_wconf 80' lang='lat' dir='ltr'><strong>lnquit,</strong></span> <span class='ocrx_word' id='word_1_41' title='bbox 729 904 811 962; x_wconf 81' lang='lat' dir='ltr'><strong>opus,</strong></span> <span class='ocrx_word' id='word_1_42' title='bbox 835 887 1135 953; x_wconf 59' lang='lat' dir='ltr'><strong>transcurrentium</strong></span> <span class='ocrx_word' id='word_1_43' title='bbox 1159 889 1296 962; x_wconf 81' lang='lat' dir='ltr'><strong>luitgart,</strong></span> <span class='ocrx_word' id='word_1_44' title='bbox 1320 887 1367 945; x_wconf 81' lang='lat' dir='ltr'><strong>sel</strong></span> 
     </span>
     <span class='ocr_line' id='line_1_6' title="bbox 318 985 1365 1061; baseline -0.001 -17"><span class='ocrx_word' id='word_1_45' title='bbox 318 989 361 1045; x_wconf 83' lang='lat' dir='ltr'><strong>lie</strong></span> <span class='ocrx_word' id='word_1_46' title='bbox 379 990 485 1061; x_wconf 76' lang='lat' dir='ltr'><strong>inplete</strong></span> <span class='ocrx_word' id='word_1_47' title='bbox 502 989 660 1046; x_wconf 82' lang='lat' dir='ltr'><strong>lesileriunr</strong></span> <span class='ocrx_word' id='word_1_48' title='bbox 677 991 753 1060; x_wconf 78' lang='lat' dir='ltr'><strong>ujus,</strong></span> <span class='ocrx_word' id='word_1_49' title='bbox 779 989 823 1059; x_wconf 84' lang='lat' dir='ltr'><strong>qni</strong></span> <span class='ocrx_word' id='word_1_50' title='bbox 848 1003 895 1042; x_wconf 80' lang='lat' dir='ltr'><strong>sus</strong></span> <span class='ocrx_word' id='word_1_51' title='bbox 921 987 1000 1043; x_wconf 86' lang='lat' dir='ltr'><strong>misit.</strong></span> <span class='ocrx_word' id='word_1_52' title='bbox 1035 986 1077 1042; x_wconf 76' lang='lat' dir='ltr'><strong>Aul</strong></span> <span class='ocrx_word' id='word_1_53' title='bbox 1102 985 1154 1043; x_wconf 81' lang='lat' dir='ltr'><strong>lue</strong></span> <span class='ocrx_word' id='word_1_54' title='bbox 1178 993 1236 1044; x_wconf 81' lang='lat' dir='ltr'><strong>tres</strong></span> <span class='ocrx_word' id='word_1_55' title='bbox 1263 987 1365 1045; x_wconf 85' lang='lat' dir='ltr'><strong>illarum</strong></span> 
     </span>
     <span class='ocr_line' id='line_1_7' title="bbox 318 1085 1366 1161; baseline -0.001 -17"><span class='ocrx_word' id='word_1_56' title='bbox 318 1087 386 1146; x_wconf 80' lang='lat' dir='ltr'><strong>alen</strong></span> <span class='ocrx_word' id='word_1_57' title='bbox 405 1096 466 1144; x_wconf 85' lang='lat' dir='ltr'><strong>suut</strong></span> <span class='ocrx_word' id='word_1_58' title='bbox 482 1090 646 1161; x_wconf 72' lang='lat' dir='ltr'><strong>compuncti,</strong></span> <span class='ocrx_word' id='word_1_59' title='bbox 669 1086 792 1160; x_wconf 81' lang='lat' dir='ltr'><strong>quadani</strong></span> <span class='ocrx_word' id='word_1_60' title='bbox 812 1087 895 1158; x_wconf 83' lang='lat' dir='ltr'><strong>pedes</strong></span> <span class='ocrx_word' id='word_1_61' title='bbox 914 1086 975 1159; x_wconf 83' lang='lat' dir='ltr'><strong>ejus</strong></span> <span class='ocrx_word' id='word_1_62' title='bbox 992 1085 1161 1158; x_wconf 69' lang='lat' dir='ltr'><strong>procidentes</strong></span> <span class='ocrx_word' id='word_1_63' title='bbox 1180 1091 1290 1143; x_wconf 80' lang='lat' dir='ltr'><strong>ueniam</strong></span> <span class='ocrx_word' id='word_1_64' title='bbox 1308 1104 1366 1161; x_wconf 79' lang='lat' dir='ltr'><strong>pre-</strong></span> 
     </span>
     <span class='ocr_line' id='line_1_8' title="bbox 320 1185 1366 1261; baseline 0 -17"><span class='ocrx_word' id='word_1_65' title='bbox 320 1187 464 1255; x_wconf 82' lang='lat' dir='ltr'><strong>rebantur,</strong></span> <span class='ocrx_word' id='word_1_66' title='bbox 483 1193 592 1261; x_wconf 79' lang='lat' dir='ltr'><strong>quartum</strong></span> <span class='ocrx_word' id='word_1_67' title='bbox 611 1204 692 1258; x_wconf 82' lang='lat' dir='ltr'><strong>vero,</strong></span> <span class='ocrx_word' id='word_1_68' title='bbox 709 1203 767 1243; x_wconf 87' lang='lat' dir='ltr'><strong>eum</strong></span> <span class='ocrx_word' id='word_1_69' title='bbox 786 1204 843 1244; x_wconf 90' lang='lat' dir='ltr'><strong>enm</strong></span> <span class='ocrx_word' id='word_1_70' title='bbox 862 1185 1036 1256; x_wconf 75' lang='lat' dir='ltr'><strong>desaltasset,</strong></span> <span class='ocrx_word' id='word_1_71' title='bbox 1058 1187 1181 1258; x_wconf 80' lang='lat' dir='ltr'><strong>protinus</strong></span> <span class='ocrx_word' id='word_1_72' title='bbox 1200 1202 1218 1242; x_wconf 90' lang='lat' dir='ltr'><strong>a</strong></span> <span class='ocrx_word' id='word_1_73' title='bbox 1235 1186 1366 1244; x_wconf 75' lang='lat' dir='ltr'><strong>damnent</strong></span> 
     </span>
     <span class='ocr_line' id='line_1_9' title="bbox 319 1285 1365 1361; baseline 0 -19"><span class='ocrx_word' id='word_1_74' title='bbox 319 1293 442 1358; x_wconf 77' lang='lat' dir='ltr'><strong>arreptus</strong></span> <span class='ocrx_word' id='word_1_75' title='bbox 473 1293 501 1343; x_wconf 80' lang='lat' dir='ltr'><strong>at</strong></span> <span class='ocrx_word' id='word_1_76' title='bbox 535 1291 563 1343; x_wconf 93' lang='lat' dir='ltr'><strong>ln</strong></span> <span class='ocrx_word' id='word_1_77' title='bbox 590 1291 678 1361; x_wconf 73' lang='lat' dir='ltr'><strong>iguem</strong></span> <span class='ocrx_word' id='word_1_78' title='bbox 710 1290 846 1360; x_wconf 71' lang='lat' dir='ltr'><strong>protasius</strong></span> <span class='ocrx_word' id='word_1_79' title='bbox 870 1289 950 1342; x_wconf 81' lang='lat' dir='ltr'><strong>uitam</strong></span> <span class='ocrx_word' id='word_1_80' title='bbox 982 1285 1173 1341; x_wconf 71' lang='lat' dir='ltr'><strong>miserabiliter</strong></span> <span class='ocrx_word' id='word_1_81' title='bbox 1201 1288 1365 1344; x_wconf 74' lang='lat' dir='ltr'><strong>terminarit</strong></span> 
     </span>
     <span class='ocr_line' id='line_1_10' title="bbox 319 1373 1365 1459; baseline 0.002 -19"><span class='ocrx_word' id='word_1_82' title='bbox 319 1380 429 1441; x_wconf 77' lang='lat' dir='ltr'><strong>Biennio</strong></span> <span class='ocrx_word' id='word_1_83' title='bbox 453 1387 559 1459; x_wconf 80' lang='lat' dir='ltr'><strong>raptate</strong></span> <span class='ocrx_word' id='word_1_84' title='bbox 584 1387 694 1444; x_wconf 82' lang='lat' dir='ltr'><strong>aultrns</strong></span> <span class='ocrx_word' id='word_1_85' title='bbox 718 1386 850 1447; x_wconf 73' lang='lat' dir='ltr'><strong>Ebrnlnua</strong></span> <span class='ocrx_word' id='word_1_86' title='bbox 874 1400 971 1458; x_wconf 84' lang='lat' dir='ltr'><strong>carpus</strong></span> <span class='ocrx_word' id='word_1_87' title='bbox 996 1373 1151 1441; x_wconf 73' lang='lat' dir='ltr'><strong>sanml&#39;rlrl</strong></span> <span class='ocrx_word' id='word_1_88' title='bbox 1173 1385 1268 1444; x_wconf 75' lang='lat' dir='ltr'><strong>uultis</strong></span> <span class='ocrx_word' id='word_1_89' title='bbox 1286 1389 1365 1444; x_wconf 79' lang='lat' dir='ltr'><strong>ntra-</strong></span> 
     </span>
     <span class='ocr_line' id='line_1_11' title="bbox 319 1465 1366 1572; baseline 0 -32"><span class='ocrx_word' id='word_1_90' title='bbox 319 1485 386 1541; x_wconf 81' lang='lat' dir='ltr'><strong>uelis</strong></span> <span class='ocrx_word' id='word_1_91' title='bbox 396 1485 537 1572; x_wconf 69' lang='lat' dir='ltr'><strong>illustrari,</strong></span> <span class='ocrx_word' id='word_1_92' title='bbox 557 1487 745 1544; x_wconf 64' lang='lat' dir='ltr'><strong>miserabiliter</strong></span> <span class='ocrx_word' id='word_1_93' title='bbox 757 1478 888 1544; x_wconf 75' lang='lat' dir='ltr'><strong>cruciatus</strong></span> <span class='ocrx_word' id='word_1_94' title='bbox 903 1485 1002 1542; x_wconf 79' lang='lat' dir='ltr'><strong>insidia</strong></span> <span class='ocrx_word' id='word_1_95' title='bbox 1020 1483 1126 1540; x_wconf 79' lang='lat' dir='ltr'><strong>militem</strong></span> <span class='ocrx_word' id='word_1_96' title='bbox 1144 1483 1209 1540; x_wconf 83' lang='lat' dir='ltr'><strong>illua</strong></span> <span class='ocrx_word' id='word_1_97' title='bbox 1227 1465 1313 1554; x_wconf 76' lang='lat' dir='ltr'><strong>arisit,</strong></span> <span class='ocrx_word' id='word_1_98' title='bbox 1331 1493 1366 1550; x_wconf 84' lang='lat' dir='ltr'><strong>ut,</strong></span> 
     </span>
     <span class='ocr_line' id='line_1_12' title="bbox 320 1583 1367 1657; baseline 0.001 -17"><span class='ocrx_word' id='word_1_99' title='bbox 320 1599 354 1640; x_wconf 88' lang='lat' dir='ltr'><strong>an</strong></span> <span class='ocrx_word' id='word_1_100' title='bbox 379 1589 417 1641; x_wconf 85' lang='lat' dir='ltr'><strong>sic</strong></span> <span class='ocrx_word' id='word_1_101' title='bbox 440 1602 471 1642; x_wconf 87' lang='lat' dir='ltr'><strong>se</strong></span> <span class='ocrx_word' id='word_1_102' title='bbox 495 1585 608 1643; x_wconf 80' lang='lat' dir='ltr'><strong>haberat</strong></span> <span class='ocrx_word' id='word_1_103' title='bbox 632 1589 746 1657; x_wconf 84' lang='lat' dir='ltr'><strong>veritas,</strong></span> <span class='ocrx_word' id='word_1_104' title='bbox 775 1589 916 1642; x_wconf 67' lang='lat' dir='ltr'><strong>insinuaret.</strong></span> <span class='ocrx_word' id='word_1_105' title='bbox 951 1583 1031 1640; x_wconf 81' lang='lat' dir='ltr'><strong>Miles</strong></span> <span class='ocrx_word' id='word_1_106' title='bbox 1054 1590 1141 1640; x_wconf 85' lang='lat' dir='ltr'><strong>aulem</strong></span> <span class='ocrx_word' id='word_1_107' title='bbox 1171 1584 1311 1656; x_wconf 77' lang='lat' dir='ltr'><strong>superbus</strong></span> <span class='ocrx_word' id='word_1_108' title='bbox 1342 1593 1367 1642; x_wconf 80' lang='lat' dir='ltr'><strong>et</strong></span> 
     </span>
     <span class='ocr_line' id='line_1_13' title="bbox 320 1671 1367 1758; baseline 0.001 -18"><span class='ocrx_word' id='word_1_109' title='bbox 320 1699 452 1758; x_wconf 74' lang='lat' dir='ltr'><strong>arrogans</strong></span> <span class='ocrx_word' id='word_1_110' title='bbox 471 1702 526 1740; x_wconf 85' lang='lat' dir='ltr'><strong>enm</strong></span> <span class='ocrx_word' id='word_1_111' title='bbox 542 1687 604 1742; x_wconf 85' lang='lat' dir='ltr'><strong>illue</strong></span> <span class='ocrx_word' id='word_1_112' title='bbox 622 1689 752 1754; x_wconf 78' lang='lat' dir='ltr'><strong>venisset,</strong></span> <span class='ocrx_word' id='word_1_113' title='bbox 777 1687 850 1743; x_wconf 80' lang='lat' dir='ltr'><strong>ealue</strong></span> <span class='ocrx_word' id='word_1_114' title='bbox 867 1687 981 1742; x_wconf 84' lang='lat' dir='ltr'><strong>tumbam</strong></span> <span class='ocrx_word' id='word_1_115' title='bbox 1000 1671 1084 1739; x_wconf 82' lang='lat' dir='ltr'><strong>saneti</strong></span> <span class='ocrx_word' id='word_1_116' title='bbox 1102 1687 1256 1756; x_wconf 71' lang='lat' dir='ltr'><strong>percutiens</strong></span> <span class='ocrx_word' id='word_1_117' title='bbox 1275 1685 1367 1741; x_wconf 75' lang='lat' dir='ltr'><strong>esda-</strong></span> 
     </span>
     <span class='ocr_line' id='line_1_14' title="bbox 320 1784 1367 1857; baseline 0 -17"><span class='ocrx_word' id='word_1_118' title='bbox 320 1787 417 1840; x_wconf 80' lang='lat' dir='ltr'><strong>marii:</strong></span> <span class='ocrx_word' id='word_1_119' title='bbox 440 1787 581 1852; x_wconf 79' lang='lat' dir='ltr'><strong>muniatur,</strong></span> <span class='ocrx_word' id='word_1_120' title='bbox 606 1788 651 1857; x_wconf 78' lang='lat' dir='ltr'><strong>qni</strong></span> <span class='ocrx_word' id='word_1_121' title='bbox 668 1791 795 1842; x_wconf 81' lang='lat' dir='ltr'><strong>mortuam</strong></span> <span class='ocrx_word' id='word_1_122' title='bbox 815 1786 943 1850; x_wconf 75' lang='lat' dir='ltr'><strong>miracula</strong></span> <span class='ocrx_word' id='word_1_123' title='bbox 962 1785 1052 1840; x_wconf 81' lang='lat' dir='ltr'><strong>lacere</strong></span> <span class='ocrx_word' id='word_1_124' title='bbox 1069 1799 1151 1856; x_wconf 81' lang='lat' dir='ltr'><strong>passe</strong></span> <span class='ocrx_word' id='word_1_125' title='bbox 1168 1784 1266 1843; x_wconf 82' lang='lat' dir='ltr'><strong>arsilli.</strong></span> <span class='ocrx_word' id='word_1_126' title='bbox 1303 1785 1367 1843; x_wconf 81' lang='lat' dir='ltr'><strong>llus</strong></span> 
     </span>
     <span class='ocr_line' id='line_1_15' title="bbox 320 1883 1368 1956; baseline 0.003 -18"><span class='ocrx_word' id='word_1_127' title='bbox 320 1883 367 1940; x_wconf 87' lang='lat' dir='ltr'><strong>tile</strong></span> <span class='ocrx_word' id='word_1_128' title='bbox 384 1891 506 1956; x_wconf 80' lang='lat' dir='ltr'><strong>arreptus</strong></span> <span class='ocrx_word' id='word_1_129' title='bbox 525 1900 540 1939; x_wconf 89' lang='lat' dir='ltr'><strong>a</strong></span> <span class='ocrx_word' id='word_1_130' title='bbox 559 1885 697 1942; x_wconf 83' lang='lat' dir='ltr'><strong>daemonia</strong></span> <span class='ocrx_word' id='word_1_131' title='bbox 716 1890 743 1941; x_wconf 89' lang='lat' dir='ltr'><strong>et</strong></span> <span class='ocrx_word' id='word_1_132' title='bbox 760 1885 848 1941; x_wconf 85' lang='lat' dir='ltr'><strong>subito</strong></span> <span class='ocrx_word' id='word_1_133' title='bbox 867 1887 981 1940; x_wconf 84' lang='lat' dir='ltr'><strong>moriens</strong></span> <span class='ocrx_word' id='word_1_134' title='bbox 1000 1891 1084 1938; x_wconf 84' lang='lat' dir='ltr'><strong>marte</strong></span> <span class='ocrx_word' id='word_1_135' title='bbox 1103 1899 1152 1938; x_wconf 77' lang='lat' dir='ltr'><strong>sua</strong></span> <span class='ocrx_word' id='word_1_136' title='bbox 1170 1892 1294 1940; x_wconf 76' lang='lat' dir='ltr'><strong>sanetum</strong></span> <span class='ocrx_word' id='word_1_137' title='bbox 1313 1901 1368 1941; x_wconf 80' lang='lat' dir='ltr'><strong>au-</strong></span> 
     </span>
     <span class='ocr_line' id='line_1_16' title="bbox 320 1975 1367 2057; baseline 0.005 -19"><span class='ocrx_word' id='word_1_138' title='bbox 320 1985 390 2054; x_wconf 80' lang='lat' dir='ltr'><strong>plius</strong></span> <span class='ocrx_word' id='word_1_139' title='bbox 412 1984 610 2040; x_wconf 83' lang='lat' dir='ltr'><strong>nomnenlanlt.</strong></span> <span class='ocrx_word' id='word_1_140' title='bbox 645 1983 690 2040; x_wconf 86' lang='lat' dir='ltr'><strong>llis</strong></span> <span class='ocrx_word' id='word_1_141' title='bbox 716 1975 815 2041; x_wconf 80' lang='lat' dir='ltr'><strong>auditis</strong></span> <span class='ocrx_word' id='word_1_142' title='bbox 836 1984 966 2041; x_wconf 75' lang='lat' dir='ltr'><strong>numurus</strong></span> <span class='ocrx_word' id='word_1_143' title='bbox 991 1983 1103 2056; x_wconf 78' lang='lat' dir='ltr'><strong>amplius</strong></span> <span class='ocrx_word' id='word_1_144' title='bbox 1127 1981 1231 2039; x_wconf 77' lang='lat' dir='ltr'><strong>inuidia</strong></span> <span class='ocrx_word' id='word_1_145' title='bbox 1253 1991 1367 2057; x_wconf 76' lang='lat' dir='ltr'><strong>torque·</strong></span> 
     </span>
     <span class='ocr_line' id='line_1_17' title="bbox 319 2080 1365 2158; baseline 0.006 -20"><span class='ocrx_word' id='word_1_146' title='bbox 319 2083 399 2138; x_wconf 82' lang='lat' dir='ltr'><strong>batur</strong></span> <span class='ocrx_word' id='word_1_147' title='bbox 416 2091 442 2138; x_wconf 81' lang='lat' dir='ltr'><strong>ut</strong></span> <span class='ocrx_word' id='word_1_148' title='bbox 461 2083 553 2138; x_wconf 87' lang='lat' dir='ltr'><strong>lamam</strong></span> <span class='ocrx_word' id='word_1_149' title='bbox 574 2085 658 2139; x_wconf 86' lang='lat' dir='ltr'><strong>sanati</strong></span> <span class='ocrx_word' id='word_1_150' title='bbox 677 2087 850 2158; x_wconf 63' lang='lat' dir='ltr'><strong>exstinguere</strong></span> <span class='ocrx_word' id='word_1_151' title='bbox 867 2084 1039 2142; x_wconf 78' lang='lat' dir='ltr'><strong>moliebatur.</strong></span> <span class='ocrx_word' id='word_1_152' title='bbox 1065 2080 1112 2137; x_wconf 82' lang='lat' dir='ltr'><strong>sel</strong></span> <span class='ocrx_word' id='word_1_153' title='bbox 1127 2083 1206 2153; x_wconf 73' lang='lat' dir='ltr'><strong>Juxta</strong></span> <span class='ocrx_word' id='word_1_154' title='bbox 1221 2085 1365 2155; x_wconf 76' lang='lat' dir='ltr'><strong>praedicu-</strong></span> 
     </span>
     <span class='ocr_line' id='line_1_18' title="bbox 254 2168 1369 2256; baseline 0.005 -20"><span class='ocrx_word' id='word_1_155' title='bbox 254 2168 257 2174; x_wconf 70' lang='grc'><strong>’</strong></span> <span class='ocrx_word' id='word_1_156' title='bbox 318 2185 416 2238; x_wconf 85' lang='lat' dir='ltr'><strong>tionem</strong></span> <span class='ocrx_word' id='word_1_157' title='bbox 440 2185 525 2237; x_wconf 86' lang='lat' dir='ltr'><strong>sanati</strong></span> <span class='ocrx_word' id='word_1_158' title='bbox 550 2183 642 2255; x_wconf 83' lang='lat' dir='ltr'><strong>gladia</strong></span> <span class='ocrx_word' id='word_1_159' title='bbox 667 2187 788 2256; x_wconf 85' lang='lat' dir='ltr'><strong>nequitur</strong></span> <span class='ocrx_word' id='word_1_160' title='bbox 811 2199 922 2255; x_wconf 77' lang='lat' dir='ltr'><strong>nequam</strong></span> <span class='ocrx_word' id='word_1_161' title='bbox 949 2181 1077 2239; x_wconf 82' lang='lat' dir='ltr'><strong>uueiditnr</strong></span> <span class='ocrx_word' id='word_1_162' title='bbox 1099 2184 1165 2252; x_wconf 78' lang='lat' dir='ltr'><strong>ipse.</strong></span> <span class='ocrx_word' id='word_1_163' title='bbox 1203 2181 1309 2239; x_wconf 80' lang='lat' dir='ltr'><strong>Passus</strong></span> <span class='ocrx_word' id='word_1_164' title='bbox 1329 2193 1369 2242; x_wconf 77' lang='lat' dir='ltr'><strong>est</strong></span> 
     </span>
     <span class='ocr_line' id='line_1_19' title="bbox 322 2279 1330 2355; baseline 0.004 -20"><span class='ocrx_word' id='word_1_165' title='bbox 322 2289 408 2338; x_wconf 86' lang='lat' dir='ltr'><strong>auteur</strong></span> <span class='ocrx_word' id='word_1_166' title='bbox 426 2284 497 2338; x_wconf 84' lang='lat' dir='ltr'><strong>niusa</strong></span> <span class='ocrx_word' id='word_1_167' title='bbox 515 2297 609 2338; x_wconf 86' lang='lat' dir='ltr'><strong>annum</strong></span> <span class='ocrx_word' id='word_1_168' title='bbox 628 2283 726 2338; x_wconf 83' lang='lat' dir='ltr'><strong>lumini</strong></span> <span class='ocrx_word' id='word_1_169' title='bbox 744 2281 890 2338; x_wconf 70' lang='lat' dir='ltr'><strong>mclxxx</strong></span> <span class='ocrx_word' id='word_1_170' title='bbox 908 2291 1026 2354; x_wconf 82' lang='lat' dir='ltr'><strong>tempore</strong></span> <span class='ocrx_word' id='word_1_171' title='bbox 1045 2279 1209 2336; x_wconf 81' lang='lat' dir='ltr'><strong>constantini</strong></span> <span class='ocrx_word' id='word_1_172' title='bbox 1230 2287 1330 2355; x_wconf 81' lang='lat' dir='ltr'><strong>quarti.</strong></span> 
     </span>
    </p>
   </div>
   <div class='ocr_carea' id='block_1_3' title="bbox 739 2528 944 2540">
    <p class='ocr_par' dir='ltr' id='par_1_3' title="bbox 739 2528 944 2540">
     <span class='ocr_line' id='line_1_20' title="bbox 739 2528 944 2540; baseline 0 0"><span class='ocrx_word' id='word_1_173' title='bbox 739 2528 944 2540; x_wconf 58' lang='grc' dir='ltr'><strong>α--ι--υ-ι-ι--α-</strong></span> 
     </span>
    </p>
   </div>
   <div class='ocr_carea' id='block_1_4' title="bbox 648 2769 1039 2878">
    <p class='ocr_par' dir='ltr' id='par_1_4' title="bbox 648 2769 1039 2878">
     <span class='ocr_line' id='line_1_21' title="bbox 648 2769 1039 2878; baseline 0 -14"><span class='ocrx_word' id='word_1_174' title='bbox 648 2769 744 2872; x_wconf 82' lang='lat' dir='ltr'><strong>illl&#39;.</strong></span> <span class='ocrx_word' id='word_1_175' title='bbox 768 2769 903 2878; x_wconf 81' lang='lat' dir='ltr'><strong>utili,</strong></span> <span class='ocrx_word' id='word_1_176' title='bbox 927 2769 1039 2872; x_wconf 84' lang='lat' dir='ltr'><strong>llll.)</strong></span> 
     </span>
    </p>
   </div>
   <div class='ocr_carea' id='block_1_5' title="bbox 514 2922 1168 2998">
    <p class='ocr_par' dir='ltr' id='par_1_5' title="bbox 514 2922 1168 2998">
     <span class='ocr_line' id='line_1_22' title="bbox 514 2922 1168 2998; baseline -0.003 -5"><span class='ocrx_word' id='word_1_177' title='bbox 514 2923 596 2993; x_wconf 74' lang='lat' dir='ltr'><strong>lta</strong></span> <span class='ocrx_word' id='word_1_178' title='bbox 623 2923 820 2994; x_wconf 71' lang='lat' dir='ltr'><strong>sancto</strong></span> <span class='ocrx_word' id='word_1_179' title='bbox 850 2922 1168 2998; x_wconf 75' lang='lat' dir='ltr'><strong>Frumnlneu.</strong></span> 
     </span>
    </p>
   </div>
   <div class='ocr_carea' id='block_1_6' title="bbox 311 3083 1409 4463">
    <p class='ocr_par' dir='ltr' id='par_1_6' title="bbox 311 3083 1409 4463">
     <span class='ocr_line' id='line_1_23' title="bbox 389 3083 1370 3160; baseline 0.009 -21"><span class='ocrx_word' id='word_1_180' title='bbox 389 3083 545 3140; x_wconf 79' lang='lat' dir='ltr'><strong>Franciseus</strong></span> <span class='ocrx_word' id='word_1_181' title='bbox 564 3086 638 3156; x_wconf 82' lang='lat' dir='ltr'><strong>prius</strong></span> <span class='ocrx_word' id='word_1_182' title='bbox 652 3083 737 3140; x_wconf 81' lang='lat' dir='ltr'><strong>lictus</strong></span> <span class='ocrx_word' id='word_1_183' title='bbox 751 3092 792 3142; x_wconf 83' lang='lat' dir='ltr'><strong>est</strong></span> <span class='ocrx_word' id='word_1_184' title='bbox 804 3085 947 3156; x_wconf 84' lang='lat' dir='ltr'><strong>lohannes,</strong></span> <span class='ocrx_word' id='word_1_185' title='bbox 966 3088 1013 3145; x_wconf 83' lang='lat' dir='ltr'><strong>aed</strong></span> <span class='ocrx_word' id='word_1_186' title='bbox 1027 3089 1191 3160; x_wconf 80' lang='lat' dir='ltr'><strong>postmodum</strong></span> <span class='ocrx_word' id='word_1_187' title='bbox 1202 3099 1304 3146; x_wconf 84' lang='lat' dir='ltr'><strong>marato</strong></span> <span class='ocrx_word' id='word_1_188' title='bbox 1317 3109 1370 3148; x_wconf 86' lang='lat' dir='ltr'><strong>no-</strong></span> 
     </span>
     <span class='ocr_line' id='line_1_24' title="bbox 323 3181 1371 3260; baseline 0.01 -22"><span class='ocrx_word' id='word_1_189' title='bbox 323 3184 390 3239; x_wconf 85' lang='lat' dir='ltr'><strong>rnine</strong></span> <span class='ocrx_word' id='word_1_190' title='bbox 400 3181 559 3240; x_wconf 83' lang='lat' dir='ltr'><strong>Franulatus</strong></span> <span class='ocrx_word' id='word_1_191' title='bbox 571 3192 679 3240; x_wconf 82' lang='lat' dir='ltr'><strong>voratus</strong></span> <span class='ocrx_word' id='word_1_192' title='bbox 688 3191 738 3240; x_wconf 85' lang='lat' dir='ltr'><strong>est.</strong></span> <span class='ocrx_word' id='word_1_193' title='bbox 757 3186 838 3259; x_wconf 76' lang='lat' dir='ltr'><strong>Culus</strong></span> <span class='ocrx_word' id='word_1_194' title='bbox 850 3189 962 3242; x_wconf 83' lang='lat' dir='ltr'><strong>numinis</strong></span> <span class='ocrx_word' id='word_1_195' title='bbox 977 3191 1127 3244; x_wconf 84' lang='lat' dir='ltr'><strong>mutationis</strong></span> <span class='ocrx_word' id='word_1_196' title='bbox 1141 3188 1371 3260; x_wconf 75' lang='lat' dir='ltr'><strong>multiplexuausa</strong></span> 
     </span>
     <span class='ocr_line' id='line_1_25' title="bbox 322 3279 1370 3362; baseline 0.012 -26"><span class='ocrx_word' id='word_1_197' title='bbox 322 3281 407 3338; x_wconf 80' lang='lat' dir='ltr'><strong>luissa</strong></span> <span class='ocrx_word' id='word_1_198' title='bbox 426 3279 537 3338; x_wconf 82' lang='lat' dir='ltr'><strong>ridetur.</strong></span> <span class='ocrx_word' id='word_1_199' title='bbox 573 3282 660 3339; x_wconf 82' lang='lat' dir='ltr'><strong>Prima</strong></span> <span class='ocrx_word' id='word_1_200' title='bbox 686 3286 789 3340; x_wconf 82' lang='lat' dir='ltr'><strong>ratione</strong></span> <span class='ocrx_word' id='word_1_201' title='bbox 815 3287 935 3340; x_wconf 77' lang='lat' dir='ltr'><strong>miraculi</strong></span> <span class='ocrx_word' id='word_1_202' title='bbox 959 3287 1134 3356; x_wconf 83' lang='lat' dir='ltr'><strong>ennrrutaudi,</strong></span> <span class='ocrx_word' id='word_1_203' title='bbox 1154 3288 1273 3362; x_wconf 76' lang='lat' dir='ltr'><strong>linguam</strong></span> <span class='ocrx_word' id='word_1_204' title='bbox 1298 3297 1370 3349; x_wconf 81' lang='lat' dir='ltr'><strong>eninr</strong></span> 
     </span>
     <span class='ocr_line' id='line_1_26' title="bbox 322 3381 1371 3460; baseline 0.013 -25"><span class='ocrx_word' id='word_1_205' title='bbox 322 3381 446 3454; x_wconf 75' lang='lat' dir='ltr'><strong>gallicam</strong></span> <span class='ocrx_word' id='word_1_206' title='bbox 468 3381 627 3437; x_wconf 86' lang='lat' dir='ltr'><strong>miraeulnse</strong></span> <span class='ocrx_word' id='word_1_207' title='bbox 654 3383 900 3456; x_wconf 21' lang='lat' dir='ltr'><strong>allen-serapiam</strong></span> <span class='ocrx_word' id='word_1_208' title='bbox 919 3389 1096 3460; x_wconf 82' lang='lat' dir='ltr'><strong>eognnseitnr.</strong></span> <span class='ocrx_word' id='word_1_209' title='bbox 1132 3387 1202 3444; x_wconf 78' lang='lat' dir='ltr'><strong>Unde</strong></span> <span class='ocrx_word' id='word_1_210' title='bbox 1221 3387 1320 3448; x_wconf 84' lang='lat' dir='ltr'><strong>diuitur</strong></span> <span class='ocrx_word' id='word_1_211' title='bbox 1342 3393 1371 3449; x_wconf 89' lang='lat' dir='ltr'><strong>in</strong></span> 
     </span>
     <span class='ocr_line' id='line_1_27' title="bbox 323 3479 1369 3560; baseline 0.012 -25"><span class='ocrx_word' id='word_1_212' title='bbox 323 3479 439 3553; x_wconf 80' lang='lat' dir='ltr'><strong>legenda</strong></span> <span class='ocrx_word' id='word_1_213' title='bbox 451 3496 520 3550; x_wconf 78' lang='lat' dir='ltr'><strong>aaa,</strong></span> <span class='ocrx_word' id='word_1_214' title='bbox 545 3481 617 3556; x_wconf 83' lang='lat' dir='ltr'><strong>quud</strong></span> <span class='ocrx_word' id='word_1_215' title='bbox 641 3498 762 3553; x_wconf 75' lang='lat' dir='ltr'><strong>semper,</strong></span> <span class='ocrx_word' id='word_1_216' title='bbox 788 3499 844 3539; x_wconf 84' lang='lat' dir='ltr'><strong>enar</strong></span> <span class='ocrx_word' id='word_1_217' title='bbox 864 3485 960 3558; x_wconf 82' lang='lat' dir='ltr'><strong>ardore</strong></span> <span class='ocrx_word' id='word_1_218' title='bbox 977 3490 1061 3544; x_wconf 84' lang='lat' dir='ltr'><strong>saneti</strong></span> <span class='ocrx_word' id='word_1_219' title='bbox 1078 3491 1190 3558; x_wconf 71' lang='lat' dir='ltr'><strong>vsipiritus</strong></span> <span class='ocrx_word' id='word_1_220' title='bbox 1208 3490 1369 3560; x_wconf 75' lang='lat' dir='ltr'><strong>repleretur,</strong></span> 
     </span>
     <span class='ocr_line' id='line_1_28' title="bbox 311 3577 1370 3659; baseline 0.014 -25"><span class='ocrx_word' id='word_1_221' title='bbox 311 3577 445 3636; x_wconf 76' lang='lat' dir='ltr'><strong>&#39;ardentia</strong></span> <span class='ocrx_word' id='word_1_222' title='bbox 463 3581 529 3636; x_wconf 86' lang='lat' dir='ltr'><strong>luris</strong></span> <span class='ocrx_word' id='word_1_223' title='bbox 547 3579 632 3638; x_wconf 63' lang='lat' dir='ltr'><strong>&#39;uerba</strong></span> <span class='ocrx_word' id='word_1_224' title='bbox 655 3589 778 3638; x_wconf 85' lang='lat' dir='ltr'><strong>eructans</strong></span> <span class='ocrx_word' id='word_1_225' title='bbox 796 3584 894 3657; x_wconf 81' lang='lat' dir='ltr'><strong>galliae</strong></span> <span class='ocrx_word' id='word_1_226' title='bbox 914 3585 1079 3659; x_wconf 80' lang='lat' dir='ltr'><strong>loquelatur.</strong></span> <span class='ocrx_word' id='word_1_227' title='bbox 1114 3587 1237 3644; x_wconf 82' lang='lat' dir='ltr'><strong>Seunuilu</strong></span> <span class='ocrx_word' id='word_1_228' title='bbox 1261 3593 1370 3649; x_wconf 84' lang='lat' dir='ltr'><strong>ratluue</strong></span> 
     </span>
     <span class='ocr_line' id='line_1_29' title="bbox 323 3677 1370 3761; baseline 0.012 -27"><span class='ocrx_word' id='word_1_229' title='bbox 323 3677 404 3734; x_wconf 82' lang='lat' dir='ltr'><strong>allicit</strong></span> <span class='ocrx_word' id='word_1_230' title='bbox 420 3679 593 3753; x_wconf 80' lang='lat' dir='ltr'><strong>uliinlgnmli,</strong></span> <span class='ocrx_word' id='word_1_231' title='bbox 617 3682 687 3738; x_wconf 87' lang='lat' dir='ltr'><strong>unde</strong></span> <span class='ocrx_word' id='word_1_232' title='bbox 711 3682 858 3740; x_wconf 69' lang='lat' dir='ltr'><strong>liniturus</strong></span> <span class='ocrx_word' id='word_1_233' title='bbox 876 3684 1006 3759; x_wconf 81' lang='lat' dir='ltr'><strong>legenda,</strong></span> <span class='ocrx_word' id='word_1_234' title='bbox 1030 3687 1102 3761; x_wconf 74' lang='lat' dir='ltr'><strong>quael</strong></span> <span class='ocrx_word' id='word_1_235' title='bbox 1119 3687 1209 3744; x_wconf 80' lang='lat' dir='ltr'><strong>diviua</strong></span> <span class='ocrx_word' id='word_1_236' title='bbox 1226 3689 1370 3760; x_wconf 74' lang='lat' dir='ltr'><strong>undantia</strong></span> 
     </span>
     <span class='ocr_line' id='line_1_30' title="bbox 324 3763 1369 3866; baseline 0.012 -32"><span class='ocrx_word' id='word_1_237' title='bbox 324 3763 376 3834; x_wconf 76' lang='lat' dir='ltr'><strong>san</strong></span> <span class='ocrx_word' id='word_1_238' title='bbox 395 3778 445 3834; x_wconf 81' lang='lat' dir='ltr'><strong>hae</strong></span> <span class='ocrx_word' id='word_1_239' title='bbox 464 3779 617 3836; x_wconf 84' lang='lat' dir='ltr'><strong>uocabulum</strong></span> <span class='ocrx_word' id='word_1_240' title='bbox 636 3781 740 3848; x_wconf 78' lang='lat' dir='ltr'><strong>indidit,</strong></span> <span class='ocrx_word' id='word_1_241' title='bbox 758 3789 787 3839; x_wconf 92' lang='lat' dir='ltr'><strong>nt</strong></span> <span class='ocrx_word' id='word_1_242' title='bbox 800 3801 832 3840; x_wconf 84' lang='lat' dir='ltr'><strong>ex</strong></span> <span class='ocrx_word' id='word_1_243' title='bbox 848 3785 977 3866; x_wconf 76' lang='lat' dir='ltr'><strong>singulari</strong></span> <span class='ocrx_word' id='word_1_244' title='bbox 997 3793 1024 3842; x_wconf 87' lang='lat' dir='ltr'><strong>et</strong></span> <span class='ocrx_word' id='word_1_245' title='bbox 1036 3789 1138 3856; x_wconf 85' lang='lat' dir='ltr'><strong>insueto</strong></span> <span class='ocrx_word' id='word_1_246' title='bbox 1152 3791 1255 3844; x_wconf 83' lang='lat' dir='ltr'><strong>numina</strong></span> <span class='ocrx_word' id='word_1_247' title='bbox 1274 3793 1369 3861; x_wconf 83' lang='lat' dir='ltr'><strong>npinlu</strong></span> 
     </span>
     <span class='ocr_line' id='line_1_31' title="bbox 324 3879 1368 3951; baseline 0.011 -17"><span class='ocrx_word' id='word_1_248' title='bbox 324 3882 442 3951; x_wconf 67' lang='lat' dir='ltr'><strong>mysterii</strong></span> <span class='ocrx_word' id='word_1_249' title='bbox 465 3879 524 3951; x_wconf 78' lang='lat' dir='ltr'><strong>ejus</strong></span> <span class='ocrx_word' id='word_1_250' title='bbox 544 3883 592 3935; x_wconf 85' lang='lat' dir='ltr'><strong>tati</strong></span> <span class='ocrx_word' id='word_1_251' title='bbox 617 3882 695 3937; x_wconf 84' lang='lat' dir='ltr'><strong>eitius</strong></span> <span class='ocrx_word' id='word_1_252' title='bbox 714 3883 892 3940; x_wconf 75' lang='lat' dir='ltr'><strong>innotesceret</strong></span> <span class='ocrx_word' id='word_1_253' title='bbox 907 3887 976 3941; x_wconf 86' lang='lat' dir='ltr'><strong>orbi.</strong></span> <span class='ocrx_word' id='word_1_254' title='bbox 1014 3886 1107 3943; x_wconf 83' lang='lat' dir='ltr'><strong>Tertio</strong></span> <span class='ocrx_word' id='word_1_255' title='bbox 1127 3891 1231 3944; x_wconf 86' lang='lat' dir='ltr'><strong>ratione</strong></span> <span class='ocrx_word' id='word_1_256' title='bbox 1256 3889 1368 3947; x_wconf 78' lang='lat' dir='ltr'><strong>electus</strong></span> 
     </span>
     <span class='ocr_line' id='line_1_32' title="bbox 325 3967 1409 4062; baseline 0.012 -28"><span class='ocrx_word' id='word_1_257' title='bbox 325 3979 520 4052; x_wconf 82' lang='lat' dir='ltr'><strong>consequendi,</strong></span> <span class='ocrx_word' id='word_1_258' title='bbox 547 3989 577 4034; x_wconf 92' lang='lat' dir='ltr'><strong>ut</strong></span> <span class='ocrx_word' id='word_1_259' title='bbox 595 3981 695 4036; x_wconf 84' lang='lat' dir='ltr'><strong>sulliuet</strong></span> <span class='ocrx_word' id='word_1_260' title='bbox 713 3999 762 4053; x_wconf 80' lang='lat' dir='ltr'><strong>per</strong></span> <span class='ocrx_word' id='word_1_261' title='bbox 779 3983 828 4039; x_wconf 83' lang='lat' dir='ltr'><strong>nne</strong></span> <span class='ocrx_word' id='word_1_262' title='bbox 848 3985 956 4040; x_wconf 73' lang='lat' dir='ltr'><strong>laneum</strong></span> <span class='ocrx_word' id='word_1_263' title='bbox 980 3985 1111 4059; x_wconf 78' lang='lat' dir='ltr'><strong>intelligi,</strong></span> <span class='ocrx_word' id='word_1_264' title='bbox 1136 3988 1207 4059; x_wconf 77' lang='lat' dir='ltr'><strong>qunti</strong></span> <span class='ocrx_word' id='word_1_265' title='bbox 1232 3991 1291 4060; x_wconf 77' lang='lat' dir='ltr'><strong>lpse</strong></span> <span class='ocrx_word' id='word_1_266' title='bbox 1319 4007 1370 4062; x_wconf 75' lang='lat' dir='ltr'><strong>par</strong></span> <span class='ocrx_word' id='word_1_267' title='bbox 1403 3967 1409 3978; x_wconf 51' lang='grc'><strong>’</strong></span> 
     </span>
     <span class='ocr_line' id='line_1_33' title="bbox 325 4079 1368 4159; baseline 0.012 -25"><span class='ocrx_word' id='word_1_268' title='bbox 325 4095 355 4136; x_wconf 85' lang='lat' dir='ltr'><strong>sa</strong></span> <span class='ocrx_word' id='word_1_269' title='bbox 384 4087 411 4136; x_wconf 87' lang='lat' dir='ltr'><strong>nt</strong></span> <span class='ocrx_word' id='word_1_270' title='bbox 440 4096 488 4151; x_wconf 80' lang='lat' dir='ltr'><strong>per</strong></span> <span class='ocrx_word' id='word_1_271' title='bbox 517 4079 586 4136; x_wconf 77' lang='lat' dir='ltr'><strong>filius</strong></span> <span class='ocrx_word' id='word_1_272' title='bbox 615 4095 679 4136; x_wconf 86' lang='lat' dir='ltr'><strong>suus</strong></span> <span class='ocrx_word' id='word_1_273' title='bbox 705 4082 801 4138; x_wconf 83' lang='lat' dir='ltr'><strong>mulina</strong></span> <span class='ocrx_word' id='word_1_274' title='bbox 826 4099 919 4140; x_wconf 81' lang='lat' dir='ltr'><strong>seruus</strong></span> <span class='ocrx_word' id='word_1_275' title='bbox 944 4089 1046 4158; x_wconf 76' lang='lat' dir='ltr'><strong>pennati</strong></span> <span class='ocrx_word' id='word_1_276' title='bbox 1078 4095 1105 4144; x_wconf 89' lang='lat' dir='ltr'><strong>et</strong></span> <span class='ocrx_word' id='word_1_277' title='bbox 1133 4087 1239 4159; x_wconf 79' lang='lat' dir='ltr'><strong>dyaboli</strong></span> <span class='ocrx_word' id='word_1_278' title='bbox 1269 4089 1368 4148; x_wconf 79' lang='lat' dir='ltr'><strong>iubeat</strong></span> 
     </span>
     <span class='ocr_line' id='line_1_34' title="bbox 324 4179 1366 4261; baseline 0.012 -28"><span class='ocrx_word' id='word_1_279' title='bbox 324 4179 431 4234; x_wconf 78' lang='lat' dir='ltr'><strong>imatos</strong></span> <span class='ocrx_word' id='word_1_280' title='bbox 449 4189 476 4236; x_wconf 89' lang='lat' dir='ltr'><strong>et</strong></span> <span class='ocrx_word' id='word_1_281' title='bbox 493 4179 592 4236; x_wconf 81' lang='lat' dir='ltr'><strong>liberas</strong></span> <span class='ocrx_word' id='word_1_282' title='bbox 611 4180 709 4237; x_wconf 82' lang='lat' dir='ltr'><strong>laeerr.</strong></span> <span class='ocrx_word' id='word_1_283' title='bbox 746 4182 846 4247; x_wconf 79' lang='lat' dir='ltr'><strong>Quarto</strong></span> <span class='ocrx_word' id='word_1_284' title='bbox 867 4188 972 4241; x_wconf 81' lang='lat' dir='ltr'><strong>ratione</strong></span> <span class='ocrx_word' id='word_1_285' title='bbox 990 4189 1213 4261; x_wconf 82' lang='lat' dir='ltr'><strong>magnauluuitails</strong></span> <span class='ocrx_word' id='word_1_286' title='bbox 1230 4189 1257 4245; x_wconf 90' lang='lat' dir='ltr'><strong>ln</strong></span> <span class='ocrx_word' id='word_1_287' title='bbox 1275 4191 1366 4260; x_wconf 77' lang='lat' dir='ltr'><strong>narde,</strong></span> 
     </span>
     <span class='ocr_line' id='line_1_35' title="bbox 324 4278 1366 4358; baseline 0.016 -25"><span class='ocrx_word' id='word_1_288' title='bbox 324 4293 383 4333; x_wconf 84' lang='lat' dir='ltr'><strong>narn</strong></span> <span class='ocrx_word' id='word_1_289' title='bbox 401 4278 495 4335; x_wconf 84' lang='lat' dir='ltr'><strong>Franci</strong></span> <span class='ocrx_word' id='word_1_290' title='bbox 513 4294 530 4334; x_wconf 91' lang='lat' dir='ltr'><strong>a</strong></span> <span class='ocrx_word' id='word_1_291' title='bbox 547 4279 686 4337; x_wconf 77' lang='lat' dir='ltr'><strong>ieiunitate</strong></span> <span class='ocrx_word' id='word_1_292' title='bbox 709 4283 866 4353; x_wconf 75' lang='lat' dir='ltr'><strong>sustituit,</strong></span> <span class='ocrx_word' id='word_1_293' title='bbox 893 4287 957 4358; x_wconf 84' lang='lat' dir='ltr'><strong>qnia</strong></span> <span class='ocrx_word' id='word_1_294' title='bbox 980 4288 1013 4342; x_wconf 87' lang='lat' dir='ltr'><strong>ils</strong></span> <span class='ocrx_word' id='word_1_295' title='bbox 1031 4289 1100 4344; x_wconf 83' lang='lat' dir='ltr'><strong>innst</strong></span> <span class='ocrx_word' id='word_1_296' title='bbox 1117 4288 1247 4344; x_wconf 87' lang='lat' dir='ltr'><strong>naturalis</strong></span> <span class='ocrx_word' id='word_1_297' title='bbox 1265 4291 1366 4350; x_wconf 84' lang='lat' dir='ltr'><strong>raritas</strong></span> 
     </span>
     <span class='ocr_line' id='line_1_36' title="bbox 325 4381 1365 4463; baseline 0.014 -29"><span class='ocrx_word' id='word_1_298' title='bbox 325 4385 351 4434; x_wconf 86' lang='lat' dir='ltr'><strong>et</strong></span> <span class='ocrx_word' id='word_1_299' title='bbox 368 4381 571 4452; x_wconf 73' lang='lat' dir='ltr'><strong>magnanimitas</strong></span> <span class='ocrx_word' id='word_1_300' title='bbox 590 4383 742 4440; x_wconf 84' lang='lat' dir='ltr'><strong>animumn.</strong></span> <span class='ocrx_word' id='word_1_301' title='bbox 779 4383 876 4449; x_wconf 79' lang='lat' dir='ltr'><strong>Quinta</strong></span> <span class='ocrx_word' id='word_1_302' title='bbox 891 4387 993 4444; x_wconf 82' lang='lat' dir='ltr'><strong>ratione</strong></span> <span class='ocrx_word' id='word_1_303' title='bbox 1008 4389 1183 4447; x_wconf 73' lang='lat' dir='ltr'><strong>virtuositatis</strong></span> <span class='ocrx_word' id='word_1_304' title='bbox 1194 4391 1221 4446; x_wconf 90' lang='lat' dir='ltr'><strong>in</strong></span> <span class='ocrx_word' id='word_1_305' title='bbox 1234 4407 1365 4463; x_wconf 83' lang='lat' dir='ltr'><strong>sermone,</strong></span> 
     </span>
    </p>
   </div>
   <div class='ocr_carea' id='block_1_7' title="bbox 0 0 1475 5302">
    <p class='ocr_par' dir='ltr' id='par_1_7' title="bbox 0 0 1475 5302">
     <span class='ocr_line' id='line_1_37' title="bbox 0 0 1475 5302; baseline 0 0"><span class='ocrx_word' id='word_1_306' title='bbox 0 0 1475 5302; x_wconf 95' lang='lat' dir='ltr'><strong> </strong></span> 
     </span>
    </p>
   </div>
  </div>
 </body>
</html>
