2866 5310
273 401 338 461 344
431 403 502 484 Cap.
526 404 656 464 lxxix,
698 405 742 463 De
769 417 867 464 sancto
896 405 982 465 l’etro
1004 405 1154 463 exorcista.

274 559 377 620 ratione
405 559 524 615 docuimus
557 567 616 614 tuus
646 560 725 614 bllaru
746 574 829 614 racana
853 560 967 615 liberare
986 563 1100 630 poterii,
1128 562 1172 631 qul
1197 567 1223 615 te
1241 566 1314 614 tarsu

275 661 415 728 patientem
435 675 533 729 proeo
553 658 668 714 liberare
692 667 744 712 uon
768 657 847 714 calet.
883 659 931 714 tlul
955 659 1064 716 l'etrus:
1088 666 1183 730 potens
1209 659 1314 729 quidem

274 762 316 810 est
332 756 402 813 lleus
422 774 495 814 meus
515 759 618 829 eripere
638 774 693 824 ure,
718 757 766 812 sed
785 757 854 824 nult,
879 764 908 813 ut
933 773 982 830 per
1009 759 1160 828 pussisncm
1184 759 1313 811 transito·

275 857 340 910 rlsru
357 859 540 926 perveniamus
556 857 590 911 ed
608 857 720 929 glorium
737 859 931 928 sempiternam.
968 855 1016 911 Cel
1033 855 1206 912 brebemius:
1231 857 1256 910 si
1274 872 1316 912 rue

275 962 384 1010 catenas
401 971 482 1022 super
499 962 525 1010 te
542 953 692 1024 duplicante
711 955 782 1010 Deus
802 961 861 1010 tuus
879 963 906 1012 te
924 953 1079 1010 liberaverit
1096 963 1122 1009 ot
1136 955 1214 1009 snitum
1233 970 1316 1010 meare

275 1058 422 1120 sanaverit,
441 1057 559 1125 protinus
579 1056 606 1108 ln
623 1052 754 1108 Christum
772 1053 886 1109 credam.
922 1053 997 1116 Quod
1020 1069 1077 1106 cum
1096 1053 1188 1108 lectum
1209 1055 1315 1118 luisset,

277 1161 383 1208 sauctus
402 1153 495 1209 Petrus
520 1151 639 1207 candidis
666 1153 783 1208 restibus
810 1153 916 1207 indutus
941 1160 968 1206 et
992 1160 1084 1206 tenens
1107 1154 1211 1224 signum
1230 1156 1316 1208 crucis

278 1251 361 1308 eldern
380 1255 504 1324 apperuit
520 1259 547 1307 et
565 1253 610 1306 ille
629 1252 688 1324 ejus
706 1269 737 1307 se
762 1251 874 1324 pedibus
899 1253 1044 1322 prostrauit
1070 1258 1096 1306 et
1121 1249 1176 1308 filia
1193 1253 1251 1322 ejus
1271 1267 1316 1306 sa-

278 1357 340 1406 nate
363 1354 422 1422 ipse
447 1367 503 1420 eura
524 1357 582 1406 tote
608 1353 686 1407 domo
708 1367 759 1407 sua
780 1352 911 1422 baptisma
934 1353 1050 1420 suscepit
1066 1351 1238 1422 permisitque
1255 1351 1318 1404 allis

277 1452 467 1519 incarceratis,
494 1451 563 1523 quod
581 1453 684 1507 exirent
701 1450 790 1517 liberi,
810 1451 963 1521 quicumque
981 1449 1079 1504 vellent
1097 1449 1152 1505 beri
1168 1449 1318 1515 cbristiaul,

278 1550 417 1622 multisque
440 1549 608 1606 credentibus
632 1565 650 1604 a
675 1549 756 1606 beato
773 1547 939 1606 'Marcellino
964 1547 1114 1618 presbitero
1140 1549 1317 1620 baptizantur.

279 1647 355 1712 Quod
373 1649 484 1704 audiens
501 1650 653 1721 praefectus
671 1665 762 1706 omnes
780 1651 959 1704 incarceratos
984 1647 1018 1702 ad
1038 1664 1071 1704 se
1094 1647 1190 1703 adduci
1208 1665 1318 1719 praece·

278 1749 334 1818 pit,
360 1764 428 1818 quos
450 1749 603 1804 Archermus
620 1763 771 1804 convocans
796 1754 822 1805 et
839 1762 930 1800 manus
956 1763 1045 1802 eorum
1065 1745 1223 1801 deosculans
1241 1747 1319 1812 dixit,

280 1853 322 1913 ut,
348 1849 371 1902 sl
398 1851 457 1920 qrris
475 1848 554 1903 rellet
573 1853 661 1904 venire
683 1847 716 1901 ed
735 1848 891 1916 martirium,
910 1847 1011 1901 reniret
1030 1847 1194 1918 intrepidus,
1221 1847 1319 1918 quodsi

279 1949 339 2018 quis
358 1945 456 2012 uellet,
476 1948 562 2002 abiret
580 1946 698 2001 illaesus.
734 1945 909 2016 (temperem)
926 1952 1013 2002 autern
1027 1945 1127 2017 judex,
1154 1946 1225 2017 qued
1243 1945 1318 2002 Mar-

278 2044 389 2101 eelliuus
409 2051 436 2100 et
452 2044 546 2100 Petrus
565 2061 611 2100 eos
630 2047 825 2116 baptizassent,
849 2047 922 2116 ipsos
944 2047 1083 2100 accersis-lt
1099 2055 1124 2100 et
1143 2061 1189 2100 eos
1208 2061 1318 2116 separa-

279 2147 325 2198 tius
348 2148 504 2199 incarcere
527 2145 642 2199 reclusit.
678 2143 851 2199 Marcellinus
876 2143 980 2216 quidem
1006 2143 1091 2198 nudus
1115 2160 1196 2215 super
1224 2147 1318 2198 ultrum

280 2244 391 2298 irnetum
409 2245 587 2298 consternitur
606 2249 632 2298 et
651 2245 675 2298 el
694 2241 779 2297 lumen
797 2249 823 2297 et
841 2257 911 2314 aqua
927 2251 1054 2316 negatur,
1081 2242 1175 2299 Petrus
1202 2260 1264 2299 sero
1293 2247 1318 2298 ln

279 2344 333 2398 aiio
348 2359 456 2399 carcerc
468 2343 597 2399 altissimo
610 2351 636 2398 et
649 2344 781 2398 artissimo
799 2343 912 2413 ²)cippo
927 2345 1126 2414 constringitur,
1143 2344 1254 2416 augelus
1270 2359 1318 2398 ou-

216 2473 220 2482 .
280 2451 332 2498 tem
356 2442 453 2496 domini
479 2441 659 2498 Marcellinum
682 2443 786 2496 intuens
812 2449 839 2495 ct
864 2441 971 2496 solvens
998 2445 1082 2513 lpsunr
1108 2457 1165 2498 eum
1190 2441 1268 2498 Petro
1294 2445 1320 2498 iu

281 2541 358 2596 domo
376 2539 507 2596 brebemii
525 2541 641 2596 restituit
658 2547 700 2607 et,
718 2547 746 2595 ut
763 2549 864 2608 septem
885 2540 979 2596 diebus
999 2540 1122 2610 populum
1141 2543 1321 2598 ceulortarent

282 2647 309 2695 ct
324 2647 463 2711 postesse
479 2639 562 2711 judici
582 2645 800 2710 praesentarent,
820 2641 965 2710 praecepit.
1002 2639 1063 2694 Cura
1080 2639 1148 2714 'ergo
1168 2641 1320 2712 praedictus

277 2739 360 2811 judex
380 2755 426 2795 cos
445 2743 471 2793 lu
490 2753 595 2795 earcere
613 2755 664 2794 nen
682 2740 842 2806 inuenisset,
869 2741 1026 2793 accersitum
1046 2739 1212 2796 brebemiunr
1230 2746 1256 2795 et
1273 2755 1321 2794 sa·-

280 2837 399 2894 eribesre
417 2839 548 2895 uolentem
565 2841 591 2892 in
609 2845 681 2893 terre
699 2854 754 2892 euru
774 2854 856 2894 uxore
874 2853 924 2893 sua
935 2836 1110 2911 obruljussit.
1147 2838 1223 2903 Quod
1238 2843 1321 2896 sancti

280 2938 453 2996 Marcellinus
466 2945 492 2993 et
503 2937 596 2994 Petrus
609 2937 747 2992 audientes
761 2938 824 2993 illuc
835 2944 961 2994 rennerunt
973 2945 1000 2993 rt
1011 2938 1057 2992 illa
1069 2945 1161 3010 crypta
1169 2939 1197 3012 ²)
1214 2947 1322 2994 sanetus

281 3037 453 3095 Marcellinus
476 3037 627 3093 christianis
647 3053 677 3091 se
692 3039 893 3110 protegentibus
909 3041 1012 3091 missam
1026 3037 1172 3092 celebrauit
1184 3037 1320 3093 dixerunt-

282 3154 334 3208 que
354 3140 437 3192 sancti
454 3137 487 3192 ad
507 3135 670 3191 incredulos:
697 3151 758 3193 eece
784 3137 949 3192 Arclremium
966 3138 1144 3216 potuissemus
1163 3137 1277 3192 liberare
1296 3145 1323 3192 et
1369 3211 1372 3216 Ι

282 3252 332 3291 nos
348 3235 520 3301 abscondere,
539 3234 588 3289 sed
606 3242 724 3291 neutrum
743 3234 872 3291 roluirnus
897 3235 995 3290 lacere.
1031 3234 1109 3291 'lune
1128 3239 1188 3291 irati
1207 3237 1323 3308 gentiles

283 3335 448 3391 becheralum
465 3334 557 3407 gladio
575 3343 742 3404 ueeareruut,
765 3344 872 3391 matrem
892 3351 953 3391 rere
973 3351 1029 3390 eum
1050 3335 1104 3390 blla
1122 3335 1256 3408 lapidibus
1273 3334 1322 3391 ob-

284 3441 405 3501 ruerunt,
434 3433 614 3490 Marcellinum
632 3441 719 3490 auteur
739 3442 766 3491 et
784 3434 887 3492 Petrum
908 3434 941 3489 ud
959 3435 1053 3489 sileam
1072 3437 1238 3507 ⁴)nigrnm,·
1253 3451 1323 3507 quae

282 3549 350 3590 rruuc
369 3533 482 3588 candidu
498 3541 608 3605 propter
626 3550 714 3591 eorum
732 3536 876 3590 martirium
895 3541 1012 3600 vocator,
1030 3533 1237 3599 decollaverunt,
1256 3539 1321 3590 teur-

283 3650 348 3704 pore
373 3632 553 3704 Dyocletiani‚
580 3637 625 3706 qul
650 3637 739 3704 eoepit
759 3649 828 3688 auno
854 3633 952 3688 donnini
973 3632 1171 3692 cclxxxi'tt.
1207 3633 1321 3698 Quorum

282 3736 384 3790 animas
403 3733 520 3788 vestibus
536 3733 684 3804 splendidis
703 3741 730 3788 et
749 3735 858 3805 gemmis
878 3733 984 3787 indutas
1003 3734 1037 3787 ab
1056 3733 1161 3807 angelis
1179 3735 1204 3788 in
1222 3734 1322 3789 coelura

284 3833 382 3889 delere-i
413 3831 559 3903 spiculator
590 3835 693 3888 nornine
721 3831 870 3887 Dorotheus
897 3833 979 3898 uidit,
1010 3833 1078 3888 uude
1110 3839 1136 3889 et
1163 3831 1323 3889 christianus

284 3933 391 3988 allectus
410 3939 465 3987 est:
481 3930 620 4002 postmodo
641 3933 667 3985 in
686 3945 751 4002 pecc
768 3933 876 4004 quierit.

293 4039 673 4052 *ειη-ιι..-

335 4087 356 4136 tl
374 4083 413 4128 Ed.
431 4090 465 4128 Pr.
491 4085 542 4136 lesit
568 4091 744 4140 compertus.
822 4087 844 4138 2)
866 4083 1104 4136 [declamemus.
1182 4085 1325 4138 Μοισαί-

283 4155 338 4264 ξὲηι
351 4161 463 4208 septem
477 4151 592 4197 diebus.
631 4155 654 4202 sl
667 4149 705 4197 Sic
719 4151 770 4194 libri
785 4157 875 4205 recent,
889 4152 929 4199 te.
938 4155 971 4196 rr.
984 4151 1081 4196 lorteme
1094 4149 1180 4196 rectius
1194 4165 1323 4204 maenam

316 4227 356 4267 erl.
