<?xml version="1.0" encoding="UTF-8"?>
<!DOCTYPE html PUBLIC "-//W3C//DTD XHTML 1.0 Transitional//EN"
    "http://www.w3.org/TR/xhtml1/DTD/xhtml1-transitional.dtd">
<html xmlns="http://www.w3.org/1999/xhtml" xml:lang="en" lang="en">
 <head>
  <title>
</title>
<meta http-equiv="Content-Type" content="text/html;charset=utf-8" />
  <meta name='ocr-system' content='tesseract 3.04.00' />
  <meta name='ocr-capabilities' content='ocr_page ocr_carea ocr_par ocr_line ocrx_word'/>
</head>
<body>
  <div class='ocr_page' id='page_1' title='image "./jacobiavoragine00jacogoog_0185.png"; bbox 0 0 2828 5302; ppageno 0'>
   <div class='ocr_carea' id='block_1_1' title="bbox 324 502 1351 588">
    <p class='ocr_par' dir='ltr' id='par_1_1' title="bbox 324 502 1351 588">
     <span class='ocr_line' id='line_1_1' title="bbox 324 502 1351 588; baseline 0.004 -22"><span class='ocrx_word' id='word_1_1' title='bbox 324 502 384 566; x_wconf 74' lang='lat' dir='ltr'><strong>nit</strong></span> <span class='ocrx_word' id='word_1_2' title='bbox 426 505 497 587; x_wconf 88' lang='lat' dir='ltr'><strong>Cap.</strong></span> <span class='ocrx_word' id='word_1_3' title='bbox 520 503 661 566; x_wconf 75' lang='lat' dir='ltr'><strong>xxxvii.</strong></span> <span class='ocrx_word' id='word_1_4' title='bbox 690 502 736 566; x_wconf 88' lang='lat' dir='ltr'><strong>De</strong></span> <span class='ocrx_word' id='word_1_5' title='bbox 754 503 954 587; x_wconf 70' lang='lat' dir='ltr'><strong>parificaiono</strong></span> <span class='ocrx_word' id='word_1_6' title='bbox 977 509 1078 568; x_wconf 85' lang='lat' dir='ltr'><strong>beatas</strong></span> <span class='ocrx_word' id='word_1_7' title='bbox 1100 505 1207 568; x_wconf 74' lang='lat' dir='ltr'><strong>Mariae</strong></span> <span class='ocrx_word' id='word_1_8' title='bbox 1229 508 1351 588; x_wconf 78' lang='lat' dir='ltr'><strong>virginis.</strong></span> 
     </span>
    </p>
   </div>
   <div class='ocr_carea' id='block_1_2' title="bbox 320 661 1354 1337">
    <p class='ocr_par' dir='ltr' id='par_1_2' title="bbox 320 661 1354 1337">
     <span class='ocr_line' id='line_1_2' title="bbox 323 661 1352 733; baseline 0.003 -13"><span class='ocrx_word' id='word_1_9' title='bbox 323 666 373 733; x_wconf 92' lang='lat' dir='ltr'><strong>rit,</strong></span> <span class='ocrx_word' id='word_1_10' title='bbox 409 669 438 719; x_wconf 89' lang='lat' dir='ltr'><strong>ot</strong></span> <span class='ocrx_word' id='word_1_11' title='bbox 460 663 561 722; x_wconf 89' lang='lat' dir='ltr'><strong>scilicet</strong></span> <span class='ocrx_word' id='word_1_12' title='bbox 581 661 717 720; x_wconf 86' lang='lat' dir='ltr'><strong>ciristlsnl</strong></span> <span class='ocrx_word' id='word_1_13' title='bbox 740 665 775 720; x_wconf 89' lang='lat' dir='ltr'><strong>ad</strong></span> <span class='ocrx_word' id='word_1_14' title='bbox 799 662 922 721; x_wconf 86' lang='lat' dir='ltr'><strong>boosreso</strong></span> <span class='ocrx_word' id='word_1_15' title='bbox 938 671 1047 722; x_wconf 69' lang='lat' dir='ltr'><strong>sanctw</strong></span> <span class='ocrx_word' id='word_1_16' title='bbox 1064 668 1153 723; x_wconf 81' lang='lat' dir='ltr'><strong>nstris</strong></span> <span class='ocrx_word' id='word_1_17' title='bbox 1170 665 1270 724; x_wconf 75' lang='lat' dir='ltr'><strong>donioi</strong></span> <span class='ocrx_word' id='word_1_18' title='bbox 1287 671 1352 724; x_wconf 79' lang='lat' dir='ltr'><strong>anat</strong></span> 
     </span>
     <span class='ocr_line' id='line_1_3' title="bbox 322 763 1352 823; baseline 0.003 -4"><span class='ocrx_word' id='word_1_19' title='bbox 322 781 391 821; x_wconf 84' lang='lat' dir='ltr'><strong>nnnc</strong></span> <span class='ocrx_word' id='word_1_20' title='bbox 411 766 438 818; x_wconf 90' lang='lat' dir='ltr'><strong>in</strong></span> <span class='ocrx_word' id='word_1_21' title='bbox 455 763 504 819; x_wconf 80' lang='lat' dir='ltr'><strong>isac</strong></span> <span class='ocrx_word' id='word_1_22' title='bbox 521 763 564 820; x_wconf 89' lang='lat' dir='ltr'><strong>die</strong></span> <span class='ocrx_word' id='word_1_23' title='bbox 581 769 661 819; x_wconf 87' lang='lat' dir='ltr'><strong>totoro</strong></span> <span class='ocrx_word' id='word_1_24' title='bbox 680 763 797 820; x_wconf 81' lang='lat' dir='ltr'><strong>nandans</strong></span> <span class='ocrx_word' id='word_1_25' title='bbox 816 778 872 819; x_wconf 83' lang='lat' dir='ltr'><strong>conr</strong></span> <span class='ocrx_word' id='word_1_26' title='bbox 891 766 1009 820; x_wconf 81' lang='lat' dir='ltr'><strong>accensis</strong></span> <span class='ocrx_word' id='word_1_27' title='bbox 1031 764 1149 822; x_wconf 70' lang='lat' dir='ltr'><strong>uoletis</strong></span> <span class='ocrx_word' id='word_1_28' title='bbox 1165 772 1193 822; x_wconf 87' lang='lat' dir='ltr'><strong>ei</strong></span> <span class='ocrx_word' id='word_1_29' title='bbox 1207 765 1352 823; x_wconf 80' lang='lat' dir='ltr'><strong>benedictis</strong></span> 
     </span>
     <span class='ocr_line' id='line_1_4' title="bbox 320 863 1353 936; baseline 0.004 -16"><span class='ocrx_word' id='word_1_30' title='bbox 320 868 405 920; x_wconf 85' lang='lat' dir='ltr'><strong>cereis</strong></span> <span class='ocrx_word' id='word_1_31' title='bbox 422 863 597 930; x_wconf 73' lang='lat' dir='ltr'><strong>illustrarent,</strong></span> <span class='ocrx_word' id='word_1_32' title='bbox 616 870 642 918; x_wconf 85' lang='lat' dir='ltr'><strong>et</strong></span> <span class='ocrx_word' id='word_1_33' title='bbox 660 863 812 920; x_wconf 79' lang='lat' dir='ltr'><strong>solemnitas</strong></span> <span class='ocrx_word' id='word_1_34' title='bbox 829 863 931 936; x_wconf 80' lang='lat' dir='ltr'><strong>quiden</strong></span> <span class='ocrx_word' id='word_1_35' title='bbox 951 869 1049 932; x_wconf 86' lang='lat' dir='ltr'><strong>staret,</strong></span> <span class='ocrx_word' id='word_1_36' title='bbox 1072 865 1119 921; x_wconf 89' lang='lat' dir='ltr'><strong>sod</strong></span> <span class='ocrx_word' id='word_1_37' title='bbox 1138 867 1193 922; x_wconf 87' lang='lat' dir='ltr'><strong>alia</strong></span> <span class='ocrx_word' id='word_1_38' title='bbox 1210 869 1353 924; x_wconf 85' lang='lat' dir='ltr'><strong>intentione</strong></span> 
     </span>
     <span class='ocr_line' id='line_1_5' title="bbox 320 961 1353 1038; baseline 0.001 -18"><span class='ocrx_word' id='word_1_39' title='bbox 320 965 403 1020; x_wconf 87' lang='lat' dir='ltr'><strong>iteret.</strong></span> <span class='ocrx_word' id='word_1_40' title='bbox 456 963 576 1018; x_wconf 87' lang='lat' dir='ltr'><strong>Socaodo</strong></span> <span class='ocrx_word' id='word_1_41' title='bbox 601 969 710 1034; x_wconf 90' lang='lat' dir='ltr'><strong>propter</strong></span> <span class='ocrx_word' id='word_1_42' title='bbox 732 961 918 1018; x_wconf 70' lang='lat' dir='ltr'><strong>ostendendam</strong></span> <span class='ocrx_word' id='word_1_43' title='bbox 935 965 1045 1035; x_wconf 79' lang='lat' dir='ltr'><strong>virginis</strong></span> <span class='ocrx_word' id='word_1_44' title='bbox 1064 967 1212 1035; x_wconf 77' lang='lat' dir='ltr'><strong>paritatem.</strong></span> <span class='ocrx_word' id='word_1_45' title='bbox 1267 966 1353 1038; x_wconf 78' lang='lat' dir='ltr'><strong>dilapsi</strong></span> 
     </span>
     <span class='ocr_line' id='line_1_6' title="bbox 321 1061 1354 1138; baseline 0.002 -18"><span class='ocrx_word' id='word_1_46' title='bbox 321 1068 388 1121; x_wconf 81' lang='lat' dir='ltr'><strong>eoin</strong></span> <span class='ocrx_word' id='word_1_47' title='bbox 405 1063 543 1120; x_wconf 83' lang='lat' dir='ltr'><strong>audientes</strong></span> <span class='ocrx_word' id='word_1_48' title='bbox 558 1063 683 1134; x_wconf 75' lang='lat' dir='ltr'><strong>virginera</strong></span> <span class='ocrx_word' id='word_1_49' title='bbox 703 1061 862 1133; x_wconf 76' lang='lat' dir='ltr'><strong>parificatam</strong></span> <span class='ocrx_word' id='word_1_50' title='bbox 881 1069 990 1133; x_wconf 82' lang='lat' dir='ltr'><strong>possent</strong></span> <span class='ocrx_word' id='word_1_51' title='bbox 1006 1063 1114 1120; x_wconf 86' lang='lat' dir='ltr'><strong>credere</strong></span> <span class='ocrx_word' id='word_1_52' title='bbox 1130 1067 1214 1136; x_wconf 88' lang='lat' dir='ltr'><strong>ipsaar</strong></span> <span class='ocrx_word' id='word_1_53' title='bbox 1232 1066 1354 1138; x_wconf 83' lang='lat' dir='ltr'><strong>portica·</strong></span> 
     </span>
     <span class='ocr_line' id='line_1_7' title="bbox 321 1161 1354 1236; baseline -0.001 -15"><span class='ocrx_word' id='word_1_54' title='bbox 321 1168 393 1221; x_wconf 87' lang='lat' dir='ltr'><strong>tione</strong></span> <span class='ocrx_word' id='word_1_55' title='bbox 410 1163 564 1236; x_wconf 77' lang='lat' dir='ltr'><strong>indiguisse.</strong></span> <span class='ocrx_word' id='word_1_56' title='bbox 605 1161 638 1218; x_wconf 85' lang='lat' dir='ltr'><strong>b&#39;t</strong></span> <span class='ocrx_word' id='word_1_57' title='bbox 656 1176 719 1216; x_wconf 86' lang='lat' dir='ltr'><strong>sero</strong></span> <span class='ocrx_word' id='word_1_58' title='bbox 735 1161 905 1229; x_wconf 72' lang='lat' dir='ltr'><strong>ostendatur,</strong></span> <span class='ocrx_word' id='word_1_59' title='bbox 940 1163 1009 1233; x_wconf 85' lang='lat' dir='ltr'><strong>qaod</strong></span> <span class='ocrx_word' id='word_1_60' title='bbox 1027 1168 1085 1219; x_wconf 88' lang='lat' dir='ltr'><strong>tota</strong></span> <span class='ocrx_word' id='word_1_61' title='bbox 1103 1164 1152 1219; x_wconf 86' lang='lat' dir='ltr'><strong>ioii</strong></span> <span class='ocrx_word' id='word_1_62' title='bbox 1169 1167 1314 1236; x_wconf 86' lang='lat' dir='ltr'><strong>porississa</strong></span> <span class='ocrx_word' id='word_1_63' title='bbox 1329 1173 1354 1222; x_wconf 89' lang='lat' dir='ltr'><strong>et</strong></span> 
     </span>
     <span class='ocr_line' id='line_1_8' title="bbox 322 1259 1353 1337; baseline 0.003 -19"><span class='ocrx_word' id='word_1_64' title='bbox 322 1263 475 1337; x_wconf 86' lang='lat' dir='ltr'><strong>splendida,</strong></span> <span class='ocrx_word' id='word_1_65' title='bbox 503 1262 563 1316; x_wconf 89' lang='lat' dir='ltr'><strong>ideo</strong></span> <span class='ocrx_word' id='word_1_66' title='bbox 580 1259 712 1316; x_wconf 81' lang='lat' dir='ltr'><strong>ordinavit</strong></span> <span class='ocrx_word' id='word_1_67' title='bbox 727 1259 856 1327; x_wconf 86' lang='lat' dir='ltr'><strong>ecclesia,</strong></span> <span class='ocrx_word' id='word_1_68' title='bbox 893 1269 920 1316; x_wconf 86' lang='lat' dir='ltr'><strong>at</strong></span> <span class='ocrx_word' id='word_1_69' title='bbox 937 1259 1080 1318; x_wconf 70' lang='lat' dir='ltr'><strong>inmnosos</strong></span> <span class='ocrx_word' id='word_1_70' title='bbox 1097 1277 1190 1320; x_wconf 91' lang='lat' dir='ltr'><strong>cereos</strong></span> <span class='ocrx_word' id='word_1_71' title='bbox 1207 1263 1353 1337; x_wconf 84' lang='lat' dir='ltr'><strong>bajaleasaa</strong></span> 
     </span>
    </p>
   </div>
   <div class='ocr_carea' id='block_1_3' title="bbox 214 1359 1353 1442">
    <p class='ocr_par' dir='ltr' id='par_1_3' title="bbox 214 1359 1353 1442">
     <span class='ocr_line' id='line_1_9' title="bbox 214 1359 1353 1442; baseline -0.001 -21"><span class='ocrx_word' id='word_1_72' title='bbox 214 1431 218 1442; x_wconf 39' lang='grc' dir='ltr'>Ι</span> <span class='ocrx_word' id='word_1_73' title='bbox 323 1379 354 1420; x_wconf 92' lang='lat' dir='ltr'><strong>sc</strong></span> <span class='ocrx_word' id='word_1_74' title='bbox 370 1365 397 1419; x_wconf 88' lang='lat' dir='ltr'><strong>si</strong></span> <span class='ocrx_word' id='word_1_75' title='bbox 410 1365 509 1433; x_wconf 86' lang='lat' dir='ltr'><strong>inipso</strong></span> <span class='ocrx_word' id='word_1_76' title='bbox 526 1360 597 1418; x_wconf 83' lang='lat' dir='ltr'><strong>tacto</strong></span> <span class='ocrx_word' id='word_1_77' title='bbox 615 1360 686 1415; x_wconf 85' lang='lat' dir='ltr'><strong>dicat</strong></span> <span class='ocrx_word' id='word_1_78' title='bbox 701 1359 828 1416; x_wconf 79' lang='lat' dir='ltr'><strong>edolnoto:</strong></span> <span class='ocrx_word' id='word_1_79' title='bbox 859 1363 934 1435; x_wconf 76' lang='lat' dir='ltr'><strong>ringo</strong></span> <span class='ocrx_word' id='word_1_80' title='bbox 952 1361 1030 1418; x_wconf 86' lang='lat' dir='ltr'><strong>beata</strong></span> <span class='ocrx_word' id='word_1_81' title='bbox 1047 1360 1228 1434; x_wconf 87' lang='lat' dir='ltr'><strong>poriloatione</strong></span> <span class='ocrx_word' id='word_1_82' title='bbox 1246 1380 1299 1421; x_wconf 91' lang='lat' dir='ltr'><strong>noa</strong></span> <span class='ocrx_word' id='word_1_83' title='bbox 1315 1367 1353 1420; x_wconf 90' lang='lat' dir='ltr'><strong>ia·</strong></span> 
     </span>
    </p>
   </div>
   <div class='ocr_carea' id='block_1_4' title="bbox 322 1459 1381 4323">
    <p class='ocr_par' dir='ltr' id='par_1_4' title="bbox 322 1459 1381 4323">
     <span class='ocr_line' id='line_1_10' title="bbox 322 1459 1354 1538; baseline 0.003 -19"><span class='ocrx_word' id='word_1_84' title='bbox 322 1465 415 1538; x_wconf 75' lang='lat' dir='ltr'><strong>(liges,</strong></span> <span class='ocrx_word' id='word_1_85' title='bbox 452 1461 499 1518; x_wconf 91' lang='lat' dir='ltr'><strong>ssd</strong></span> <span class='ocrx_word' id='word_1_86' title='bbox 523 1467 580 1516; x_wconf 87' lang='lat' dir='ltr'><strong>tots</strong></span> <span class='ocrx_word' id='word_1_87' title='bbox 598 1459 706 1528; x_wconf 84' lang='lat' dir='ltr'><strong>rutilas,</strong></span> <span class='ocrx_word' id='word_1_88' title='bbox 740 1466 797 1515; x_wconf 92' lang='lat' dir='ltr'><strong>tota</strong></span> <span class='ocrx_word' id='word_1_89' title='bbox 818 1459 951 1531; x_wconf 88' lang='lat' dir='ltr'><strong>splendes.</strong></span> <span class='ocrx_word' id='word_1_90' title='bbox 992 1459 1061 1518; x_wconf 81' lang='lat' dir='ltr'><strong>Vere</strong></span> <span class='ocrx_word' id='word_1_91' title='bbox 1084 1464 1151 1519; x_wconf 87' lang='lat' dir='ltr'><strong>caira</strong></span> <span class='ocrx_word' id='word_1_92' title='bbox 1174 1463 1354 1534; x_wconf 86' lang='lat' dir='ltr'><strong>parileatiosn</strong></span> 
     </span>
     <span class='ocr_line' id='line_1_11' title="bbox 323 1560 1353 1636; baseline 0.001 -18"><span class='ocrx_word' id='word_1_93' title='bbox 323 1579 374 1618; x_wconf 89' lang='lat' dir='ltr'><strong>non</strong></span> <span class='ocrx_word' id='word_1_94' title='bbox 391 1560 540 1636; x_wconf 73' lang='lat' dir='ltr'><strong>indigebat,</strong></span> <span class='ocrx_word' id='word_1_95' title='bbox 564 1574 632 1632; x_wconf 83' lang='lat' dir='ltr'><strong>qaae</strong></span> <span class='ocrx_word' id='word_1_96' title='bbox 649 1574 682 1614; x_wconf 86' lang='lat' dir='ltr'><strong>rs</strong></span> <span class='ocrx_word' id='word_1_97' title='bbox 699 1565 821 1628; x_wconf 80' lang='lat' dir='ltr'><strong>suscepto</strong></span> <span class='ocrx_word' id='word_1_98' title='bbox 839 1563 936 1617; x_wconf 79' lang='lat' dir='ltr'><strong>senine</strong></span> <span class='ocrx_word' id='word_1_99' title='bbox 955 1575 1007 1616; x_wconf 88' lang='lat' dir='ltr'><strong>non</strong></span> <span class='ocrx_word' id='word_1_100' title='bbox 1023 1569 1194 1635; x_wconf 72' lang='lat' dir='ltr'><strong>conceperat,</strong></span> <span class='ocrx_word' id='word_1_101' title='bbox 1213 1570 1241 1618; x_wconf 89' lang='lat' dir='ltr'><strong>et</strong></span> <span class='ocrx_word' id='word_1_102' title='bbox 1256 1565 1282 1618; x_wconf 88' lang='lat' dir='ltr'><strong>lo</strong></span> <span class='ocrx_word' id='word_1_103' title='bbox 1300 1578 1353 1620; x_wconf 71' lang='lat' dir='ltr'><strong>aaa</strong></span> 
     </span>
     <span class='ocr_line' id='line_1_12' title="bbox 322 1658 1353 1732; baseline 0 -13"><span class='ocrx_word' id='word_1_104' title='bbox 322 1667 370 1720; x_wconf 87' lang='lat' dir='ltr'><strong>tris</strong></span> <span class='ocrx_word' id='word_1_105' title='bbox 388 1669 463 1720; x_wconf 82' lang='lat' dir='ltr'><strong>atero</strong></span> <span class='ocrx_word' id='word_1_106' title='bbox 478 1659 667 1732; x_wconf 78' lang='lat' dir='ltr'><strong>perfectissime</strong></span> <span class='ocrx_word' id='word_1_107' title='bbox 686 1658 808 1714; x_wconf 79' lang='lat' dir='ltr'><strong>nonaria</strong></span> <span class='ocrx_word' id='word_1_108' title='bbox 826 1666 854 1714; x_wconf 86' lang='lat' dir='ltr'><strong>et</strong></span> <span class='ocrx_word' id='word_1_109' title='bbox 870 1659 1033 1715; x_wconf 78' lang='lat' dir='ltr'><strong>anctiiicsta</strong></span> <span class='ocrx_word' id='word_1_110' title='bbox 1048 1668 1116 1716; x_wconf 84' lang='lat' dir='ltr'><strong>erat.</strong></span> <span class='ocrx_word' id='word_1_111' title='bbox 1168 1663 1244 1719; x_wconf 79' lang='lat' dir='ltr'><strong>Adeo</strong></span> <span class='ocrx_word' id='word_1_112' title='bbox 1270 1668 1353 1720; x_wconf 77' lang='lat' dir='ltr'><strong>asten</strong></span> 
     </span>
     <span class='ocr_line' id='line_1_13' title="bbox 323 1759 1354 1834; baseline -0.001 -15"><span class='ocrx_word' id='word_1_113' title='bbox 323 1765 373 1819; x_wconf 85' lang='lat' dir='ltr'><strong>isit</strong></span> <span class='ocrx_word' id='word_1_114' title='bbox 389 1765 415 1818; x_wconf 88' lang='lat' dir='ltr'><strong>ts</strong></span> <span class='ocrx_word' id='word_1_115' title='bbox 433 1761 523 1815; x_wconf 84' lang='lat' dir='ltr'><strong>aratris</strong></span> <span class='ocrx_word' id='word_1_116' title='bbox 539 1764 615 1815; x_wconf 87' lang='lat' dir='ltr'><strong>atero</strong></span> <span class='ocrx_word' id='word_1_117' title='bbox 631 1765 658 1814; x_wconf 86' lang='lat' dir='ltr'><strong>et</strong></span> <span class='ocrx_word' id='word_1_118' title='bbox 675 1760 702 1813; x_wconf 89' lang='lat' dir='ltr'><strong>in</strong></span> <span class='ocrx_word' id='word_1_119' title='bbox 719 1759 832 1816; x_wconf 74' lang='grc' dir='ltr'>ιιιιιιιιίιι</span> <span class='ocrx_word' id='word_1_120' title='bbox 850 1761 959 1831; x_wconf 75' lang='lat' dir='ltr'><strong>optritae</strong></span> <span class='ocrx_word' id='word_1_121' title='bbox 977 1762 1061 1816; x_wconf 89' lang='lat' dir='ltr'><strong>sancii</strong></span> <span class='ocrx_word' id='word_1_122' title='bbox 1076 1761 1226 1834; x_wconf 70' lang='lat' dir='ltr'><strong>glorificata</strong></span> <span class='ocrx_word' id='word_1_123' title='bbox 1244 1770 1273 1818; x_wconf 86' lang='lat' dir='ltr'><strong>et</strong></span> <span class='ocrx_word' id='word_1_124' title='bbox 1284 1781 1354 1818; x_wconf 85' lang='lat' dir='ltr'><strong>aras·</strong></span> 
     </span>
     <span class='ocr_line' id='line_1_14' title="bbox 324 1858 1354 1932; baseline 0.003 -15"><span class='ocrx_word' id='word_1_125' title='bbox 324 1862 403 1929; x_wconf 86' lang='lat' dir='ltr'><strong>data,</strong></span> <span class='ocrx_word' id='word_1_126' title='bbox 439 1859 508 1932; x_wconf 82' lang='lat' dir='ltr'><strong>prod</strong></span> <span class='ocrx_word' id='word_1_127' title='bbox 532 1874 583 1914; x_wconf 88' lang='lat' dir='ltr'><strong>noo</strong></span> <span class='ocrx_word' id='word_1_128' title='bbox 607 1859 690 1914; x_wconf 87' lang='lat' dir='ltr'><strong>solon</strong></span> <span class='ocrx_word' id='word_1_129' title='bbox 715 1858 820 1931; x_wconf 77' lang='lat' dir='ltr'><strong>aliquod</strong></span> <span class='ocrx_word' id='word_1_130' title='bbox 845 1858 1052 1915; x_wconf 86' lang='lat' dir='ltr'><strong>inoiinanentunr</strong></span> <span class='ocrx_word' id='word_1_131' title='bbox 1072 1860 1107 1916; x_wconf 90' lang='lat' dir='ltr'><strong>ad</strong></span> <span class='ocrx_word' id='word_1_132' title='bbox 1124 1867 1259 1932; x_wconf 80' lang='lat' dir='ltr'><strong>peccatore</strong></span> <span class='ocrx_word' id='word_1_133' title='bbox 1278 1866 1305 1918; x_wconf 88' lang='lat' dir='ltr'><strong>in</strong></span> <span class='ocrx_word' id='word_1_134' title='bbox 1321 1879 1354 1920; x_wconf 86' lang='lat' dir='ltr'><strong>ea</strong></span> 
     </span>
     <span class='ocr_line' id='line_1_15' title="bbox 325 1958 1354 2035; baseline 0.004 -19"><span class='ocrx_word' id='word_1_135' title='bbox 325 1963 427 2034; x_wconf 86' lang='lat' dir='ltr'><strong>penitus</strong></span> <span class='ocrx_word' id='word_1_136' title='bbox 453 1975 505 2014; x_wconf 86' lang='lat' dir='ltr'><strong>non</strong></span> <span class='ocrx_word' id='word_1_137' title='bbox 529 1960 668 2026; x_wconf 71' lang='lat' dir='ltr'><strong>remansit,</strong></span> <span class='ocrx_word' id='word_1_138' title='bbox 701 1958 750 2014; x_wconf 88' lang='lat' dir='ltr'><strong>scd</strong></span> <span class='ocrx_word' id='word_1_139' title='bbox 772 1962 850 2014; x_wconf 86' lang='lat' dir='ltr'><strong>etiarn</strong></span> <span class='ocrx_word' id='word_1_140' title='bbox 874 1963 956 2016; x_wconf 87' lang='lat' dir='ltr'><strong>sirtus</strong></span> <span class='ocrx_word' id='word_1_141' title='bbox 974 1962 1122 2015; x_wconf 72' lang='lat' dir='ltr'><strong>sanctitatis</strong></span> <span class='ocrx_word' id='word_1_142' title='bbox 1140 1963 1199 2033; x_wconf 78' lang='lat' dir='ltr'><strong>ejas</strong></span> <span class='ocrx_word' id='word_1_143' title='bbox 1216 1977 1302 2035; x_wconf 78' lang='lat' dir='ltr'><strong>usqae</strong></span> <span class='ocrx_word' id='word_1_144' title='bbox 1319 1961 1354 2020; x_wconf 86' lang='lat' dir='ltr'><strong>sd</strong></span> 
     </span>
     <span class='ocr_line' id='line_1_16' title="bbox 324 2056 1352 2131; baseline 0.002 -13"><span class='ocrx_word' id='word_1_145' title='bbox 324 2063 391 2118; x_wconf 85' lang='lat' dir='ltr'><strong>alios</strong></span> <span class='ocrx_word' id='word_1_146' title='bbox 408 2058 598 2116; x_wconf 79' lang='lat' dir='ltr'><strong>extendebatur</strong></span> <span class='ocrx_word' id='word_1_147' title='bbox 615 2062 642 2112; x_wconf 89' lang='lat' dir='ltr'><strong>et</strong></span> <span class='ocrx_word' id='word_1_148' title='bbox 657 2056 903 2125; x_wconf 87' lang='lat' dir='ltr'><strong>transiendebatar,</strong></span> <span class='ocrx_word' id='word_1_149' title='bbox 926 2062 963 2114; x_wconf 92' lang='lat' dir='ltr'><strong>ita</strong></span> <span class='ocrx_word' id='word_1_150' title='bbox 982 2060 1050 2131; x_wconf 75' lang='lat' dir='ltr'><strong>qood</strong></span> <span class='ocrx_word' id='word_1_151' title='bbox 1068 2061 1094 2114; x_wconf 93' lang='lat' dir='ltr'><strong>la</strong></span> <span class='ocrx_word' id='word_1_152' title='bbox 1112 2060 1173 2116; x_wconf 88' lang='lat' dir='ltr'><strong>altis</strong></span> <span class='ocrx_word' id='word_1_153' title='bbox 1191 2077 1283 2119; x_wconf 82' lang='lat' dir='ltr'><strong>onnes</strong></span> <span class='ocrx_word' id='word_1_154' title='bbox 1300 2080 1352 2120; x_wconf 87' lang='lat' dir='ltr'><strong>sno·</strong></span> 
     </span>
     <span class='ocr_line' id='line_1_17' title="bbox 323 2157 1352 2238; baseline 0.004 -22"><span class='ocrx_word' id='word_1_155' title='bbox 323 2169 365 2216; x_wconf 85' lang='lat' dir='ltr'><strong>tas</strong></span> <span class='ocrx_word' id='word_1_156' title='bbox 382 2159 496 2216; x_wconf 69' lang='lat' dir='ltr'><strong>manalis</strong></span> <span class='ocrx_word' id='word_1_157' title='bbox 513 2159 739 2230; x_wconf 80' lang='lat' dir='ltr'><strong>concupiscentiae</strong></span> <span class='ocrx_word' id='word_1_158' title='bbox 756 2157 937 2231; x_wconf 77' lang='lat' dir='ltr'><strong>extinguebat.</strong></span> <span class='ocrx_word' id='word_1_159' title='bbox 970 2157 1044 2215; x_wconf 83' lang='lat' dir='ltr'><strong>llario</strong></span> <span class='ocrx_word' id='word_1_160' title='bbox 1061 2158 1263 2230; x_wconf 84' lang='lat' dir='ltr'><strong>dicantlndaet,</strong></span> <span class='ocrx_word' id='word_1_161' title='bbox 1283 2165 1352 2238; x_wconf 85' lang='lat' dir='ltr'><strong>qood</strong></span> 
     </span>
     <span class='ocr_line' id='line_1_18' title="bbox 322 2255 1354 2332; baseline 0.004 -15"><span class='ocrx_word' id='word_1_162' title='bbox 322 2276 379 2317; x_wconf 87' lang='lat' dir='ltr'><strong>casn</strong></span> <span class='ocrx_word' id='word_1_163' title='bbox 398 2258 486 2316; x_wconf 84' lang='lat' dir='ltr'><strong>biania</strong></span> <span class='ocrx_word' id='word_1_164' title='bbox 500 2255 674 2329; x_wconf 80' lang='lat' dir='ltr'><strong>pulcherrirna</strong></span> <span class='ocrx_word' id='word_1_165' title='bbox 692 2259 784 2327; x_wconf 81' lang='lat' dir='ltr'><strong>faerit,</strong></span> <span class='ocrx_word' id='word_1_166' title='bbox 802 2273 819 2313; x_wconf 86' lang='lat' dir='ltr'><strong>a</strong></span> <span class='ocrx_word' id='word_1_167' title='bbox 836 2257 906 2312; x_wconf 87' lang='lat' dir='ltr'><strong>nsllo</strong></span> <span class='ocrx_word' id='word_1_168' title='bbox 925 2263 1011 2314; x_wconf 86' lang='lat' dir='ltr'><strong>tamen</strong></span> <span class='ocrx_word' id='word_1_169' title='bbox 1029 2274 1139 2331; x_wconf 73' lang='lat' dir='ltr'><strong>soonam</strong></span> <span class='ocrx_word' id='word_1_170' title='bbox 1157 2264 1243 2332; x_wconf 89' lang='lat' dir='ltr'><strong>potnit</strong></span> <span class='ocrx_word' id='word_1_171' title='bbox 1258 2279 1354 2322; x_wconf 71' lang='lat' dir='ltr'><strong>eoam·</strong></span> 
     </span>
     <span class='ocr_line' id='line_1_19' title="bbox 324 2357 1353 2435; baseline 0.008 -22"><span class='ocrx_word' id='word_1_172' title='bbox 324 2361 406 2432; x_wconf 80' lang='lat' dir='ltr'><strong>pisci,</strong></span> <span class='ocrx_word' id='word_1_173' title='bbox 432 2364 460 2412; x_wconf 94' lang='lat' dir='ltr'><strong>et</strong></span> <span class='ocrx_word' id='word_1_174' title='bbox 475 2359 543 2412; x_wconf 87' lang='lat' dir='ltr'><strong>ratio</strong></span> <span class='ocrx_word' id='word_1_175' title='bbox 561 2362 617 2424; x_wconf 87' lang='lat' dir='ltr'><strong>est,</strong></span> <span class='ocrx_word' id='word_1_176' title='bbox 640 2357 708 2429; x_wconf 78' lang='lat' dir='ltr'><strong>&#39;qaia</strong></span> <span class='ocrx_word' id='word_1_177' title='bbox 725 2357 808 2414; x_wconf 89' lang='lat' dir='ltr'><strong>siriae</strong></span> <span class='ocrx_word' id='word_1_178' title='bbox 826 2373 890 2413; x_wconf 87' lang='lat' dir='ltr'><strong>saar</strong></span> <span class='ocrx_word' id='word_1_179' title='bbox 905 2360 1035 2414; x_wconf 86' lang='lat' dir='ltr'><strong>castitatis</strong></span> <span class='ocrx_word' id='word_1_180' title='bbox 1052 2366 1157 2416; x_wconf 70' lang='lat' dir='ltr'><strong>candos</strong></span> <span class='ocrx_word' id='word_1_181' title='bbox 1176 2361 1353 2435; x_wconf 82' lang='lat' dir='ltr'><strong>adspicientes</strong></span> 
     </span>
     <span class='ocr_line' id='line_1_20' title="bbox 323 2455 1353 2531; baseline 0.005 -17"><span class='ocrx_word' id='word_1_182' title='bbox 323 2455 480 2531; x_wconf 79' lang='lat' dir='ltr'><strong>penetrabat</strong></span> <span class='ocrx_word' id='word_1_183' title='bbox 496 2463 523 2512; x_wconf 84' lang='lat' dir='ltr'><strong>st</strong></span> <span class='ocrx_word' id='word_1_184' title='bbox 536 2471 625 2512; x_wconf 87' lang='lat' dir='ltr'><strong>ossrres</strong></span> <span class='ocrx_word' id='word_1_185' title='bbox 644 2458 669 2511; x_wconf 90' lang='lat' dir='ltr'><strong>in</strong></span> <span class='ocrx_word' id='word_1_186' title='bbox 690 2458 722 2516; x_wconf 87' lang='lat' dir='ltr'><strong>iis</strong></span> <span class='ocrx_word' id='word_1_187' title='bbox 746 2459 969 2529; x_wconf 86' lang='lat' dir='ltr'><strong>concupiscentias</strong></span> <span class='ocrx_word' id='word_1_188' title='bbox 987 2458 1140 2529; x_wconf 82' lang='lat' dir='ltr'><strong>repellebat.</strong></span> <span class='ocrx_word' id='word_1_189' title='bbox 1191 2460 1266 2518; x_wconf 92' lang='lat' dir='ltr'><strong>llndn</strong></span> <span class='ocrx_word' id='word_1_190' title='bbox 1283 2479 1353 2519; x_wconf 84' lang='lat' dir='ltr'><strong>eosa-</strong></span> 
     </span>
     <span class='ocr_line' id='line_1_21' title="bbox 326 2553 1353 2636; baseline 0.008 -23"><span class='ocrx_word' id='word_1_191' title='bbox 326 2564 436 2630; x_wconf 88' lang='lat' dir='ltr'><strong>paratar</strong></span> <span class='ocrx_word' id='word_1_192' title='bbox 451 2555 540 2631; x_wconf 78' lang='lat' dir='ltr'><strong>cedro,</strong></span> <span class='ocrx_word' id='word_1_193' title='bbox 559 2557 621 2628; x_wconf 82' lang='lat' dir='ltr'><strong>spoia</strong></span> <span class='ocrx_word' id='word_1_194' title='bbox 637 2555 705 2620; x_wconf 83' lang='lat' dir='ltr'><strong>sicat</strong></span> <span class='ocrx_word' id='word_1_195' title='bbox 720 2553 813 2612; x_wconf 88' lang='lat' dir='ltr'><strong>cedros</strong></span> <span class='ocrx_word' id='word_1_196' title='bbox 832 2565 968 2629; x_wconf 87' lang='lat' dir='ltr'><strong>serpentes</strong></span> <span class='ocrx_word' id='word_1_197' title='bbox 987 2557 1068 2612; x_wconf 87' lang='lat' dir='ltr'><strong>odore</strong></span> <span class='ocrx_word' id='word_1_198' title='bbox 1083 2559 1219 2630; x_wconf 76' lang='lat' dir='ltr'><strong>interiens,</strong></span> <span class='ocrx_word' id='word_1_199' title='bbox 1238 2567 1277 2618; x_wconf 86' lang='lat' dir='ltr'><strong>ita</strong></span> <span class='ocrx_word' id='word_1_200' title='bbox 1295 2569 1353 2636; x_wconf 83' lang='lat' dir='ltr'><strong>ejas</strong></span> 
     </span>
     <span class='ocr_line' id='line_1_22' title="bbox 324 2653 1353 2738; baseline 0.007 -25"><span class='ocrx_word' id='word_1_201' title='bbox 324 2653 495 2713; x_wconf 69' lang='lat' dir='ltr'><strong>candidastio</strong></span> <span class='ocrx_word' id='word_1_202' title='bbox 513 2657 539 2712; x_wconf 90' lang='lat' dir='ltr'><strong>in</strong></span> <span class='ocrx_word' id='word_1_203' title='bbox 556 2654 616 2710; x_wconf 88' lang='lat' dir='ltr'><strong>aliis</strong></span> <span class='ocrx_word' id='word_1_204' title='bbox 635 2653 770 2724; x_wconf 84' lang='lat' dir='ltr'><strong>radiabat,</strong></span> <span class='ocrx_word' id='word_1_205' title='bbox 799 2663 828 2713; x_wconf 89' lang='lat' dir='ltr'><strong>at</strong></span> <span class='ocrx_word' id='word_1_206' title='bbox 845 2671 935 2712; x_wconf 86' lang='lat' dir='ltr'><strong>ornnes</strong></span> <span class='ocrx_word' id='word_1_207' title='bbox 954 2662 1038 2712; x_wconf 86' lang='lat' dir='ltr'><strong>nactas</strong></span> <span class='ocrx_word' id='word_1_208' title='bbox 1056 2659 1082 2712; x_wconf 88' lang='lat' dir='ltr'><strong>in</strong></span> <span class='ocrx_word' id='word_1_209' title='bbox 1098 2673 1177 2715; x_wconf 69' lang='lat' dir='ltr'><strong>mnne</strong></span> <span class='ocrx_word' id='word_1_210' title='bbox 1199 2663 1225 2734; x_wconf 87' lang='lat'><strong>¹)</strong></span> <span class='ocrx_word' id='word_1_211' title='bbox 1243 2678 1353 2738; x_wconf 87' lang='lat' dir='ltr'><strong>serpes-</strong></span> 
     </span>
     <span class='ocr_line' id='line_1_23' title="bbox 324 2742 1354 2833; baseline -0.004 -21"><span class='ocrx_word' id='word_1_212' title='bbox 324 2763 364 2812; x_wconf 90' lang='lat' dir='ltr'><strong>ios</strong></span> <span class='ocrx_word' id='word_1_213' title='bbox 382 2755 526 2812; x_wconf 86' lang='lat' dir='ltr'><strong>occidebat.</strong></span> <span class='ocrx_word' id='word_1_214' title='bbox 577 2742 751 2826; x_wconf 80' lang='lat' dir='ltr'><strong>ilcnparstsr</strong></span> <span class='ocrx_word' id='word_1_215' title='bbox 767 2757 844 2811; x_wconf 83' lang='lat' dir='ltr'><strong>etiam</strong></span> <span class='ocrx_word' id='word_1_216' title='bbox 864 2755 997 2826; x_wconf 77' lang='lat' dir='ltr'><strong>nprrbae,</strong></span> <span class='ocrx_word' id='word_1_217' title='bbox 1027 2760 1090 2830; x_wconf 78' lang='lat' dir='ltr'><strong>qaia</strong></span> <span class='ocrx_word' id='word_1_218' title='bbox 1107 2759 1175 2814; x_wconf 86' lang='lat' dir='ltr'><strong>sicat</strong></span> <span class='ocrx_word' id='word_1_219' title='bbox 1191 2762 1296 2833; x_wconf 75' lang='lat' dir='ltr'><strong>myrrha</strong></span> <span class='ocrx_word' id='word_1_220' title='bbox 1314 2766 1354 2820; x_wconf 68' lang='lat' dir='ltr'><strong>tn.</strong></span> 
     </span>
     <span class='ocr_line' id='line_1_24' title="bbox 324 2855 1355 2929; baseline 0.008 -19"><span class='ocrx_word' id='word_1_221' title='bbox 324 2858 417 2912; x_wconf 85' lang='lat' dir='ltr'><strong>tsrbeit</strong></span> <span class='ocrx_word' id='word_1_222' title='bbox 435 2869 551 2922; x_wconf 82' lang='lat' dir='ltr'><strong>scrinea,</strong></span> <span class='ocrx_word' id='word_1_223' title='bbox 575 2857 613 2910; x_wconf 87' lang='lat' dir='ltr'><strong>sic</strong></span> <span class='ocrx_word' id='word_1_224' title='bbox 630 2855 689 2926; x_wconf 76' lang='lat' dir='ltr'><strong>ejus</strong></span> <span class='ocrx_word' id='word_1_225' title='bbox 705 2858 831 2910; x_wconf 85' lang='lat' dir='ltr'><strong>sanctitas</strong></span> <span class='ocrx_word' id='word_1_226' title='bbox 849 2858 1073 2928; x_wconf 80' lang='lat' dir='ltr'><strong>roncoptscenttac</strong></span> <span class='ocrx_word' id='word_1_227' title='bbox 1087 2859 1223 2929; x_wconf 69' lang='lat' dir='ltr'><strong>menalca,</strong></span> <span class='ocrx_word' id='word_1_228' title='bbox 1242 2871 1270 2918; x_wconf 86' lang='lat' dir='ltr'><strong>et</strong></span> <span class='ocrx_word' id='word_1_229' title='bbox 1288 2862 1355 2920; x_wconf 90' lang='lat' dir='ltr'><strong>banc</strong></span> 
     </span>
     <span class='ocr_line' id='line_1_25' title="bbox 325 2952 1355 3035; baseline 0.01 -25"><span class='ocrx_word' id='word_1_230' title='bbox 325 2957 537 3030; x_wconf 79' lang='lat' dir='ltr'><strong>praerogativam</strong></span> <span class='ocrx_word' id='word_1_231' title='bbox 545 2952 634 3008; x_wconf 85' lang='lat' dir='ltr'><strong>babuit</strong></span> <span class='ocrx_word' id='word_1_232' title='bbox 645 2969 709 3026; x_wconf 92' lang='lat' dir='ltr'><strong>prae</strong></span> <span class='ocrx_word' id='word_1_233' title='bbox 718 2957 830 3010; x_wconf 87' lang='lat' dir='ltr'><strong>caeteris</strong></span> <span class='ocrx_word' id='word_1_234' title='bbox 841 2955 1009 3010; x_wconf 84' lang='lat' dir='ltr'><strong>ssocdlcatis</strong></span> <span class='ocrx_word' id='word_1_235' title='bbox 1026 2958 1052 3010; x_wconf 90' lang='lat' dir='ltr'><strong>tn</strong></span> <span class='ocrx_word' id='word_1_236' title='bbox 1073 2964 1146 3012; x_wconf 86' lang='lat' dir='ltr'><strong>atero</strong></span> <span class='ocrx_word' id='word_1_237' title='bbox 1162 2967 1189 3014; x_wconf 90' lang='lat' dir='ltr'><strong>et</strong></span> <span class='ocrx_word' id='word_1_238' title='bbox 1198 2962 1355 3035; x_wconf 75' lang='lat' dir='ltr'><strong>virginibus,</strong></span> 
     </span>
     <span class='ocr_line' id='line_1_26' title="bbox 325 3051 1356 3126; baseline 0.011 -17"><span class='ocrx_word' id='word_1_239' title='bbox 325 3057 388 3126; x_wconf 81' lang='lat' dir='ltr'><strong>quia</strong></span> <span class='ocrx_word' id='word_1_240' title='bbox 412 3070 501 3110; x_wconf 85' lang='lat' dir='ltr'><strong>corana</strong></span> <span class='ocrx_word' id='word_1_241' title='bbox 524 3055 650 3109; x_wconf 88' lang='lat' dir='ltr'><strong>sanctitas</strong></span> <span class='ocrx_word' id='word_1_242' title='bbox 671 3059 698 3108; x_wconf 93' lang='lat' dir='ltr'><strong>ot</strong></span> <span class='ocrx_word' id='word_1_243' title='bbox 722 3055 831 3110; x_wconf 85' lang='lat' dir='ltr'><strong>castitas</strong></span> <span class='ocrx_word' id='word_1_244' title='bbox 856 3051 881 3110; x_wconf 83' lang='lat' dir='ltr'><strong>tra</strong></span> <span class='ocrx_word' id='word_1_245' title='bbox 900 3055 968 3111; x_wconf 87' lang='lat' dir='ltr'><strong>alios</strong></span> <span class='ocrx_word' id='word_1_246' title='bbox 987 3071 1037 3111; x_wconf 86' lang='lat' dir='ltr'><strong>noa</strong></span> <span class='ocrx_word' id='word_1_247' title='bbox 1059 3056 1293 3118; x_wconf 71' lang='lat' dir='ltr'><strong>bansiondebator</strong></span> <span class='ocrx_word' id='word_1_248' title='bbox 1307 3079 1356 3120; x_wconf 87' lang='lat' dir='ltr'><strong>sec</strong></span> 
     </span>
     <span class='ocr_line' id='line_1_27' title="bbox 324 3152 1355 3236; baseline 0.011 -29"><span class='ocrx_word' id='word_1_249' title='bbox 324 3153 444 3208; x_wconf 89' lang='lat' dir='ltr'><strong>carnales</strong></span> <span class='ocrx_word' id='word_1_250' title='bbox 463 3158 546 3208; x_wconf 82' lang='lat' dir='ltr'><strong>notas</strong></span> <span class='ocrx_word' id='word_1_251' title='bbox 564 3155 589 3207; x_wconf 90' lang='lat' dir='ltr'><strong>in</strong></span> <span class='ocrx_word' id='word_1_252' title='bbox 609 3152 669 3206; x_wconf 82' lang='lat' dir='ltr'><strong>aliis</strong></span> <span class='ocrx_word' id='word_1_253' title='bbox 686 3153 886 3226; x_wconf 75' lang='lat' dir='ltr'><strong>exstinguebat,</strong></span> <span class='ocrx_word' id='word_1_254' title='bbox 916 3156 999 3211; x_wconf 85' lang='lat' dir='ltr'><strong>sistes</strong></span> <span class='ocrx_word' id='word_1_255' title='bbox 1017 3162 1103 3211; x_wconf 80' lang='lat' dir='ltr'><strong>notens</strong></span> <span class='ocrx_word' id='word_1_256' title='bbox 1120 3160 1250 3216; x_wconf 88' lang='lat' dir='ltr'><strong>castitatis</strong></span> <span class='ocrx_word' id='word_1_257' title='bbox 1270 3165 1355 3236; x_wconf 81' lang='lat' dir='ltr'><strong>singi-</strong></span> 
     </span>
     <span class='ocr_line' id='line_1_28' title="bbox 324 3251 1355 3332; baseline 0.01 -24"><span class='ocrx_word' id='word_1_258' title='bbox 324 3257 365 3308; x_wconf 89' lang='lat' dir='ltr'><strong>nis</strong></span> <span class='ocrx_word' id='word_1_259' title='bbox 390 3255 468 3308; x_wconf 81' lang='lat' dir='ltr'><strong>etiarn</strong></span> <span class='ocrx_word' id='word_1_260' title='bbox 491 3251 676 3323; x_wconf 85' lang='lat' dir='ltr'><strong>inpudicorats</strong></span> <span class='ocrx_word' id='word_1_261' title='bbox 699 3251 781 3307; x_wconf 86' lang='lat' dir='ltr'><strong>eorda</strong></span> <span class='ocrx_word' id='word_1_262' title='bbox 803 3252 948 3308; x_wconf 87' lang='lat' dir='ltr'><strong>erednilltas</strong></span> <span class='ocrx_word' id='word_1_263' title='bbox 975 3253 1132 3326; x_wconf 88' lang='lat' dir='ltr'><strong>penetrabat</strong></span> <span class='ocrx_word' id='word_1_264' title='bbox 1154 3263 1181 3313; x_wconf 91' lang='lat' dir='ltr'><strong>et</strong></span> <span class='ocrx_word' id='word_1_265' title='bbox 1199 3271 1233 3314; x_wconf 88' lang='lat' dir='ltr'><strong>ea</strong></span> <span class='ocrx_word' id='word_1_266' title='bbox 1249 3276 1302 3332; x_wconf 77' lang='lat' dir='ltr'><strong>qno</strong></span> <span class='ocrx_word' id='word_1_267' title='bbox 1319 3263 1355 3319; x_wconf 83' lang='lat' dir='ltr'><strong>ad</strong></span> 
     </span>
     <span class='ocr_line' id='line_1_29' title="bbox 325 3350 1381 3429; baseline 0.009 -21"><span class='ocrx_word' id='word_1_268' title='bbox 325 3357 408 3424; x_wconf 87' lang='lat' dir='ltr'><strong>ipsam</strong></span> <span class='ocrx_word' id='word_1_269' title='bbox 433 3355 551 3424; x_wconf 85' lang='lat' dir='ltr'><strong>protinas</strong></span> <span class='ocrx_word' id='word_1_270' title='bbox 574 3358 649 3406; x_wconf 85' lang='lat' dir='ltr'><strong>casia</strong></span> <span class='ocrx_word' id='word_1_271' title='bbox 672 3350 807 3408; x_wconf 88' lang='lat' dir='ltr'><strong>reddebat.</strong></span> <span class='ocrx_word' id='word_1_272' title='bbox 858 3352 950 3408; x_wconf 83' lang='lat' dir='ltr'><strong>Tertio</strong></span> <span class='ocrx_word' id='word_1_273' title='bbox 974 3361 1085 3428; x_wconf 83' lang='lat' dir='ltr'><strong>propter</strong></span> <span class='ocrx_word' id='word_1_274' title='bbox 1106 3359 1357 3427; x_wconf 77' lang='lat' dir='ltr'><strong>repraesentandam</strong></span> <span class='ocrx_word' id='word_1_275' title='bbox 1380 3425 1381 3429; x_wconf 7' lang='grc' dir='ltr'><strong>Ἰ</strong></span> 
     </span>
     <span class='ocr_line' id='line_1_30' title="bbox 324 3449 1357 3527; baseline 0.01 -19"><span class='ocrx_word' id='word_1_276' title='bbox 324 3453 474 3508; x_wconf 83' lang='lat' dir='ltr'><strong>bodiernsns</strong></span> <span class='ocrx_word' id='word_1_277' title='bbox 492 3451 694 3522; x_wconf 81' lang='lat' dir='ltr'><strong>processionem.</strong></span> <span class='ocrx_word' id='word_1_278' title='bbox 728 3449 794 3506; x_wconf 88' lang='lat' dir='ltr'><strong>Naar</strong></span> <span class='ocrx_word' id='word_1_279' title='bbox 812 3450 898 3506; x_wconf 84' lang='lat' dir='ltr'><strong>llario</strong></span> <span class='ocrx_word' id='word_1_280' title='bbox 915 3459 943 3507; x_wconf 89' lang='lat' dir='ltr'><strong>et</strong></span> <span class='ocrx_word' id='word_1_281' title='bbox 957 3452 1057 3527; x_wconf 86' lang='lat' dir='ltr'><strong>losnpla</strong></span> <span class='ocrx_word' id='word_1_282' title='bbox 1073 3461 1099 3511; x_wconf 93' lang='lat' dir='ltr'><strong>et</strong></span> <span class='ocrx_word' id='word_1_283' title='bbox 1116 3455 1228 3527; x_wconf 82' lang='lat' dir='ltr'><strong>Spsreon</strong></span> <span class='ocrx_word' id='word_1_284' title='bbox 1244 3459 1357 3518; x_wconf 73' lang='lat' dir='ltr'><strong>otinas</strong></span> 
     </span>
     <span class='ocr_line' id='line_1_31' title="bbox 325 3550 1358 3626; baseline 0.007 -17"><span class='ocrx_word' id='word_1_285' title='bbox 325 3551 403 3609; x_wconf 88' lang='lat' dir='ltr'><strong>bodie</strong></span> <span class='ocrx_word' id='word_1_286' title='bbox 422 3550 600 3607; x_wconf 79' lang='lat' dir='ltr'><strong>honorabilem</strong></span> <span class='ocrx_word' id='word_1_287' title='bbox 620 3555 812 3621; x_wconf 83' lang='lat' dir='ltr'><strong>processionem</strong></span> <span class='ocrx_word' id='word_1_288' title='bbox 837 3551 955 3608; x_wconf 81' lang='lat' dir='ltr'><strong>iacerent</strong></span> <span class='ocrx_word' id='word_1_289' title='bbox 971 3557 998 3608; x_wconf 89' lang='lat' dir='ltr'><strong>et</strong></span> <span class='ocrx_word' id='word_1_290' title='bbox 1015 3569 1123 3626; x_wconf 83' lang='lat' dir='ltr'><strong>preren</strong></span> <span class='ocrx_word' id='word_1_291' title='bbox 1140 3555 1228 3612; x_wconf 66' lang='lat' dir='ltr'><strong>¹tessara</strong></span> <span class='ocrx_word' id='word_1_292' title='bbox 1245 3560 1272 3613; x_wconf 89' lang='lat' dir='ltr'><strong>to</strong></span> <span class='ocrx_word' id='word_1_293' title='bbox 1290 3565 1358 3616; x_wconf 85' lang='lat' dir='ltr'><strong>tnta·</strong></span> 
     </span>
     <span class='ocr_line' id='line_1_32' title="bbox 327 3649 1358 3723; baseline 0.008 -16"><span class='ocrx_word' id='word_1_294' title='bbox 327 3653 395 3723; x_wconf 84' lang='lat' dir='ltr'><strong>pisan</strong></span> <span class='ocrx_word' id='word_1_295' title='bbox 414 3657 655 3723; x_wconf 76' lang='lat' dir='ltr'><strong>praesentaverant</strong></span> <span class='ocrx_word' id='word_1_296' title='bbox 699 3649 744 3704; x_wconf 90' lang='lat' dir='ltr'><strong>Sto</strong></span> <span class='ocrx_word' id='word_1_297' title='bbox 760 3656 788 3705; x_wconf 87' lang='lat' dir='ltr'><strong>et</strong></span> <span class='ocrx_word' id='word_1_298' title='bbox 804 3667 852 3706; x_wconf 89' lang='lat' dir='ltr'><strong>nos</strong></span> <span class='ocrx_word' id='word_1_299' title='bbox 871 3655 1063 3722; x_wconf 78' lang='lat' dir='ltr'><strong>processionem</strong></span> <span class='ocrx_word' id='word_1_300' title='bbox 1082 3653 1190 3711; x_wconf 86' lang='lat' dir='ltr'><strong>laninas</strong></span> <span class='ocrx_word' id='word_1_301' title='bbox 1208 3663 1236 3712; x_wconf 86' lang='lat' dir='ltr'><strong>et</strong></span> <span class='ocrx_word' id='word_1_302' title='bbox 1251 3671 1358 3716; x_wconf 83' lang='lat' dir='ltr'><strong>cernane</strong></span> 
     </span>
     <span class='ocr_line' id='line_1_33' title="bbox 325 3749 1360 3828; baseline 0.01 -22"><span class='ocrx_word' id='word_1_303' title='bbox 325 3767 476 3818; x_wconf 74' lang='lat' dir='ltr'><strong>aoernsonr,</strong></span> <span class='ocrx_word' id='word_1_304' title='bbox 511 3765 558 3820; x_wconf 89' lang='lat' dir='ltr'><strong>per</strong></span> <span class='ocrx_word' id='word_1_305' title='bbox 575 3764 649 3820; x_wconf 82' lang='lat' dir='ltr'><strong>qanta</strong></span> <span class='ocrx_word' id='word_1_306' title='bbox 667 3749 829 3821; x_wconf 79' lang='lat' dir='ltr'><strong>signiticatar</strong></span> <span class='ocrx_word' id='word_1_307' title='bbox 851 3749 945 3817; x_wconf 84' lang='lat' dir='ltr'><strong>lesos,</strong></span> <span class='ocrx_word' id='word_1_308' title='bbox 982 3753 1008 3805; x_wconf 90' lang='lat' dir='ltr'><strong>in</strong></span> <span class='ocrx_word' id='word_1_309' title='bbox 1029 3753 1147 3809; x_wconf 77' lang='lat' dir='ltr'><strong>nasibus</strong></span> <span class='ocrx_word' id='word_1_310' title='bbox 1164 3754 1313 3828; x_wconf 83' lang='lat' dir='ltr'><strong>baJaiaraes</strong></span> <span class='ocrx_word' id='word_1_311' title='bbox 1329 3765 1360 3816; x_wconf 85' lang='lat' dir='ltr'><strong>nt</strong></span> 
     </span>
     <span class='ocr_line' id='line_1_34' title="bbox 326 3845 1359 3928; baseline 0.008 -23"><span class='ocrx_word' id='word_1_312' title='bbox 326 3866 409 3922; x_wconf 78' lang='lat' dir='ltr'><strong>usqne</strong></span> <span class='ocrx_word' id='word_1_313' title='bbox 431 3851 456 3903; x_wconf 88' lang='lat' dir='ltr'><strong>in</strong></span> <span class='ocrx_word' id='word_1_314' title='bbox 482 3849 608 3904; x_wconf 86' lang='lat' dir='ltr'><strong>ecclesias</strong></span> <span class='ocrx_word' id='word_1_315' title='bbox 631 3845 780 3904; x_wconf 82' lang='lat' dir='ltr'><strong>deteriores.</strong></span> <span class='ocrx_word' id='word_1_316' title='bbox 833 3848 899 3904; x_wconf 82' lang='lat' dir='ltr'><strong>Tris</strong></span> <span class='ocrx_word' id='word_1_317' title='bbox 916 3851 982 3905; x_wconf 86' lang='lat' dir='ltr'><strong>enirn</strong></span> <span class='ocrx_word' id='word_1_318' title='bbox 1005 3859 1066 3906; x_wconf 89' lang='lat' dir='ltr'><strong>sant</strong></span> <span class='ocrx_word' id='word_1_319' title='bbox 1084 3855 1110 3906; x_wconf 93' lang='lat' dir='ltr'><strong>in</strong></span> <span class='ocrx_word' id='word_1_320' title='bbox 1127 3867 1203 3909; x_wconf 87' lang='lat' dir='ltr'><strong>cera:</strong></span> <span class='ocrx_word' id='word_1_321' title='bbox 1236 3855 1359 3928; x_wconf 78' lang='lat' dir='ltr'><strong>lpclansa,</strong></span> 
     </span>
     <span class='ocr_line' id='line_1_35' title="bbox 324 3946 1357 4027; baseline 0.005 -21"><span class='ocrx_word' id='word_1_322' title='bbox 324 3965 387 4006; x_wconf 87' lang='lat' dir='ltr'><strong>cera</strong></span> <span class='ocrx_word' id='word_1_323' title='bbox 405 3955 430 4005; x_wconf 89' lang='lat' dir='ltr'><strong>st</strong></span> <span class='ocrx_word' id='word_1_324' title='bbox 448 3953 525 4022; x_wconf 80' lang='lat' dir='ltr'><strong>ignis.</strong></span> <span class='ocrx_word' id='word_1_325' title='bbox 558 3947 609 4003; x_wconf 78' lang='lat' dir='ltr'><strong>l’or</strong></span> <span class='ocrx_word' id='word_1_326' title='bbox 626 3946 692 4002; x_wconf 88' lang='lat' dir='ltr'><strong>iaec</strong></span> <span class='ocrx_word' id='word_1_327' title='bbox 708 3947 889 4018; x_wconf 76' lang='lat' dir='ltr'><strong>signiicantnr</strong></span> <span class='ocrx_word' id='word_1_328' title='bbox 904 3952 965 4015; x_wconf 89' lang='lat' dir='ltr'><strong>tria,</strong></span> <span class='ocrx_word' id='word_1_329' title='bbox 985 3965 1054 4023; x_wconf 85' lang='lat' dir='ltr'><strong>qaae</strong></span> <span class='ocrx_word' id='word_1_330' title='bbox 1074 3952 1177 4008; x_wconf 84' lang='lat' dir='ltr'><strong>inerant</strong></span> <span class='ocrx_word' id='word_1_331' title='bbox 1194 3955 1220 4008; x_wconf 91' lang='lat' dir='ltr'><strong>io</strong></span> <span class='ocrx_word' id='word_1_332' title='bbox 1239 3953 1357 4027; x_wconf 83' lang='lat' dir='ltr'><strong>ilintate,</strong></span> 
     </span>
     <span class='ocr_line' id='line_1_36' title="bbox 325 4045 1359 4122; baseline 0.007 -18"><span class='ocrx_word' id='word_1_333' title='bbox 325 4065 383 4104; x_wconf 87' lang='lat' dir='ltr'><strong>nan</strong></span> <span class='ocrx_word' id='word_1_334' title='bbox 401 4051 452 4104; x_wconf 87' lang='lat' dir='ltr'><strong>iria</strong></span> <span class='ocrx_word' id='word_1_335' title='bbox 469 4047 618 4122; x_wconf 76' lang='lat' dir='ltr'><strong>significant</strong></span> <span class='ocrx_word' id='word_1_336' title='bbox 635 4059 738 4102; x_wconf 80' lang='lat' dir='ltr'><strong>canossa</strong></span> <span class='ocrx_word' id='word_1_337' title='bbox 757 4045 871 4116; x_wconf 76' lang='lat' dir='ltr'><strong>Christi,</strong></span> <span class='ocrx_word' id='word_1_338' title='bbox 903 4063 972 4122; x_wconf 80' lang='lat' dir='ltr'><strong>qaae</strong></span> <span class='ocrx_word' id='word_1_339' title='bbox 995 4056 1060 4106; x_wconf 86' lang='lat' dir='ltr'><strong>sata</strong></span> <span class='ocrx_word' id='word_1_340' title='bbox 1080 4058 1123 4107; x_wconf 90' lang='lat' dir='ltr'><strong>est</strong></span> <span class='ocrx_word' id='word_1_341' title='bbox 1146 4051 1286 4110; x_wconf 82' lang='lat' dir='ltr'><strong>deliacis</strong></span> <span class='ocrx_word' id='word_1_342' title='bbox 1304 4058 1359 4112; x_wconf 91' lang='lat' dir='ltr'><strong>str-</strong></span> 
     </span>
     <span class='ocr_line' id='line_1_37' title="bbox 326 4147 1359 4225; baseline 0.008 -22"><span class='ocrx_word' id='word_1_343' title='bbox 326 4152 389 4221; x_wconf 73' lang='lat' dir='ltr'><strong>gine</strong></span> <span class='ocrx_word' id='word_1_344' title='bbox 406 4151 464 4203; x_wconf 88' lang='lat' dir='ltr'><strong>sior</strong></span> <span class='ocrx_word' id='word_1_345' title='bbox 481 4147 648 4217; x_wconf 87' lang='lat' dir='ltr'><strong>corruptiore</strong></span> <span class='ocrx_word' id='word_1_346' title='bbox 665 4148 767 4212; x_wconf 86' lang='lat' dir='ltr'><strong>carnis,</strong></span> <span class='ocrx_word' id='word_1_347' title='bbox 801 4149 870 4203; x_wconf 86' lang='lat' dir='ltr'><strong>sicat</strong></span> <span class='ocrx_word' id='word_1_348' title='bbox 886 4162 952 4220; x_wconf 87' lang='lat' dir='ltr'><strong>apes</strong></span> <span class='ocrx_word' id='word_1_349' title='bbox 969 4163 1055 4206; x_wconf 89' lang='lat' dir='ltr'><strong>ceraso</strong></span> <span class='ocrx_word' id='word_1_350' title='bbox 1072 4153 1184 4225; x_wconf 74' lang='lat' dir='ltr'><strong>gignant</strong></span> <span class='ocrx_word' id='word_1_351' title='bbox 1198 4155 1256 4210; x_wconf 86' lang='lat' dir='ltr'><strong>sian</strong></span> <span class='ocrx_word' id='word_1_352' title='bbox 1275 4154 1359 4211; x_wconf 88' lang='lat' dir='ltr'><strong>alter-</strong></span> 
     </span>
     <span class='ocr_line' id='line_1_38' title="bbox 328 4243 1360 4323; baseline 0.006 -19"><span class='ocrx_word' id='word_1_353' title='bbox 328 4253 410 4304; x_wconf 85' lang='lat' dir='ltr'><strong>strare</strong></span> <span class='ocrx_word' id='word_1_354' title='bbox 426 4247 623 4314; x_wconf 78' lang='lat' dir='ltr'><strong>conmixtione,</strong></span> <span class='ocrx_word' id='word_1_355' title='bbox 642 4243 749 4318; x_wconf 69' lang='lat' dir='ltr'><strong>lyciscas</strong></span> <span class='ocrx_word' id='word_1_356' title='bbox 768 4247 794 4301; x_wconf 92' lang='lat' dir='ltr'><strong>in</strong></span> <span class='ocrx_word' id='word_1_357' title='bbox 810 4261 872 4305; x_wconf 87' lang='lat' dir='ltr'><strong>cera</strong></span> <span class='ocrx_word' id='word_1_358' title='bbox 889 4249 973 4306; x_wconf 75' lang='lat' dir='ltr'><strong>latero</strong></span> <span class='ocrx_word' id='word_1_359' title='bbox 989 4249 1121 4323; x_wconf 71' lang='lat' dir='ltr'><strong>sipatdeat</strong></span> <span class='ocrx_word' id='word_1_360' title='bbox 1138 4253 1249 4308; x_wconf 75' lang='lat' dir='ltr'><strong>asinam</strong></span> <span class='ocrx_word' id='word_1_361' title='bbox 1266 4251 1360 4310; x_wconf 88' lang='lat' dir='ltr'><strong>candi·</strong></span> 
     </span>
    </p>
   </div>
   <div class='ocr_carea' id='block_1_5' title="bbox 376 4461 1065 4523">
    <p class='ocr_par' dir='ltr' id='par_1_5' title="bbox 376 4461 1065 4523">
     <span class='ocr_line' id='line_1_39' title="bbox 376 4461 1065 4523; baseline 0.007 -14"><span class='ocrx_word' id='word_1_362' title='bbox 376 4463 397 4518; x_wconf 79' lang='lat' dir='ltr'><strong>ii</strong></span> <span class='ocrx_word' id='word_1_363' title='bbox 410 4467 501 4510; x_wconf 77' lang='lat' dir='ltr'><strong>necant.</strong></span> <span class='ocrx_word' id='word_1_364' title='bbox 514 4461 705 4522; x_wconf 81' lang='lat' dir='ltr'><strong>serpentinos</strong></span> <span class='ocrx_word' id='word_1_365' title='bbox 717 4461 896 4523; x_wconf 80' lang='lat' dir='ltr'><strong>possidebat</strong></span> <span class='ocrx_word' id='word_1_366' title='bbox 910 4463 969 4512; x_wconf 81' lang='lat' dir='ltr'><strong>anais</strong></span> <span class='ocrx_word' id='word_1_367' title='bbox 982 4463 1065 4522; x_wconf 78' lang='lat' dir='ltr'><strong>insoni.</strong></span> 
     </span>
    </p>
   </div>
   <div class='ocr_carea' id='block_1_6' title="bbox 0 0 1423 5302">
    <p class='ocr_par' dir='ltr' id='par_1_6' title="bbox 0 0 1423 5302">
     <span class='ocr_line' id='line_1_40' title="bbox 0 0 1423 5302; baseline 0 0"><span class='ocrx_word' id='word_1_368' title='bbox 0 0 1423 5302; x_wconf 95' lang='lat' dir='ltr'><strong> </strong></span> 
     </span>
    </p>
   </div>
  </div>
 </body>
</html>
