2918 5302
323 438 388 500 59²
430 437 504 516 Cep.
525 433 657 494 CXXXI.
704 434 751 494 De
772 435 1039 520 notiritete'beotee
1059 439 1169 501 Metine
1193 442 1325 520 virginio.

326 611 389 654 enee
406 594 528 668 sequenti
546 600 624 649 noete
642 590 721 648 bruto
741 596 816 667 virgo
833 595 924 666 Juvent
942 598 1067 667 apparuit
1083 603 1110 653 et
1126 599 1241 671 januam
1257 601 1364 658 urreis

324 697 462 767 aperiens,
488 691 549 748 inde
576 698 604 747 ut
628 698 721 759 exent,
746 696 884 765 proecepit
908 696 985 766 eique
1009 697 1089 752 diuite
1115 701 1195 753 metri
1219 705 1301 766 tune,
1326 697 1373 765 iiii,

324 793 414 860 dtoeo,
438 798 468 848 ut
493 807 575 847 neum
604 790 700 847 reddet
723 790 820 857 fliium,
852 808 884 848 ex
909 810 961 865 qno
986 795 1090 850 reddidi
1117 797 1170 852 eibi
1196 813 1284 856 onom.
1321 798 1371 863 Qui

322 896 415 949 exient
439 890 473 946 od
491 896 598 945 matrem
621 891 746 960 renitet,
773 891 888 962 quoiitor
911 892 991 949 beatu
1018 897 1095 968 virgo
1121 896 1369 964 continerentur,

323 992 467 1049 enerravit.
500 987 550 1045 lile
571 995 656 1044 eutem
681 989 818 1060 plurimum
843 991 977 1048 exsultans
1004 994 1143 1066 inopinum
1163 997 1242 1066 pueri
1262 998 1370 1068 aoeepit

322 1097 350 1148 et
367 1088 401 1144 od
420 1087 558 1144 eeeieeinm
581 1087 680 1144 redens
705 1088 800 1146 bearno
817 1088 921 1146 Morino
943 1092 1058 1147 reddidit
1074 1091 1153 1148 iiinm
1171 1092 1279 1150 dicem:
1303 1109 1368 1167 gro·

321 1191 374 1245 tino
394 1188 486 1254 route,
511 1186 634 1254 domina,
658 1188 761 1257 reiero,
786 1191 848 1262 qnia
867 1188 930 1244 mihi
948 1207 1030 1247 neum
1051 1195 1152 1247 unicum
1170 1191 1255 1248 ditum
1274 1192 1367 1250 reddi-

320 1287 417 1354 dieite,
436 1292 464 1341 et
479 1301 548 1342 nouo
565 1286 642 1342 nobie
660 1286 740 1342 ditum
759 1294 872 1345 vestrum
887 1289 980 1357 reddo,
1001 1293 1063 1364 quin
1076 1307 1158 1347 meum
1171 1308 1212 1348 me
1226 1295 1367 1365 reeepuee

320 1383 454 1459 profiteor.
473 1416 505 1428 -
524 1417 553 1432 -
573 1415 608 1426 —
624 1389 661 1445 5.
679 1385 746 1441 Ernt
762 1389 868 1458 quidem
886 1388 943 1456 tur,
961 1392 1007 1460 qui
1025 1404 1107 1462 oeepe
1125 1391 1270 1447 iemoeiuio
1285 1407 1366 1448 exer·

320 1485 413 1553 debet,
438 1485 485 1541 eod
506 1484 611 1541 beatum
629 1483 740 1540 niarium
759 1485 895 1556 plurimum
914 1491 940 1542 tn
960 1475 1100 1545 dovotione
1120 1489 1241 1545 habebnt
1260 1497 1288 1546 et
1306 1506 1365 1546 eom

319 1583 439 1640 erebrius
456 1585 599 1640 eaiutobet
635 1582 753 1647 Quodam
771 1587 922 1656 igitnrvieo
937 1586 979 1643 ior
992 1588 1119 1659 quaedum
1135 1591 1245 1659 rnpieno
1259 1591 1367 1661 eapitur

319 1689 347 1738 ot
364 1683 510 1755 eoepeodio
521 1681 700 1756 odJndientnn
735 1682 797 1738 Cum
811 1691 898 1740 nutem
910 1689 1126 1757 suspenderetur,
1144 1677 1271 1744 eontinuo
1281 1687 1366 1745 beato

319 1782 396 1854 drgo
415 1783 439 1836 ei
458 1781 534 1835 nduit
553 1788 579 1836 et
596 1795 750 1851 suspensum
769 1781 853 1837 tribus
875 1782 985 1852 diebus,
1004 1790 1032 1839 ut
1048 1784 1101 1841 oibt
1118 1786 1282 1856 ¹ridebatur,
1305 1790 1364 1843 onio

318 1879 439 1940 mnuibue
467 1882 624 1936 ouoteuturit
655 1883 711 1946 ito,
737 1880 807 1952 qnod
840 1881 938 1938 nullon
961 1883 1106 1940 laesionem
1132 1889 1276 1956 persensit
1318 1889 1363 1945 litt

318 1994 399 2046 rere,
423 1981 468 2052 qni
491 1995 548 2034 eun
567 1980 775 2049 suspenderunt,
802 1995 867 2036 enon
886 1980 947 2037 inde
964 1989 1134 2040 trenoeontee
1151 2001 1209 2041 eum
1227 1989 1361 2044 virente·

317 2083 345 2135 et
368 2077 441 2134 voitu
465 2077 546 2132 inituri
570 2085 727 2148 repererunt
751 2085 778 2134 et
801 2078 978 2148 arbitrantes,
1003 2082 1074 2153 qood
1097 2099 1151 2139 non
1172 2084 1244 2140 hene
1263 2084 1363 2142 intonet

316 2176 412 2249 dequeo
432 2175 584 2242 adridens,
602 2176 694 2248 gladio
712 2179 797 2247 iprum
812 2177 938 2250 jngoiore
956 2179 1090 2246 rodebant.
1108 2182 1158 2238 oed
1175 2184 1257 2239 beate
1269 2185 1363 2241 Morio

316 2275 464 2332 ferientium
482 2274 573 2348 plodio
592 2291 695 2330 monum
710 2275 864 2347 opponebat
881 2285 906 2332 et
925 2277 964 2331 itti
984 2278 1037 2333 eibi
1055 2280 1093 2335 nii
1109 2296 1205 2340 noeere
1222 2289 1360 2352 poterut.

316 2374 515 2447 Cognooeentee
533 2389 598 2448 ergo
616 2376 749 2432 referente
767 2373 830 2442 iiio,
857 2375 927 2448 qood
946 2375 1026 2434 beotn
1042 2377 1130 2436 Murio
1147 2383 1186 2436 oie
1202 2396 1263 2436 enm
1276 2384 1361 2453 jure·

314 2477 375 2546 bnt,
402 2476 527 2531 mirantes
552 2489 610 2529 eun
637 2473 817 2544 deposnerunt
842 2479 869 2530 et
892 2490 982 2532 nmero
1006 2477 1118 2549 virginio
1145 2477 1220 2536 ntoire
1243 2479 1360 2538 liberum

314 2577 477 2632 dimiserunt.
514 2571 565 2636 ont
587 2573 681 2629 obtenu
707 2576 892 2628 monasterium
914 2575 1022 2631 introvit
1039 2579 1080 2642 et,
1098 2577 1195 2649 *quood
1220 2581 1302 2648 vixit,
1330 2583 1359 2638 io

313 2678 423 2734 territio
441 2674 490 2731 Dei
507 2673 645 2747 genitrieie
661 2675 806 2743 permensit
807 2699 952 2728 -----
970 2680 1010 2734 6.
1027 2672 1088 2729 Fuit
1105 2676 1210 2747 quidam
1231 2677 1359 2750 elerieu,

313 2777 359 2848 qni
381 2775 485 2830 benum
509 2771 621 2828 Moriere
645 2771 722 2828 valde
747 2771 863 2844 diligens
884 2771 966 2828 borao
990 2773 1048 2844 elno
1071 2773 1163 2829 eednlo
1182 2774 1358 2840 deountnbnt.

313 2873 378 2930 Cium
401 2878 487 2928 entem
510 2878 636 2942 perentee
655 2873 713 2942 ejoo
732 2879 911 2938 morerentur,
936 2870 1016 2926 elium
1041 2888 1093 2927 oou
1119 2873 1249 2931 hebentes
1275 2876 1357 2936 here-

312 2972 370 3030 dem
390 2971 474 3028 eidem
492 2969 666 3027 hereditatem
685 2967 847 3025 diminorum.
882 2969 1039 3042 competent
1053 2979 1094 3027 eet
1106 2974 1189 3044 igitur
1201 2971 1235 3028 eir
1250 2977 1357 3046 eminio,

311 3079 341 3129 nt
358 3087 464 3130 uxoren
485 3071 619 3142 eeeiperet
636 3075 662 3126 et
682 3067 854 3125 hereditatem
875 3071 1008 3140 propriam
1025 3068 1196 3143 gubernaret
1231 3070 1356 3136 Quodn·

312 3179 398 3227 nutem
416 3171 470 3236 die,
495 3184 552 3225 enm
570 3167 606 3223 ed
623 3167 799 3224 oeiehrnndee
817 3169 923 3237 nuptino
942 3168 1080 3238 tenderet,
1105 3172 1132 3226 tu
1151 3171 1246 3228 itinere
1266 3191 1355 3245 poen-

312 3271 372 3328 dnm
384 3269 524 3325 oeeieeinn
538 3269 647 3339 reperit,
665 3272 692 3322 ot
709 3265 864 3322 reeordotoo
881 3268 985 3322 servitii
1001 3266 1097 3324 benten
1109 3265 1213 3326 Morino
1225 3273 1252 3326 io
1265 3273 1355 3344 ipse·

311 3369 466 3443 ingrediens
480 3366 562 3422 horno
580 3367 639 3437 eine
657 3363 747 3420 dicere
764 3366 862 3437 eoepit,
882 3369 908 3422 et
925 3381 986 3421 eece
1002 3366 1084 3422 boeto
1093 3366 1182 3423 Morio
1194 3369 1280 3426 eidem
1301 3386 1352 3444 up-

311 3469 443 3540 poenitet
460 3467 537 3538 poesi
555 3465 675 3520 tenerior
693 3462 717 3519 'ei
734 3463 817 3519 dixit:
833 3479 852 3520 o
868 3463 948 3520 otnite
968 3471 995 3520 et
1012 3463 1141 3533 infidelis,
1159 3481 1206 3522 eno
1222 3483 1263 3524 me
1282 3473 1352 3527 emi-

312 3581 372 3624 onm
393 3572 420 3622 et
442 3579 567 3637 opomerum
584 3569 656 3619 tuem
673 3561 807 3634 relinquin-
828 3568 855 3618 et
872 3562 935 3618 mihi
953 3563 1074 3620 irminam
1094 3565 1172 3621 oiinm
1190 3571 1353 3638 anteponis?

312 3665 354 3722 Ad
372 3663 424 3721 hoe
443 3663 488 3720 iiie
505 3668 676 3733 oonponetno
693 3659 728 3716 nd
746 3661 836 3717 eoetoo
853 3661 933 3716 rediit
950 3669 977 3718 et
993 3668 1075 3719 totum
1093 3662 1263 3722 diooinuinne
1279 3667 1352 3726 ceie-

311 3763 397 3820 ioretio
425 3763 525 3832 uupttie
554 3760 642 3818 medio
665 3766 743 3816 noete
767 3761 889 3816 omnibne
912 3761 1012 3816 reiietie
1036 3761 1070 3820 de
1095 3760 1172 3817 domo
1194 3763 1302 3838 aufugit
1325 3773 1354 3824 et

312 3863 498 3918 monesterium
529 3862 631 3918 intrent
659 3858 755 3916 tenue
783 3857 887 3916 Merite
919 3858 1014 3916 denote
1048 3863 1167 3920 eerririt.
1199 3891 1230 3904 -·
1257 3891 1294 3906 —
1315 3893 1352 3908 —

313 3965 347 4022 Ι.
364 3959 497 4016 διεστᾶσι
513 3957 651 4030 oriundam
667 3957 812 4031 perooidoe
835 3964 863 4013 et
887 3955 1015 4016 honeotee
1041 3961 1111 4015 ritee
1128 3959 1227 4016 nuliam
1244 3963 1352 4020 minoen

313 4061 366 4117 niet
383 4061 490 4114 minoem
507 4057 603 4115 beotne
620 4057 725 4132 Mariae
742 4058 863 4124 potebat,
889 4072 967 4130 quom
992 4059 1020 4112 iu
1039 4060 1098 4130 ejus
1115 4057 1241 4116 honorem
1257 4060 1353 4119 oedoie

313 4156 481 4213 deoentetnot
515 4157 593 4228 Apud
619 4158 772 4228 epioeopnm
796 4157 879 4229 tgttor
902 4163 1043 4212 emeretur
1059 4161 1086 4212 et
1102 4157 1137 4211 ob
1154 4171 1187 4212 eo
1205 4159 1284 4214 etum
1301 4175 1351 4216 ue-

314 4257 434 4312 oeroitnr.
475 4254 538 4312 Gom
564 4269 629 4311 rere
664 4271 753 4310 eornm
783 4256 911 4326 epioeopo
938 4269 969 4310 oe
999 4254 1078 4310 utinm
1111 4257 1218 4312 mirsam
1247 4259 1353 4314 neeetre

315 4351 433 4421 diceret,
458 4355 601 4426 epteeopur
626 4353 711 4425 ipsum
736 4355 814 4428 quaet
838 4351 1004 4410 sednetorem
1030 4350 1095 4409 dore
1120 4351 1352 4426 retropendet
