2984 5316
249 443 323 523 Cup.
345 441 501 504 dxxxix,
550 442 595 506 De
618 454 716 504 sancto
738 444 821 505 Petro
845 445 985 526 apostolo.
1075 444 1137 507 ote

101 607 169 660 lnior
181 605 240 675 lpse
252 601 304 660 duo
318 603 454 660 luminaria
467 610 527 659 urite
542 604 600 675 elus
618 604 712 660 lestutn
723 606 883 660 eonstitlsse.
917 603 989 670 Quae
1002 621 1035 662 et
1049 621 1138 662 unere

102 719 207 760 sumens
226 703 362 760 andastaua
382 704 525 759 exsultarit
542 709 569 760 ei
587 703 671 758 dixit:
691 704 756 775 quid
774 711 824 780 est,
843 706 947 761 dorulne
965 708 1066 763 nauel.
1090 705 1137 762 Ill·

103 804 185 858 rnlssa
206 812 267 858 sunt
288 804 350 858 rnibi
370 811 481 875 pesona
496 805 578 866 ures?
612 802 661 860 Cui
674 792 731 859 ¹ille
754 803 944 878 benignissimo
968 806 1038 861 uultu
1063 805 1138 860 inell-

103 911 165 960 nuto
183 904 271 975 eapite
293 905 383 958 annuit
407 902 513 959 dicens:
531 901 649 960 diruisse.
677 901 752 960 Veni.
786 901 820 960 Et
836 904 899 960 illu:
919 920 1000 977 rogo,
1019 911 1047 960 ιιι
1063 920 1142 962 soror

103 1003 245 1060 benedieia
267 1019 366 1059 meeum
389 1005 486 1061 veniat.
522 1003 554 1060 Et
578 1004 639 1061 iile:
669 1020 735 1068 uon,
761 1003 823 1060 llooi
845 1004 907 1060 tulis
932 1007 1021 1080 veniat
1045 1011 1140 1060 teouru.

105 1102 179 1168 Quod
199 1102 246 1160 ille
261 1101 416 1160 abbatissae
434 1103 553 1161 indiouus
577 1104 622 1162 dis
649 1106 729 1162 tertia
747 1119 803 1160 euru
821 1102 868 1159 illu
885 1101 1011 1161 deiunetu
1029 1109 1078 1161 est.
1112 1101 1142 1160 In

105 1201 198 1260 eoderr
224 1205 331 1274 insuper
356 1203 424 1258 libro
444 1203 589 1278 Gregorius
615 1204 693 1272 dieii,
717 1203 787 1277 quod
806 1204 865 1259 doru
886 1201 1019 1274 presbiter
1035 1203 1141 1277 quidam

106 1318 218 1376 ιιιςιιιι
236 1305 385 1359 sanctitatis
403 1303 438 1359 ad
457 1311 573 1362 extrema
591 1303 719 1361 deductus
740 1311 824 1368 esset,
851 1318 907 1358 sunu
925 1318 1022 1376 magna
1039 1304 1144 1360 laetitio

107 1404 222 1460 donare
237 1406 326 1475 eoepit
343 1402 451 1460 disens:
471 1405 539 1461 bene
557 1407 662 1461 reuiuni
680 1404 778 1460 donnini
796 1407 862 1470 roei,
887 1403 954 1458 boue
972 1405 1077 1460 veniunt
1095 1402 1143 1458 do-

107 1505 170 1558 usinl
191 1505 258 1570 urei,
284 1503 355 1576 quod
381 1504 415 1561 ad
440 1504 570 1560 tantillum
594 1520 697 1559 servum
720 1507 803 1559 etrum
829 1503 931 1576 dignati
955 1506 1020 1560 ostis
1045 1505 1134 1559 tenire

107 1603 201 1670 Venio,
216 1607 305 1660 renio:
317 1607 419 1678 gratias
431 1619 495 1678 ago,
509 1607 611 1676 gradus
618 1619 680 1678 ego.
700 1603 1033 1676 Conquequiudstahant.
1048 1602 1145 1675 qulbus

109 1702 176 1761 bueo
195 1702 304 1771 diceret,
327 1706 531 1778 interrogarent,
545 1704 590 1761 ilie
603 1703 755 1762 admirando
776 1703 925 1776 nspondit:
944 1704 1067 1775 nttnrqnid
1081 1719 1144 1760 oon·

26 1793 28 1801 ⁸
111 1807 215 1860 venisse
229 1803 279 1860 buo
291 1810 398 1860 saneios
412 1804 659 1875 apostolosl’etrunr
668 1805 807 1860 etPauiun
816 1821 867 1860 uon
876 1803 990 1859 ridetis?
1009 1803 1146 1860 Contere

109 1907 203 1960 iterunu
229 1912 257 1960 ut
279 1907 352 1976 prius
380 1912 526 1976 repeteret,
553 1913 646 1961 saneta
669 1905 718 1960 illa
738 1906 825 1960 anina
852 1919 867 1962 e
891 1919 970 1960 earne
989 1902 1078 1958 soluta
1096 1910 1145 1958 est

109 2004 250 2061 dubietur
265 2011 351 2062 auteur
369 2003 402 2060 ab
423 2004 573 2078 aliquibus,
599 2011 683 2062 ntroin
707 2003 799 2062 adero
823 2003 866 2060 die
885 2003 978 2060 Petrus
1000 2010 1027 2088 et
1049 2002 1147 2058 Paulus

112 2107 185 2177 passi
202 2108 263 2162 sint.
297 2105 427 2162 Direruut
443 2113 528 2161 auten
548 2105 662 2178 quidun,
680 2104 752 2178 quod
769 2104 860 2161 eudeuu
879 2103 923 2161 die
937 2103 1056 2159 reuoluto
1067 2116 1146 2169 suno,

111 2204 160 2260 sed
179 2205 348 2278 Hieronymus
366 2212 393 2262 et
411 2221 501 2262 onnes
521 2203 578 2262 lere
595 2207 696 2271 saneti,
717 2207 763 2278 qui
780 2203 814 2262 de
831 2204 882 2260 boo
899 2208 1027 2272 truetunt,
1051 2205 1078 2258 in
1095 2202 1148 2259 boo

114 2305 288 2373 concordant,
315 2305 386 2379 quod
410 2304 502 2361 eodern
526 2304 569 2361 die
592 2313 619 2361 et
636 2320 706 2360 anno
726 2307 800 2376 passi
819 2311 894 2373 sunt,
917 2306 987 2360 sieut
1010 2303 1148 2359 uoniieste

114 2406 191 2462 elisur
210 2403 324 2462 babetur
342 2421 375 2463 eu
392 2404 510 2477 epistola
528 2403 647 2478 Dionysii
673 2413 700 2462 ot
718 2407 786 2462 sieut
804 2404 869 2462 dicit
885 2402 940 2460 Leo
959 2402 999 2460 rel
1017 2401 1148 2460 Matinae

114 2503 255 2560 secundun
275 2503 401 2578 quosdam
417 2507 443 2560 ln
462 2495 575 2578 quod'un
591 2520 727 2572 sermone,
743 2506 791 2562 ubl
807 2507 848 2562 sis
867 2506 919 2560 alt:
936 2519 988 2560 nou
1007 2505 1073 2558 euim
1091 2505 1150 2560 siue

116 2619 199 2659 ιιιιι
219 2604 317 2663 tuetrnu
340 2615 476 2680 potueras,
502 2605 573 2680 quod
597 2621 649 2662 ιιι
676 2605 719 2662 dle
743 2609 769 2662 in
792 2623 843 2662 uno
870 2605 929 2661 loeo
952 2607 1029 2660 auius
1048 2607 1151 2674 imunt

115 2703 265 2762 toleravere
283 2710 448 2766 sententian.
481 2706 510 2764 ln
527 2723 579 2763 uno
597 2706 641 2762 die
658 2708 731 2778 pessi
750 2713 827 2773 sunt,
852 2712 882 2762 ut
898 2703 935 2761 ud
953 2703 1084 2760 Christum
1102 2718 1149 2776 ne-

115 2805 182 2861 riter
197 2808 381 2877 peruenirent,
400 2824 451 2864 uuo
467 2807 542 2874 loeo,
559 2822 594 2863 ne
611 2807 688 2863 alteri
706 2805 787 2864 Roma
805 2805 928 2873 deesset;
953 2805 1003 2860 sub
1020 2819 1072 2860 uno
1090 2818 1152 2875 per-

116 2912 247 2974 secutore,
263 2912 293 2963 ut
307 2907 428 2981 ιιιιιΙΙι
447 2907 593 2965 erudelitas
611 2913 748 2982 utrumque
766 2907 967 2980 constringeret.
1002 2903 1066 2961 Dies
1086 2917 1152 2976 ergo

116 3021 164 3076 pro
183 3009 292 3077 rnerlto,
310 3007 385 3066 loeus
403 3014 489 3064 auten
508 3023 557 3080 pro
576 3007 680 3082 gioria,
698 3012 853 3078 perseeutor
869 3012 955 3062 notens
972 3006 1041 3060 ideru
1059 3001 1153 3060 deere-

116 3112 159 3162 tus
179 3113 221 3163 est
238 3123 286 3179 pro
306 3111 410 3166 uirtute.
445 3107 518 3164 llaec
539 3107 604 3164 Leo.
638 3107 718 3164 biset
742 3113 829 3162 nutent
853 3105 944 3162 eudeor
969 3104 1014 3162 die
1036 3110 1064 3161 et
1087 3104 1155 3160 luera

117 3207 195 3280 passi
214 3209 279 3276 sint,
302 3215 458 3264 nontamen
478 3208 571 3266 eodem
588 3207 657 3276 looo,
683 3205 733 3263 sed
758 3204 935 3263 indisertis:
953 3204 1068 3278 siquod
1088 3204 1156 3261 dixit

117 3306 189 3376 Leo,
207 3307 280 3380 quod
297 3307 390 3365 eodem
408 3307 468 3366 loeo
486 3310 561 3381 passi
580 3315 657 3378 sunt,
681 3305 733 3363 boo
761 3306 827 3362 dicit
849 3323 882 3362 ex
911 3323 959 3386 eo,
981 3305 1053 3380 quod
1076 3307 1154 3363 aerbo

119 3399 216 3466 Rornae
233 3411 308 3482 passi
327 3408 439 3466 luerunt.
473 3409 513 3466 lle
532 3409 581 3465 boe
600 3408 706 3482 quidun
724 3409 765 3464 sis
784 3406 904 3464 uersibus
923 3407 1005 3464 dixit:

278 3507 349 3566 Ense
366 3515 508 3566 coronatur
527 3508 641 3576 Paulus,
661 3523 739 3564 eruoe
758 3506 867 3576 Petrus,
886 3505 978 3564 eodeni

280 3593 335 3651 Sub
354 3594 438 3666 duoe,
454 3594 529 3662 lose,
546 3593 621 3663 loeo,
640 3593 693 3650 dut
709 3591 795 3661 Nero,
813 3589 897 3649 Reus
913 3590 997 3650 loeus

118 3690 183 3750 lien
202 3694 287 3750 etius:

218 3792 288 3852 Ense
306 3804 395 3853 soeret
412 3794 520 3854 Paulum
538 3811 588 3869 per
604 3795 663 3864 lux,
681 3793 751 3862 dux,
769 3791 832 3849 urbs
850 3809 929 3850 eruoe
947 3793 1060 3852 Patruus.

119 3895 195 3952 Licet
217 3904 303 3953 autern
326 3896 417 3956 eaden
441 3896 484 3953 die
507 3897 581 3969 passi
604 3894 717 3962 luerint,
739 3893 872 3950 ordinavit
893 3899 979 3951 tauron
1005 3893 1160 3967 Gregorius,

120 4000 149 4051 ui
167 3997 226 4069 ipsu
243 3995 288 4055 die
306 3997 449 4070 speelelius
468 3996 557 4066 deret,
576 4013 628 4069 uuo
648 3994 684 4051 ad
702 3995 826 4062 ollieiour,
846 3993 1011 4050 sollemnitas
1028 3993 1116 4060 Petri,
1136 4001 1163 4050 et

121 4099 148 4152 ln
167 4099 288 4171 sequenti
305 4097 348 4156 dio
368 4098 582 4156 commensuratio
597 4094 688 4164 Pauli,
712 4101 766 4151 ιιιι
784 4097 847 4167 quia
864 4109 898 4150 ea
916 4092 960 4150 die
979 4093 1028 4150 leil
1040 4093 1165 4151 dedicato

121 4198 236 4257 ecelesia
253 4201 339 4254 sancti
356 4191 442 4266 Petri,
460 4203 513 4253 tuur
531 4197 594 4272 qula
611 4199 696 4270 major
714 4203 756 4252 ost
774 4194 915 4270 dignitate,
934 4203 988 4252 tou
1007 4195 1070 4268 quia
1089 4195 1164 4268 prior

122 4301 311 4368 eonverslone,
332 4306 384 4356 tuns
403 4300 466 4374 quia
482 4297 619 4371 prinetun
637 4298 721 4354 tenuit
737 4291 843 4355 Romae.

540 4459 747 4476 m
