2866 5310
280 490 353 568 Cap.
374 487 491 549 CLXX.
533 485 578 548 De
601 496 699 546 taneto
722 487 881 550 Clemente.
1039 486 1098 552 iit

59 660 134 704 rnene
156 646 267 702 orbatae
292 653 368 712 stetit
390 665 439 706 nea
463 651 497 708 de
522 655 599 722 patre
625 651 667 706 rei
690 645 724 702 de
747 652 831 702 notre
856 645 897 702 roi
922 646 955 704 de
973 647 1099 704 iratriunt

59 747 169 820 ntiquod
188 746 309 805 iudiciuin
330 749 448 806 invenire
466 751 562 822 potuit.
597 747 658 819 dpee
674 754 760 803 antero
781 746 901 803 Glemona
921 747 1009 802 studio
1026 747 1099 803 titte-

60 862 148 902 rarutu
171 863 200 903 ee
223 849 335 904 eontulit
356 855 384 905 et
407 863 531 904 eurumunr
563 845 749 919 phiioeopiriao
781 847 882 918 apicem
914 844 1098 917 apprehendit.

61 944 239 1002 Desiderabat
255 954 341 1002 autern
360 946 529 1004 vehementer
547 953 575 1002 nt
590 943 712 1002 etudiore
729 946 889 1017 quaerebat,
915 947 1029 1018 quaiiter
1046 944 1098 1000 otini

61 1046 164 1100 aetnae
198 1046 378 1102 innonaiitae
411 1043 567 1118 persuadet!
595 1051 695 1115 poaeet.
736 1043 776 1100 Oh
802 1043 854 1100 boo
880 1044 1099 1116 phiioeopirorntn

61 1143 171 1200 aeneiae
186 1159 293 1215 temper
309 1145 401 1202 adibat
420 1151 447 1202 et
465 1144 609 1217 etquidem,
629 1142 701 1216 qood
718 1143 872 1198 inmortalia
890 1149 975 1210 estet,
994 1143 1100 1198 obtine·

62 1241 155 1310 heinr,
173 1242 317 1316 gaudebat,
336 1245 360 1300 ai
378 1243 484 1316 quande
503 1259 576 1310 reto,
594 1243 664 1315 quod
681 1243 800 1297 nonalis
819 1249 905 1310 eaeet,
922 1241 1102 1298 eonalndeha-

62 1348 120 1411 tor,
137 1345 222 1398 irietie
242 1342 407 1399 dieoedebat.
441 1342 560 1414 Denique
582 1357 640 1397 eun
659 1341 798 1398 Barnabae
814 1340 921 1398 Romen
939 1344 1056 1399 redieret
1073 1348 1102 1398 et

62 1439 137 1496 taen
163 1440 261 1496 cirini
285 1441 468 1511 praedicaret,
500 1440 656 1514 pitioeophi
687 1457 745 1498 eon
775 1449 906 1512 tanquan
930 1442 1050 1498 iueaoorn
1073 1446 1101 1497 et

62 1547 190 1596 enenieur
209 1539 375 1596 deridebant.
404 1537 483 1596 ,Unde
501 1547 528 1597 et
547 1541 664 1612 quiden,
681 1542 727 1614 qui
744 1539 884 1596 eeeundonr
904 1541 1031 1612 quondan
1051 1540 1103 1597 iuti

63 1638 183 1696 (deunana
202 1638 393 1710 philosophae,
416 1643 461 1712 qui
486 1655 544 1696 euru
568 1642 652 1711 prino
676 1643 747 1696 eieut
766 1639 812 1696 etii
838 1639 979 1696 deridebat
998 1642 1102 1714 atejus

62 1737 286 1810 praedieationern
309 1737 509 1805 eontenneitat,
541 1739 620 1795 taien
645 1741 826 1812 quaeationenr
848 1755 897 1811 pro
921 1738 1009 1796 derieu
1032 1738 1101 1796 dar·

62 1839 149 1894 nubae
168 1838 231 1894 teeti
247 1837 353 1900 dicent:
380 1853 436 1894 oum
454 1841 531 1894 ouiox
548 1838 645 1894 anina!
662 1841 700 1894 eit
716 1841 853 1912 exigente,
873 1839 935 1908 qnid
954 1844 1011 1906 eet,
1028 1839 1099 1911 quod

63 1951 111 1992 eet
129 1936 211 2008 pedea
228 1937 310 1994 habet
328 1943 355 1994 et
373 1939 482 2009 insuper
499 1939 558 1994 aine
575 1937 711 2010 poaeidet,
735 1937 845 2009 oiepiraa
862 1944 966 2004 antero,
989 1953 1046 1994 eoru
1065 1940 1103 1996 eit

63 2037 176 2092 inmane
193 2038 307 2105 animai,
331 2053 379 2096 nee
395 2038 453 2094 alae
471 2035 591 2110 possidet
608 2043 635 2094 ot
650 2043 750 2093 tanturn
767 2045 880 2110 quatuor
897 2036 980 2108 peden
998 2036 1102 2096 habeti

64 2133 113 2190 Coi
129 2135 283 2194 Barnabae:
306 2138 396 2205 etuito,
413 2147 475 2195 trree
493 2139 642 2210 quaestioni
661 2135 823 2208 respondere
840 2135 967 2208 prriaoiie
986 2153 1101 2208 poterin,

64 2235 89 2288 et
107 2236 226 2292 reritntie
243 2251 325 2293 onaan
345 2237 488 2294 diruendae
507 2252 635 2310 quaerere
654 2235 798 2303 ridererie,
819 2235 866 2292 aed
885 2251 954 2290 nono
973 2236 1006 2291 do
1024 2251 1101 2292 erea-

63 2335 131 2390 toria
150 2334 225 2390 rabie
245 2335 333 2393 dieere
350 2335 452 2408 aliquid
470 2335 612 2392 absurdunt
632 2341 687 2402 eet,
712 2350 771 2392 ortu
794 2350 811 2390 a
830 2335 905 2392 nobie
923 2341 1101 2394 oreuturerunt

64 2434 187 2492 eonditor
211 2436 361 2508 ignoratum
386 2437 449 2508 quio
467 2439 535 2492 enin
557 2441 704 2492 oreatorenu
727 2450 779 2490 non
803 2438 983 2509 oogooeeiite,
1000 2438 1100 2507 Jnetunt

64 2539 122 2602 eet,
145 2539 174 2590 ut
194 2537 222 2590 in
244 2535 374 2590 ereeturte
398 2537 503 2592 arretio.
538 2533 593 2590 flou
620 2532 726 2592 rorbnru
750 2534 825 2591 eordi
849 2534 991 2592 cionentte
1011 2535 1101 2607 phito-

62 2632 141 2704 eopiri
161 2633 238 2690 raide
256 2634 385 2704 iniraeeit,
409 2636 448 2690 ite
462 2633 539 2706 *quod
567 2631 644 2692 fideru
662 2633 762 2690 Christi
781 2637 924 2690 inetroetoe
945 2635 1104 2696 oBarnabt

64 2734 166 2803 reoepit
181 2739 209 2788 et
227 2735 253 2789 in
271 2732 400 2790 Jodeearn
417 2732 452 2789 ed
469 2733 572 2790 Petrum
591 2733 755 2804 poetuiodnor
774 2738 942 2806 properarit,
961 2750 1037 2806 quern
1055 2735 1101 2792 iiie

63 2830 97 2887 de
117 2829 169 2889 fide
186 2831 285 2888 Christi
304 2835 428 2889 iustruxit
444 2839 472 2890 et
485 2835 586 2892 unitate
599 2835 821 2891 inmortalitatem
835 2833 971 2891 evidenter
984 2834 1099 2892 edocuit.

63 2927 103 2986 Eo
120 2937 239 3003 tenpore
256 2933 352 3004 Syenen
371 2948 463 3006 nagor
482 2932 550 2989 duoe
571 2934 718 3004 dieeipnioe
741 2932 871 3002 habebat,
895 2921 999 2992 enitioet
1016 2938 1102 3009 Aqui·

64 3029 115 3085 ian
135 3037 162 3089 et
179 3029 312 3100 Niceten,
338 3033 383 3105 qui
402 3035 461 3104 eiua
481 3031 604 3090 iaiiaeiaa
622 3041 800 3106 agnoscentee
817 3047 875 3090 eun
893 3035 1056 3107 reliquerunt
1074 3043 1102 3093 et

62 3130 98 3187 ad
122 3131 227 3188 Petrum
251 3131 427 3206 confugerant
454 3137 481 3189 et
503 3135 563 3206 elne
581 3134 706 3208 dieeipuii
723 3143 785 3192 eunt
802 3134 899 3192 effecit.
934 3133 1103 3192 Conantem

63 3230 157 3288 Petrae
175 3232 332 3290 Cieurentare
351 3230 384 3287 de
401 3247 451 3302 tua
468 3234 663 3307 interrogasset
684 3237 829 3308 progente,
855 3236 914 3300 iile,
938 3233 1003 3307 quid
1026 3239 1101 3292 ruetn

63 3338 92 3388 et
108 3330 235 3386 [retribue
255 3338 282 3388 et
299 3333 368 3402 patri
385 3330 527 3400 aaotdnrit,
546 3333 728 3404 perordinem
747 3336 883 3390 enarravit
899 3333 1010 3403 attens,
1029 3336 1100 3408 quot

63 3428 207 3497 eradebat,
231 3428 302 3501 quod
319 3437 403 3486 nater
419 3443 477 3486 tour
495 3431 622 3488 [retribue
642 3434 668 3490 in
685 3436 750 3490 nari
771 3436 923 3504 pertinent,
944 3441 1021 3505 peter
1040 3451 1102 3491 rero

64 3536 111 3585 eut
140 3545 259 3586 noerore
287 3535 334 3586 ant
361 3529 484 3586 einiiiter
514 3531 655 3603 naufragio
689 3534 843 3589 intertiaeet
886 3533 962 3596 Quod
990 3533 1102 3590 audiena

64 3629 158 3687 Petrae
182 3630 311 3700 iterpreaa
334 3631 470 3686 continere
493 3645 544 3684 non
563 3632 656 3700 potuit.
692 3629 809 3696 Quadam
828 3638 914 3688 auteur
933 3634 991 3688 rioe
1007 3633 1102 3692 Petroe

64 3744 122 3786 eon
140 3728 280 3800 dieaipulia
297 3729 354 3783 auia
376 3727 571 3800 ¹)Aniandruar
590 3735 616 3786 et
629 3728 690 3786 iude
708 3731 742 3784 ad
760 3729 871 3786 ioeoiare
885 3748 932 3802 per
945 3747 992 3788 eeu
1006 3733 1103 3790 niiiia-

65 3834 105 3886 ria
119 3829 273 3896 distenten,
292 3829 318 3883 tn
337 3843 390 3900 qua
408 3828 663 3890 Mnaidiananuater
680 3829 821 3888 clementie
839 3831 1004 3902 morabatur,
1022 3836 1102 3902 veuit.

64 3929 110 3986 uiri
124 3927 252 4002 quaedam
268 3928 404 3984 oolonnae
419 3931 551 3998 ²)ritreae
564 3931 645 3987 roim
655 3928 845 4002 nupnitudtnia
856 3939 939 3988 erant
959 3932 1032 3997 Quae
1045 3949 1101 3990 eun

64 4029 158 4086 Petrae
178 4045 234 4084 onrn
252 4030 366 4084 eaeterIe
385 4029 534 4098 niteretur,
555 4030 649 4088 rident
667 4032 751 4101 ipeern
769 4029 968 4100 neudioanten,
987 4049 1034 4090 aar
1050 4049 1102 4090 non

65 4131 155 4202 potius
166 4129 222 4184 eoie
232 4127 351 4183 nentina
365 4135 531 4201 operaretur,
544 4132 698 4201 inorepaoit.
728 4129 802 4194 Quae
817 4132 970 4204 respondit:
987 4137 1104 4206 epeoiont

64 4235 181 4296 tanton,
207 4227 326 4296 donnino,
352 4228 437 4285 itabeo
464 4245 600 4298 nonaum,
627 4245 695 4303 qnae
718 4233 784 4288 rneie
810 4233 851 4288 ein
868 4239 930 4288 eunt
947 4233 1104 4293 debilitatae

114 4384 137 4438 i)
150 4383 192 4428 at.
205 4387 241 4429 Pr.
256 4383 323 4435 legite
342 4397 403 4428 euru
420 4381 584 4439 dieoipulie
603 4383 665 4428 auia
682 4383 841 4430 Anteradie
857 4392 886 4430 et
904 4387 997 4432 iubae
1010 4387 1045 4432 ed
1060 4396 1103 4435 eto.

63 4451 110 4500 tiit
121 4452 173 4500 tooo
184 4451 249 4500 rooie
262 4452 444 4500 antandron
458 4451 567 4498 odoranti
580 4453 769 4504 antaradum.
793 4455 817 4510 2)
829 4453 1102 4512 leocadioeriititmtn
