2798 5302
308 466 349 530 56
391 470 463 549 Cep.
486 471 535 528 ix.
578 471 623 530 De
644 477 741 528 sencio
761 468 894 528 lohenne
914 468 1045 547 eposioio
1063 476 1093 526 et
1113 465 1299 544 evengelista.

309 641 376 683 inrirn
392 630 418 682 in
436 625 515 685 besto
533 627 682 701 Stephano,
718 626 857 685 secundom
876 629 902 682 ln
926 626 1004 684 beato
1022 625 1159 695 dolensis,
1193 629 1298 684 tertione
1317 627 1341 682 ir

309 725 497 784 innocentibus,

725 925 937 950 mv

741 1184 839 1280 iii.
872 1183 931 1280 ii.

406 1357 481 1428 lie
508 1354 672 1426 saneto
703 1351 933 1428 Jolrnrrrre
962 1353 1177 1441 apostolo
1205 1359 1257 1431 ct

665 1467 984 1562 evangeliste.

339 1689 344 1697 ,
380 1631 515 1691 lolrsnnes
533 1637 719 1706 interpretetur
734 1633 783 1690 llel
800 1635 905 1707 gretie,
932 1636 1020 1691 rolin
1038 1643 1149 1708 nocent
1165 1637 1271 1709 gnos,
1303 1635 1342 1692 roi

315 1736 356 1789 eni
375 1734 497 1791 donstetn
518 1740 573 1800 est,
604 1732 645 1788 rel
663 1735 705 1788 ori
724 1731 831 1789 donetis
849 1748 866 1791 n
882 1733 939 1791 llso
960 1735 1031 1792 iscis
1045 1743 1096 1792 est
1129 1735 1181 1792 Per
1199 1735 1250 1791 ltoc
1267 1733 1343 1790 irtel·

315 1835 433 1907 ligentur
447 1831 483 1890 it'
501 1831 657 1906 privilegia,
693 1847 761 1904 quse
786 1831 889 1889 inenrnt
910 1836 938 1890 in
954 1835 1033 1892 insto
1049 1833 1179 1893 loisnne.
1233 1833 1344 1890 Prinrn

315 1939 356 1989 eet
374 1935 518 2006 praecipuo
534 1929 632 1989 Christi
649 1931 764 1988 dilectio.
799 1930 919 1989 Christus
937 1938 1005 1990 enirn
1023 1949 1087 2008 pree
1104 1935 1218 1990 caeteris
1236 1941 1343 2005 sposto-

316 2032 350 2088 lis
367 2049 424 2088 enin
444 2030 537 2087 dilexit
551 2035 579 2087 st
594 2032 696 2105 majore
711 2031 860 2089 dilectionis
877 2036 905 2088 et
923 2032 1109 2091 lernilieritstis
1127 2035 1206 2108 signs
1221 2033 1346 2090 ostendit.

315 2129 350 2188 Et
367 2131 428 2189 inde
446 2132 541 2188 dicitnr
558 2129 606 2188 llsl
629 2135 732 2205 gretie,
768 2135 830 2200 nnis
853 2132 957 2188 donnino
983 2137 1126 2207 petisses.
1176 2131 1263 2190 iltioni
1287 2132 1346 2205 plus

315 2229 395 2288 Petro
411 2234 496 2303 ipsunt
512 2229 638 2288 dilexisse
655 2231 766 2289 ridetur.
806 2230 859 2287 Sed
877 2237 918 2287 est
934 2231 1041 2289 dilectio
1059 2235 1138 2289 mirri
1154 2241 1181 2288 et
1198 2233 1279 2305 signi
1312 2229 1348 2288 Bt
1372 2281 1375 2285 .

317 2329 372 2397 ille,
392 2345 460 2402 pono
478 2338 520 2388 est
535 2331 615 2406 signi,
633 2329 730 2403 duplex
748 2336 798 2386 eet.
838 2327 894 2386 iinn
913 2347 983 2404 pros
998 2335 1117 2388 comui
1132 2335 1160 2387 ln
1180 2332 1347 2388 lernilitrite·

316 2430 352 2484 tls
370 2432 538 2497 ostensione,
572 2437 600 2486 ct
616 2429 670 2484 alle
693 2431 720 2484 in
742 2429 925 2487 derelictorum
943 2431 1112 2488 exhibitione.
1165 2429 1295 2496 Quantum
1314 2431 1347 2486 ed

318 2531 427 2599 prino·
448 2536 585 2602 ntrurnqce
600 2529 748 2602 aequaliter
764 2529 872 2599 dilexit,
908 2535 1031 2605 proniore
1048 2530 1082 2586 ed
1100 2530 1258 2600 secundun,
1290 2531 1349 2602 pios

318 2626 479 2696 inionem,
503 2633 625 2701 proniore
643 2627 676 2684 ed
695 2632 799 2686 teriion
817 2631 877 2704 plus
893 2631 1006 2689 Peirrrt.
1041 2629 1186 2686 Seoendorn
1204 2633 1350 2694 coturnis

318 2731 490 2800 incorruptio,
512 2730 575 2800 qnia
592 2732 668 2801 ringo
688 2728 825 2786 edonino
839 2736 885 2786 cst
901 2731 1000 2786 eleetos
1017 2733 1044 2786 st
1060 2728 1120 2785 lodo
1137 2728 1241 2797 dicitnr,
1260 2733 1287 2785 in
1297 2744 1350 2801 qno

319 2834 361 2884 est
378 2832 473 2901 gratie.
508 2827 537 2885 le
556 2830 615 2900 ipso
634 2831 700 2884 emin
720 2828 770 2885 icit
787 2833 875 2904 gretie
890 2829 1033 2903 pudicitiae
1051 2829 1204 2902 virginalis,
1236 2826 1305 2888 unde
1324 2835 1351 2884 ot

320 2926 353 2984 de
371 2931 468 3000 nuptiis
486 2927 577 2985 rolens
595 2928 693 2984 nubere
710 2943 728 2986 e
745 2929 850 2987 dns-ino
872 2937 981 2986 rocetos
1002 2929 1062 3003 trit
1110 2926 1227 2985 Tertium
1245 2935 1288 2984 est
1306 2942 1352 2984 se-

264 3047 265 3050 *
318 3035 447 3085 cretenenr
465 3025 601 3084 revelatio.
634 3025 668 3084 in
684 3027 745 3086 inde
762 3028 869 3096 dieitur,
888 3031 930 3085 cui
948 3029 1070 3084 donatore
1088 3033 1137 3084 est
1170 3026 1262 3084 Bidens
1281 3029 1349 3084 seire

319 3128 441 3184 donatori
460 3135 510 3196 cst,
529 3125 609 3182 multe
626 3133 730 3184 secreto
747 3134 774 3185 st
789 3127 920 3199 protende
939 3143 1028 3195 nosse,
1044 3130 1110 3182 sicin
1125 3127 1263 3184 divinitste
1277 3127 1352 3184 renisi

320 3232 348 3283 et
363 3229 583 3284 conuersatione
598 3229 706 3286 saecoli.
746 3226 871 3295 Qrsnnrn
888 3235 930 3285 est
946 3230 1036 3286 nstris
1054 3225 1101 3284 ilci
1119 3225 1350 3294 murrinis,

321 3332 348 3382 et
364 3325 425 3382 inde
443 3326 537 3384 dicture
555 3335 605 3396 est,
623 3331 664 3384 nni
681 3327 788 3384 donello
807 3328 944 3384 recteest.
990 3325 1105 3383 lilsrinss
1122 3329 1190 3382 enirn
1208 3326 1316 3383 donello
1334 3341 1353 3380 s

321 3425 425 3482 donnino
442 3433 503 3483 tono
520 3427 604 3485 sidero
622 3428 693 3484 lecte
709 3435 766 3496 est,
803 3426 908 3501 quando
932 3431 1017 3483 resur
1041 3425 1087 3483 liei
1111 3428 1139 3483 iri
1153 3427 1211 3498 rjus
1230 3421 1354 3482 custodio

300 3601 302 3605 ,
320 3524 419 3581 dorsete
436 3535 484 3584 est.
509 3526 575 3601 Binis
593 3533 673 3586 nitens
690 3529 797 3588 ldiletrs
816 3525 966 3583 Lsodiosee
982 3519 1120 3598 episcopos
1136 3527 1253 3597 scripsit,
1273 3539 1352 3598 qosrr

323 3623 449 3682 istisne
473 3629 500 3684 in
524 3629 592 3688 itero
615 3630 649 3686 de
674 3635 732 3687 ortr
751 3633 778 3686 st
796 3630 852 3684 rite
869 3625 912 3683 rol
928 3624 1003 3681 obito
1019 3633 1164 3681 suciorors
1182 3629 1284 3697 petroio
1302 3623 1353 3681 ols-

321 3724 460 3783 breviarii.
525 3773 526 3776 ,

389 3832 418 3885 1.
437 3825 571 3886 Joheooes
588 3831 725 3901 apostolos
742 3837 769 3886 ei
785 3827 950 3900 evengelista
968 3825 1076 3882 dilectos
1093 3822 1225 3880 edonino
1236 3827 1352 3900 stringo

322 3925 421 3983 electos
444 3932 505 4000 post
527 3925 718 3985 Pentheoosten
740 3929 833 3984 dirisie
850 3925 981 3999 spostolis
997 3927 1024 3980 in
1036 3925 1128 3982 enirn
1146 3929 1189 3981 est
1204 3923 1351 3996 proiectos,

212 4095 216 4106 Ι
322 4025 367 4082 obi
390 4026 516 4082 ecclesias
540 4027 635 4084 noltes
658 4027 783 4086 [ruderit
835 4025 998 4083 llornitirnrs
1022 4026 1101 4098 igitrr
1125 4027 1269 4096 inperator
1284 4025 1353 4096 clos

322 4124 472 4200 intelligens
490 4127 585 4183 lenens
602 4131 756 4183 recensitum
774 4142 832 4182 eorrr
849 4129 876 4182 in
893 4124 990 4181 delient
1007 4124 1128 4182 ierrmtls
1147 4123 1201 4181 olel
1218 4129 1279 4180 onie
1290 4137 1354 4195 por·

322 4233 375 4281 tert
392 4227 500 4283 iotinnn
518 4229 583 4283 nitti
600 4228 690 4301 lussit,
708 4225 754 4284 ilie
771 4233 856 4282 roten
874 4223 935 4281 inde
951 4225 1016 4282 exiit
1033 4223 1154 4291 illusos,
1173 4225 1242 4279 slent
1260 4237 1277 4277 e
1293 4237 1353 4278 cor-

322 4327 442 4398 ruptione
460 4329 547 4382 urnis
565 4331 704 4384 exstiteret
720 4326 847 4382 eliseos·
877 4323 976 4381 Videris
993 4325 1074 4396 igiter
1087 4324 1246 4394 impertior,
1281 4321 1352 4395 qood

322 4439 368 4482 nec
387 4428 424 4482 sic
444 4441 461 4482 e
479 4425 675 4499 preedicstions
693 4425 850 4493 desisteret,
869 4439 926 4480 sorr
945 4425 973 4480 in
990 4421 1113 4486 Poliones
1127 4421 1239 4478 insolerr
1258 4424 1285 4477 ir
1304 4437 1352 4478 er·
