2984 5302
96 535 97 540 κ
152 500 224 580 Cap.
247 498 349 558 cxix»
365 547 366 550 ,
384 499 429 559 De
451 499 625 560 assumtione
646 501 890 566 tuucteerddcriac
913 501 1038 581 uirginis.
1079 502 1142 568 525

101 668 180 716 'taum
205 658 270 715 rtttt
291 662 493 734 curruptionem.
540 660 656 718 sscocbet
679 667 765 717 autem
790 659 839 716 uu
865 662 1018 730 camanum,
1044 663 1142 722 iontem

109 759 290 828 intercisum,
308 776 400 835 ugrum
419 763 561 829 inaratam,
579 763 680 818 vineam
698 776 750 816 nnn
768 762 918 834 irrigatam,
937 762 1032 818 nitram
1051 764 1143 820 tructi-

109 859 191 916 teram
207 866 297 918 tcrrae
320 864 421 934 grenio
444 877 496 916 nou
523 862 615 918 terami.
649 860 744 917 liecuit
761 872 869 918 matrem
890 842 979 920 u'itio
996 864 1141 930 uruttimori.

109 969 137 1016 ut
153 960 188 1016 ad
205 964 290 1032 iprum
308 959 467 1028 adscendet,
492 963 561 1017 sicut
575 961 613 1017 'ad
635 962 718 1032 ipsam
744 960 934 1036 descenderat,
960 969 1003 1031 ut,
1029 969 1142 1037 quaein

97 1045 186 1132 partu
205 1065 322 1118 uerterit
339 1063 529 1134 virginitatem,
553 1068 616 1133 poet
639 1041 749 1116 montem
771 1076 868 1133 corpur
893 1078 945 1118 ncu
973 1062 1063 1122 uideat
1081 1081 1140 1122 cor-

109 1162 271 1232 ruptionem,
290 1166 317 1217 et
334 1177 402 1234 quac
420 1169 566 1218 creatorem
584 1163 701 1234 portarit
720 1163 746 1218 in
764 1163 838 1228 niun,
857 1163 883 1216 in
902 1161 999 1218 diuinis
1015 1166 1141 1222 taberna-

109 1263 176 1318 onlie
192 1269 380 1330 commoretur,
402 1268 430 1319 et
451 1276 528 1334 quam
546 1268 623 1333 puter
638 1262 810 1333 desponsavit
826 1265 853 1317 in
871 1278 1010 1333 sponsam,
1034 1267 1061 1321 iu
1078 1283 1140 1324 coc-

85 1356 86 1360 ’
109 1361 221 1417 testibus
245 1359 368 1418 thalamis
393 1369 565 1418 conservetur
588 1368 615 1418 et
636 1375 654 1416 a
672 1367 769 1430 matre,
794 1377 862 1434 quac
884 1369 946 1418 aunt
965 1363 1028 1432 titii,
1052 1369 1136 1437 poeri-

90 1462 230 1528 ¹deantur.
263 1461 335 1519 itanc
358 1463 544 1518 Damascennu.
580 1461 691 1518 Sanctus
716 1479 821 1535 quoquc
838 1465 1001 1536 Augustinus
1021 1467 1048 1520 tn
1073 1483 1136 1538 quo-

109 1561 166 1617 dam
185 1577 305 1618 cernone
323 1562 382 1636 ejue
399 1563 602 1618 sacrationum
619 1565 804 1619 assumtionem
829 1563 1008 1634 multipiiciter
1024 1568 1141 1623 ostendit

109 1663 215 1744 dicaam
232 1664 265 1720 do
282 1665 450 1719 sanctissimo
468 1678 580 1734 corpore
604 1670 746 1736 perpetuae
773 1665 884 1736 uirginis
910 1665 1020 1737 ejusque
1034 1682 1140 1724 ¹numae

109 1765 210 1820 animae
232 1745 489 1836 assumticncioqui
512 1765 688 1835 succipientes
713 1762 763 1820 hoo
785 1765 894 1835 primum
916 1765 1041 1834 dicimur,
1069 1769 1140 1842 quod

109 1868 135 1922 tn
151 1866 306 1936 ucripturiu,
331 1871 550 1936 postquamrcam
572 1863 692 1920 dotuious
716 1867 742 1921 iu
762 1880 841 1921 cruce
861 1865 993 1938 discipulo
1010 1883 1140 1926 commcn-

108 1969 196 2035 darit,
213 1953 279 2022 nihii
296 1965 330 2022 do
348 1979 381 2021 ea
397 1967 543 2038 reperitur,
561 1966 744 2038 praeterquam
763 1965 833 2037 qnod
845 1963 937 2021 ‘Lucae
957 1961 1140 2026 commemorat
1176 1954 1177 1957 ¹

108 2074 134 2124 in
152 2068 254 2124 actibue
272 2065 375 2122 dicent:
394 2065 423 2122 tut
439 2082 530 2122 omnm
547 2075 623 2124 eraut
640 2071 840 2138 pomcterantee
858 2069 1014 2122 unanimiter
1033 2070 1059 2124 iu
1077 2085 1139 2125 ora-

108 2171 180 2224 tioue
200 2179 257 2223 cnm
279 2165 365 2222 Maria
389 2173 470 2222 matre
486 2166 560 2224 Jeeu.
596 2166 664 2230 tiuid
680 2181 746 2240 ergo
765 2165 798 2222 de
816 2173 915 2235 morte,
939 2167 1003 2238 qnid
1026 2169 1058 2226 de
1080 2173 1139 2243 cjuc

107 2271 268 2326 assumtione
280 2266 415 2324 dicendum
428 2267 490 2322 eut?
508 2265 582 2323 Unde
594 2269 726 2338 scriptura
738 2266 775 2321 nii
787 2273 979 2336 conmemorat,
991 2271 1043 2324 uiui
1057 2287 1139 2344 quae·

107 2371 354 2436 renumeratione,
383 2367 445 2440 quid
468 2369 616 2423 consentiat
638 2368 752 2422 ueritati.
786 2365 846 2422 Fiet
870 2383 936 2442 ergo
958 2371 1018 2440 tpaa
1040 2375 1140 2427 ueritas

84 2473 268 2538 nouorum,
293 2470 352 2524 cine
376 2469 429 2543 qua
453 2483 501 2525 uec
525 2467 595 2524 natet
619 2470 772 2524 auctoritas.
807 2465 939 2524 Mentorea
971 2472 1054 2544 igitur
1077 2487 1140 2528 con·

108 2571 214 2626 ditionis
239 2569 367 2625 iumento
389 2577 498 2626 mortem
522 2569 593 2625 ittam
623 2569 741 2625 cubitare
770 2570 940 2640 temporalem
968 2571 1058 2630 dicere
1086 2589 1140 2630 nou

107 2674 259 2738 metuimus,
277 2671 325 2726 ced
343 2671 367 2724 ai
385 2670 494 2726 dicimur
514 2684 570 2726 eam
589 2668 731 2725 resolutam
749 2671 776 2725 tn
792 2683 949 2728 communem
967 2673 1139 2745 putredinum,

108 2785 219 2829 acumem
238 2785 270 2828 ec
288 2772 417 2839 cinerem,
435 2769 633 2828 deliberandum
651 2777 708 2838 est,
732 2771 757 2824 et
774 2776 863 2828 tantae
883 2774 1021 2830 conueniat
1038 2777 1137 2830 ranuti-

107 2877 169 2940 tatt,
194 2878 285 2928 tantae
309 2871 386 2928 auiae
408 2870 457 2928 Det
480 2874 693 2944 praerogativae.
728 2870 830 2928 Seimue
855 2875 922 2928 enim
942 2873 1037 2929 dictum
1056 2877 1140 2946 primo

107 2976 223 3048 parenti:
246 2973 309 3045 quia
334 2972 421 3044 putria
446 2987 491 3039 ee,
516 2977 543 3029 et
564 2974 591 3026 in
615 2972 746 3043 putrerem
771 2973 833 3030 thie.
867 2973 939 3028 Hauc
963 2972 1139 3031 conditionem

105 3091 168 3131 caro
192 3073 290 3130 chricti
315 3075 417 3141 euenit,
448 3088 518 3146 quae
544 3075 738 3145 corruptionum
762 3088 814 3128 uun
837 3076 969 3130 ennuuatt.
1004 3073 1141 3146 Excipitur

106 3193 171 3249 ergo
190 3175 224 3231 eb
242 3175 288 3230 itte
305 3175 427 3247 generati
443 3175 576 3231 sententia
599 3173 632 3230 de
657 3174 760 3247 virgine
785 3182 871 3231 rumtu
894 3181 997 3230 nutura.
1031 3175 1140 3232 Mulieri

106 3293 210 3350 quoque
227 3275 348 3332 dominun
366 3274 446 3330 dixit:
465 3273 645 3346 multiplicatio
659 3289 798 3330 aerumnae
809 3283 879 3343 tuoe,
898 3274 1027 3331 indolere
1040 3279 1138 3349 parier.

104 3382 261 3436 Aonimnam
277 3374 521 3443 Martinianum,
539 3375 614 3447 cujue
631 3375 742 3431 animam
760 3375 867 3449 gladius
884 3378 1067 3449 pertransivit,
1090 3377 1139 3433 ted

104 3481 162 3536 tinc
186 3477 280 3534 dolore
304 3477 411 3550 annuit,
436 3474 623 3549 martinengo,
650 3478 698 3532 otei
717 3479 890 3532 communicat
907 3479 1038 3535 aerumnie
1055 3475 1137 3545 Erae,

103 3596 156 3635 non
173 3585 260 3634 tarum
276 3577 447 3632 communicat
471 3573 640 3650 parturiendo
658 3592 715 3632 cum
739 3576 841 3634 dolore.
875 3576 1014 3650 Excipitur
1037 3592 1138 3653 ergon

104 3677 259 3753 quibusdum
276 3676 459 3751 generalibus,
484 3691 559 3748 quam
578 3684 652 3734 tauta
668 3678 767 3733 attollit
782 3677 921 3751 dignitatie
939 3681 1136 3752 praerogativa

104 3781 133 3836 St
157 3796 222 3853 ergo
241 3778 338 3834 dicitur
358 3785 466 3834 mortem
484 3776 617 3847 cubitare,
640 3793 688 3836 nec
705 3786 791 3835 taruco
809 3779 920 3835 uincutiu
938 3779 997 3850 ejun
1018 3782 1136 3849 retineri,

103 3879 227 3954 numquid
246 3880 349 3952 impium
369 3881 435 3946 erit,
458 3881 480 3934 et
505 3879 590 3934 notuit
616 3877 686 3935 licus
706 3881 867 3953 ¹)tntcgrum
885 3881 976 3936 matrie
995 3881 1132 3954 uirginita-

101 3985 137 4038 ttr
165 3995 275 4038 terrare
299 3976 449 4051 pudorem?
490 3979 543 4035 (iun
568 3995 621 4036 non
647 3979 711 4036 teitt
738 3981 916 4052 incorruptum
946 3997 963 4040 e
987 3983 1136 4054 putredtate

101 4097 210 4140 serrare
232 4081 357 4138 tectore?
396 4077 525 4154 Numquid
551 4095 604 4136 uon
626 4082 740 4153 pertinet
763 4080 798 4136 ad
824 4079 1014 4154 benignitatem
1037 4082 1136 4139 domiui

101 4185 192 4240 matria
209 4197 318 4240 terrere
338 4179 481 4247 honorem,
495 4197 567 4253 quae
584 4179 669 4254 logum
688 4181 792 4238 soluere
810 4197 861 4236 uun
880 4167 1002 4251 uenerat,
1020 4182 1069 4240 aad
1087 4183 1135 4250 ad·

101 4283 217 4357 implere.
253 4283 302 4348 tint
321 4283 387 4339 cuim
406 4283 432 4337 tn
451 4284 506 4339 nita
522 4296 587 4354 prae
605 4284 719 4339 caeteris
741 4282 812 4339 ittam
830 4284 918 4357 gratie
935 4284 978 4338 rui
994 4277 1135 4355 acrumptitt

100 4417 494 4433 Ἥ.-

149 4498 503 4554 amiralmumminin
518 4505 638 4544 matrem
655 4497 847 4554 virginitatit
861 4505 904 4543 etc.
