2828 5302
255 473 258 478 Ι
314 498 375 560 iis
580 497 653 580 Cap.
676 498 790 559 xxxii.
829 497 875 558 De
896 497 1082 579 nonagesima.
1131 561 1132 564 Ἴ

315 676 363 732 ner
387 659 562 731 poenitentiae
587 672 683 730 opera,
718 655 811 714 deinde
837 655 948 713 viriliter
969 658 996 712 ln
1018 671 1105 731 agone
1130 661 1230 730 'regnet
1252 663 1344 713 eontra

315 760 402 814 omnia
419 755 525 830 dyaboli
540 763 708 825 tonmmenta,
724 762 751 813 ei
769 758 792 811 ei
811 753 861 812 boo
878 753 979 825 iecerit,
996 756 1093 828 triplex
1109 752 1343 828 praemlanbabe-

315 857 370 926 inii,
406 861 469 930 qnia
483 855 616 912 laboranti
633 857 739 912 dabitur
755 855 893 922 denarina,
926 856 1040 911 currenti
1055 853 1189 919 brariom,
1214 856 1342 926 pugnanti

313 971 422 1024 corona,
442 958 597 1030 quinetiam
614 953 688 1014 Lxx
706 953 838 1027 eignibeai
853 958 955 1024 tempos
974 961 1080 1011 nostrae
1090 953 1262 1024 captivitatie,
1279 967 1342 1022 pro·

313 1059 419 1129 ponitur
436 1055 512 1112 nobie
533 1054 687 1119 remedium,
722 1067 769 1124 prr
785 1050 855 1124 qnod
871 1065 889 1106 a
905 1053 1057 1123 captivitate
1074 1052 1206 1125 poeninae
1223 1049 1343 1114 liberari,

312 1155 413 1212 seilicet
429 1171 476 1227 per
492 1169 594 1210 aonam
614 1151 754 1226 largiendo,
791 1164 967 1224 permagnam
990 1149 1161 1224 proeliando,
1195 1166 1245 1222 per
1261 1148 1342 1206 dena-

311 1257 375 1310 rinna
393 1251 551 1311 redimendo.

693 1726 788 1824 til.
826 1723 959 1823 iiiii.

612 1880 687 1950 De
720 1875 1039 1969 sexagesima.

395 2039 567 2115 Senagoatna
583 2042 720 2100 inoloator
735 2044 762 2097 in
780 2041 924 2108 doninloa,
943 2043 969 2096 ln
988 2053 1040 2112 qua
1054 2042 1188 2094 matrim:
1213 2049 1341 2108 exsurge.

310 2156 392 2214 qnare
409 2140 542 2196 obdormis
557 2140 675 2211 domine,
700 2147 728 2200 et
742 2141 897 2198 terminatur
912 2141 938 2193 tn
957 2145 1051 2212 qnaria
1068 2137 1135 2193 laria
1151 2139 1214 2209 poet
1229 2132 1340 2207 parelia.

309 2240 431 2296 lnntitata
448 2245 490 2295 eat
504 2246 592 2294 auten
614 2247 723 2313 propter
744 2239 928 2296 redemtionem
954 2243 981 2294 et
998 2244 1107 2309 propter
1122 2234 1340 2308 significationem

310 2344 338 2394 et
353 2345 462 2409 propter
478 2341 754 2409 repraesentationem.
785 2336 897 2409 Propter
915 2334 1108 2400 redemtionem,
1127 2335 1249 2408 qnoniam
1268 2329 1339 2387 blel-

309 2435 417 2492 oiladea
435 2451 505 2510 napa
522 2443 549 2492 et
564 2435 659 2494 beator
677 2437 805 2494 Sllreeter
822 2423 979 2505 'statuerunt
996 2443 1024 2492 nt
1041 2435 1082 2492 bia
1101 2438 1127 2490 tn
1144 2433 1213 2488 omni
1223 2427 1338 2486 sabbato

309 2534 504 2603 comederetur,
523 2551 556 2590 ne
574 2539 683 2608 propter
699 2534 897 2603 abstinentiam,
922 2551 999 2609 qoam
1016 2533 1134 2590 homines
1150 2532 1339 2592 abstinuerant,

309 2635 337 2689 in
355 2639 431 2690 araia
447 2632 528 2701 lario,
546 2636 572 2689 in
590 2649 644 2708 qna
661 2635 863 2707 omnitempore
877 2635 1048 2708 jejunandam
1063 2638 1113 2699 eat,
1131 2621 1226 2687 natura
1241 2625 1335 2684 debili·

308 2737 417 2788 taratra.
468 2729 498 2787 ln
520 2729 704 2790 redemtionem
728 2749 794 2808 ergo
820 2732 988 2790 sabbatorum
1010 2733 1082 2790 illlae
1112 2729 1238 2802 umporia
1258 2741 1338 2782 onarn

308 2833 478 2904 septimanam
496 2831 545 2888 XL
562 2832 720 2888 addiderant
737 2837 763 2888 et
778 2834 969 2904 sexagesimam
988 2834 1155 2889 roeareroot.
1189 2826 1251 2884 ‚illa
1268 2827 1340 2882 ratio

309 2938 351 2987 eat
369 2937 477 3003 propter
494 2932 725 3005 significationen,
760 2932 882 3004 quonian
904 2933 1070 3005 eoxagaalma
1087 2925 1218 3002 algniieai
1234 2931 1339 2998 tempu

309 3029 444 3085 ridaitatle
461 3030 589 3088 eooiealae
607 3037 633 3087 oi
649 3045 792 3088 moerorem
810 3029 881 3086 illine
898 3047 947 3102 pro
963 3029 1123 3085 abstinentia
1139 3025 1247 3097 eponai,
1269 3039 1337 3098 qno-

309 3129 379 3184 niam
399 3126 498 3184 inciae
513 3133 695 3204 aexageeimoa
711 3129 824 3185 debetur
840 3128 935 3184 ridale.
951 3127 981 3184 ln
991 3124 1195 3183 correlationem
1205 3131 1293 3181 utem
1301 3123 1335 3180 il·

309 3226 361 3282 lioe
375 3242 423 3298 oro
436 3227 665 3300 elaeomeponai,
674 3227 855 3300 quiadeoeloa
867 3233 958 3299 raptor
970 3234 1020 3292 ear,
1028 3221 1337 3294 danioreooiealaedaae

307 3325 384 3393 alae,
420 3327 521 3383 eeilioei
536 3341 585 3383 aaa
602 3343 717 3399 opernm
727 3325 921 3383 miaerloordiae
934 3325 1089 3381 exorbitatio
1106 3326 1133 3378 et
1146 3321 1269 3395 decalogi
1287 3323 1338 3378 iar·

308 3422 400 3495 nietio,
417 3425 486 3482 unde
502 3429 671 3499 sexagesima
687 3429 765 3481 nonai
781 3425 868 3483 eeniee
886 3425 991 3491 decem,
1009 3429 1039 3479 at
1056 3438 1104 3494 ner
1119 3436 1168 3478 rex
1183 3421 1337 3495 intelligam-

306 3529 413 3579 tar-oex
432 3537 515 3595 opera
532 3523 736 3592 misericordior,
756 3538 806 3596 per
822 3523 910 3580 droam
927 3522 1070 3596 decalogo·
1079 3519 1250 3594 intelligatur.
1268 3517 1338 3578 'ler-

307 3623 346 3676 tia
362 3624 431 3676 ratio
448 3627 489 3678 eat
506 3630 615 3695 propter
630 3623 823 3690 redemtionem,
841 3638 899 3678 nam
915 3623 1084 3696 nonagesima
1094 3633 1146 3675 non
1157 3617 1338 3694 oolnrealgnl-

307 3720 369 3776 ileai
390 3727 491 3792 tempue
516 3721 665 3788 ridnitaiie,
703 3721 752 3778 red
776 3725 855 3778 etiam
877 3723 1019 3778 minterirna
1042 3725 1148 3776 nostrae
1166 3717 1337 3775 nde-nonin

308 3824 504 3889 repraesentat,
539 3835 599 3876 narr
622 3835 671 3893 per
693 3818 781 3877 deoem
804 3817 961 3895 intelligitur
982 3818 1075 3887 bomo,
1109 3821 1155 3890 qni
1176 3823 1218 3874 eoi
1235 3817 1338 3876 derina

307 3915 434 4004 dragma,
459 3933 492 3973 eo
510 3918 580 3990 qnod
597 3917 682 3976 laetor
700 3921 750 3988 eit,
780 3926 810 3975 at
826 3921 927 3976 rolmara
945 3933 1038 3976 aorem
1054 3915 1172 3974 ordinem
1188 3923 1337 3988 repararet.

308 4013 356 4073 Vel
373 4015 530 4090 intelligitur
546 4033 594 4089 per
610 4017 715 4086 decem,
733 4033 766 4075 eo
782 4017 854 4092 qnod
870 4024 975 4075 oonabt
995 4033 1029 4074 ea
1045 4021 1169 4090 qoattaor
1182 4012 1336 4072 bonoribaa

307 4121 431 4186 qnantum
447 4114 482 4171 ad
496 4131 608 4188 eorpaa,
632 4123 660 4173 et
676 4115 757 4174 babet
769 4119 829 4175 trea'
842 4119 974 4191 boiemiae
990 4119 1018 4172 in
1034 4116 1136 4182 aalma,
1163 4113 1264 4170 oellloei
1280 4129 1335 4171 ne·

308 4215 429 4281 moriam,
447 4213 645 4287 intelligentiam
659 4222 690 4272 ei
706 4216 881 4284 rolnniaten,
898 4231 967 4289 qaae
984 4213 1071 4270 laetae
1086 4217 1157 4281 eant,
1172 4217 1202 4268 ni
1217 4215 1337 4282 aerrlaat

305 4307 475 4366 beatissimae
492 4314 620 4383 trinitati,
643 4320 672 4370 ai
688 4317 715 4371 in
731 4316 815 4388 ipra·
833 4314 946 4372 ideltter
961 4311 1110 4380 credamne,
1128 4313 1214 4385 ineam
1231 4310 1336 4369 terrea·

306 4415 348 4465 ter
364 4407 506 4484 diligam
522 4417 550 4468 et
566 4427 669 4487 temper
685 4414 711 4470 tn
730 4415 854 4470 memoria
873 4417 1014 4470 broune.
1038 4409 1090 4470 Per
1099 4409 1338 4485 wrnaiitguntnr
