2984 5302
125 517 197 595 Cap.
219 513 334 575 CXXV.
379 514 425 574 De
439 511 630 574 decollatione
646 511 738 570 naneti
749 509 889 570 iohannis
904 510 1055 591 baptistae.
1097 506 1160 572 ita

124 674 204 730 aliern
227 679 327 745 partera
352 669 553 738 nonantolani,
577 668 621 726 ille
646 673 733 724 annor
755 671 843 742 eoepit
861 669 937 726 abire
960 675 1022 741 poet
1047 668 1160 736 riallon,

125 789 263 846 quousque
279 769 359 826 atella
375 772 449 825 eterit
467 770 493 824 in
511 768 587 836 loon,
611 769 657 823 nbi
684 774 743 823 orat
768 775 847 840 oapnt
870 767 999 826 lolnnoola
1017 771 1159 841 baptistae.

124 871 171 927 nbi
195 870 299 925 iodlano
323 870 423 940 reperit
446 882 536 923 ornan
560 873 587 922 et
615 868 642 922 in
664 881 697 923 ea
719 873 836 922 oanoton
853 867 1013 925 tleoaornn.
1048 867 1160 932 llnidaar

125 975 212 1026 anton
235 984 291 1026 oon
313 984 365 1024 non
387 966 522 1032 erederet,
548 981 650 1022 manen
678 965 712 1022 ad
736 963 854 1037 ltpdrlan
880 968 966 1035 nisit,
996 965 1046 1024 aad
1072 969 1159 1023 sintita

125 1085 215 1126 nante
233 1069 337 1124 exaurit
354 1073 382 1122 ot
399 1064 507 1136 hydriae
525 1065 654 1121 adhaesit
690 1065 936 1122 orarationem
958 1067 1040 1122 noetio
1058 1079 1161 1122 nannet

127 1171 251 1235 artrnrit,
269 1166 318 1223 rod
332 1164 449 1220 invalida
467 1167 600 1222 remansit.
620 1163 753 1234 Apparuit
770 1170 855 1220 antero
868 1163 952 1222 etdeor
965 1163 1102 1222 loliaooeo
1119 1164 1160 1220 dl-

126 1283 204 1324 eana:
230 1281 287 1322 onon
312 1273 391 1336 onpnt
413 1280 495 1320 neoto
523 1266 549 1318 lo
567 1263 682 1320 eeclesia
698 1263 859 1333 deponetur,
883 1263 999 1336 ltpdrian
1023 1265 1160 1335 oootingee

126 1373 154 1423 et
170 1368 308 1421 ranttaten
327 1366 448 1435 recipioo.
484 1363 559 1428 (leod
578 1369 606 1418 et
622 1362 685 1418 lenit
702 1369 730 1417 et
747 1364 886 1419 sanitatem
904 1366 1033 1436 integrant
1052 1365 1160 1435 recepit.

127 1465 197 1523 liaeo
221 1471 307 1519 anien
336 1478 392 1518 onor
418 1461 562 1520 Marcellos
585 1461 691 1518 loliano
719 1461 836 1532 rjoodeoa
855 1463 928 1518 orbis
947 1464 1072 1534 episeopo
1091 1461 1160 1517 lodi·

124 1571 230 1632 eadent,
249 1563 282 1620 ab
301 1565 334 1618 iia
352 1569 393 1618 oet
410 1561 540 1618 oleralnor
561 1567 587 1628 al
607 1565 634 1616 in
653 1561 742 1616 nrbnto
760 1561 884 1618 delatore.
915 1560 954 1616 Ea
972 1577 1025 1634 qno
1042 1569 1161 1634 tenpore

125 1667 213 1738 eoepit
231 1665 257 1719 in
275 1661 366 1719 eaden
384 1662 450 1718 nrbo
468 1660 609 1717 decollatio
628 1663 713 1716 eanoli
728 1660 857 1718 iolrannla
875 1660 1015 1728 ooiolrarl,
1033 1662 1094 1733 ipea
1106 1660 1161 1728 die,

125 1772 156 1820 nt
172 1765 343 1830 arbitrantur,
368 1762 438 1816 aient
455 1760 551 1816 dieitur
568 1762 594 1814 in
612 1759 730 1832 hystoria
750 1760 926 1826 talamonea,
953 1773 1006 1833 qn
1023 1767 1103 1832 eaput
1119 1767 1162 1816 eat

125 1867 255 1920 intentant
287 1863 344 1916 alva
375 1859 514 1916 oloraton.
556 1857 631 1922 Quot
655 1858 818 1930 postmodnm
843 1860 1100 1931 Constantinopolin
1120 1867 1161 1916 eal

124 1963 288 2019 translatura
322 1959 388 2014 Nato
412 1959 481 2014 eloai
504 1955 647 2014 licitatio
670 1957 952 2031 hystoriatripartlta‚
977 1973 1034 2014 onor
1061 1957 1161 2016 Valens

124 2065 269 2132 imperator
282 2059 425 2132 laesisset,
447 2072 549 2112 oacrum
568 2065 647 2127 capnt
664 2058 691 2113 ln
710 2057 829 2112 rohinnlo
846 2059 909 2128 poni
927 2063 955 2112 et
973 2056 1160 2113 Constantino-

124 2160 205 2233 polin
222 2157 370 2225 transient,
386 2171 442 2212 ento
460 2158 530 2212 cirea
548 2154 750 2211 chalcedoniam
769 2159 894 2224 ronieeet,
913 2154 1058 2212 rehionlnm
1074 2157 1161 2213 oolla-

124 2268 201 2318 tonna
219 2257 289 2314 trahi
306 2263 420 2329 poterat,
438 2261 665 2327 qnantnnoooqne
676 2254 759 2310 borea
771 2255 884 2310 stimulis
898 2263 1064 2327 negarentur.
1084 2256 1159 2313 ideo-

125 2375 175 2433 qno
187 2362 273 2430 lpoon
284 2355 380 2412 ibidem
394 2354 529 2426 deponere
545 2361 606 2409 anat
624 2355 716 2409 coacti
742 2353 795 2409 Sed
811 2369 867 2408 oon
882 2359 976 2425 postea
990 2353 1160 2413 Theodooina

125 2461 210 2531 ipson
235 2455 296 2512 indo
321 2453 427 2510 aolorre
452 2452 533 2509 roliot
555 2459 583 2508 et
605 2453 734 2525 quondan
760 2459 903 2509 matronam
925 2453 1053 2526 rlrgloon
1070 2461 1161 2512 onem·

124 2557 185 2614 diae
206 2557 301 2628 capitio
325 2553 475 2624 deputatam
501 2554 659 2623 reperisset,
691 2551 788 2608 ibidem
820 2556 926 2626 rogavit
949 2569 1020 2620 oon,
1054 2561 1082 2609 nt
1107 2555 1160 2611 albi

124 2657 229 2713 anierra
255 2653 398 2708 dinitiernt
421 2666 523 2707 aaaron
556 2659 644 2722 capnt.
682 2650 731 2708 illa
761 2658 847 2708 auten
878 2654 1012 2708 oonaonsit
1039 2653 1160 2724 credone,

124 2753 195 2829 qnod
213 2755 282 2809 aioni
299 2759 416 2823 leupone
435 2749 570 2816 Valentia,
597 2752 636 2806 iia
652 2753 730 2806 etiarn
748 2757 774 2806 ot
792 2765 861 2806 nono
876 2767 928 2806 non
949 2755 1160 2822 permitteretne

123 2853 232 2910 aniorri.
267 2851 343 2906 'inno
366 2849 477 2906 devotos
501 2851 645 2920 imperator
667 2865 784 2921 purpura
806 2857 885 2920 capnt
909 2849 1071 2921 anplooions
1089 2852 1160 2908 (lon-

123 2951 320 3023 naottoopotio
343 2948 479 3004 transtulit
500 2956 527 3004 et
552 2948 589 3003 ibi
613 2947 813 3019 pnloherrinan
839 2949 975 3005 eceloaian
999 2949 1158 3008 aodiioarit.

122 3051 192 3108 liaeo
210 3053 237 3106 ln
254 3048 374 3121 hystoria
384 3050 526 3120 tripartita
562 3047 595 3104 Ei
608 3048 668 3104 lado
681 3045 781 3104 Galliae
795 3047 865 3119 apnd
877 3047 1022 3104 Piotarian
1032 3055 1159 3122 regnante

121 3151 216 3222 Piploo
234 3147 398 3221 postmodnm
424 3154 466 3203 rat
488 3147 661 3214 translatura,
692 3147 737 3202 nbi
763 3151 821 3218 ojna
845 3151 946 3202 neritia
968 3147 1042 3203 anniti
1064 3148 1159 3204 mortni

122 3256 183 3305 eant
201 3249 360 3305 roeneoitatl.
395 3245 428 3302 lit
445 3249 514 3303 elont
531 3249 636 3318 punitae
655 3252 695 3302 ast
713 3245 846 3312 Heroden,
870 3247 916 3318 qni
941 3244 1086 3305 iohannem
1111 3245 1159 3303 do-

123 3347 244 3413 oollanit‚
263 3352 289 3402 ot
305 3344 426 3402 lallando
444 3353 582 3417 aporiata,
600 3347 645 3418 qui
664 3347 722 3416 elna
740 3359 805 3399 oasa
823 3343 982 3412 nominarit,
1004 3349 1044 3401 alo
1060 3352 1088 3402 ot
1105 3345 1157 3402 lie·

121 3445 213 3502 roilas
232 3447 323 3515 punite
348 3427 631 3516 ool,qnaepne1lae,
659 3449 688 3498 nt
711 3449 790 3514 capnt
814 3451 930 3514 poteret,
954 3446 1107 3517 ooggnooit,
1132 3451 1159 3501 et

122 3547 182 3617 ipen
200 3543 302 3616 puella,
321 3556 389 3613 qnae
407 3541 457 3597 lino
475 3544 561 3613 potiit.
596 3541 706 3605 Quidam
726 3543 795 3598 eoi·
813 3541 918 3608 dicant,
939 3540 1010 3614 qood
1028 3541 1159 3600 liarodiaa

122 3645 148 3698 in
166 3640 286 3698 exsiliato
306 3639 429 3696 damnata
445 3627 497 3695 non
515 3647 556 3696 oet
573 3655 622 3696 neo
640 3639 677 3694 liri
697 3639 837 3709 dninaota,
864 3640 912 3697 eod
936 3656 993 3696 oon
1014 3648 1093 3712 capnt
1108 3641 1157 3698 io·

120 3740 217 3818 hannis
242 3742 269 3794 la
291 3737 411 3794 naoilrns
434 3745 535 3796 tonorol
557 3747 584 3796 et
607 3739 691 3795 eidem
710 3739 830 3812 gandent
852 3740 989 3811 plurimun
1007 3740 1156 3809 inanitarot,

121 3837 210 3894 divion
234 3843 297 3894 anto
320 3844 399 3911 capnt
421 3841 504 3909 lpanor
528 3841 556 3894 in
580 3841 639 3910 ajno
656 3837 749 3894 iaoien
766 3837 910 3895 insufflari!
930 3844 956 3894 ot
973 3837 1020 3892 illa
1037 3839 1157 3909 proliano

120 3938 275 4009 exspiravit.
309 3935 364 3991 lloo
380 3935 483 4009 quidem
503 3937 648 4008 vulgariter
665 3936 769 4004 dieitur,
787 3937 836 3994 aed
850 3938 912 4012 qnia
924 3937 1046 4009 onporlna
1059 3935 1157 3993 diotnn

120 4041 178 4104 eat,
208 4034 279 4108 qnod
301 4019 328 4090 in
350 4034 446 4090 exsilio
468 4050 525 4092 ann
549 4033 653 4092 Herode
679 4035 867 4092 nieerabiliter
888 4041 1043 4106 ooaeenpta
1065 4035 1156 4104 inerit,

120 4137 206 4192 annoti
230 4131 337 4190 tradant
360 4134 387 4188 ln
413 4131 544 4190 eironioie
568 4141 596 4190 oi
618 4135 657 4190 aio
684 4131 823 4190 tenendam
849 4133 960 4190 ridotnr.
994 4131 1063 4189 Filia
1092 4147 1155 4191 vero

120 4236 197 4307 eloe,
223 4249 280 4290 oon
303 4247 385 4303 anper
407 4231 521 4305 giaoiooa
545 4231 740 4302 deambularet,
764 4231 814 4287 enin
840 4246 873 4287 oa
888 4229 991 4305 plenior
1013 4231 1156 4289 resolvitur

119 4339 147 4391 ot
170 4335 231 4405 ipsa
256 4335 282 4388 io
307 4333 384 4405 aquia
406 4332 530 4388 continno
554 4329 732 4403 praeiooattrr.
767 4327 796 4386 in
816 4327 942 4386 ohrooioa
961 4345 1025 4386 roro
1042 4328 1153 4402 quadarn

118 4430 230 4501 dicitnr,
253 4429 324 4504 qood
349 4436 423 4488 terra
443 4432 528 4503 ipson
545 4431 629 4487 riron
647 4428 795 4503 degiodrii.
830 4427 907 4494 Quot
924 4433 1014 4500 potent
1030 4427 1152 4504 intelllgi,
