2902 5310
11 629 21 639 ,ι

11 719 18 770 i

12 817 20 854 r

11 917 20 954 r

11 1019 22 1054 r

11 1107 19 1158 l

11 1217 26 1256 Ι

11 1317 27 1354 ι

11 1403 29 1454 Ι

11 1518 28 1552 ι

256 485 328 565 Cnp.
351 483 505 544 chvttt.
557 485 603 542 De
623 493 722 542 anneis
739 479 898 543 Elisabeth.
1035 479 1097 546 769

51 647 265 718 perusinam-
282 673 318 688 ···
333 669 369 686 ···
400 647 456 704 ΙΙ.
481 639 629 698 Conuersus
653 640 758 714 quidam
782 642 832 698 loli
855 645 882 697 io
903 645 1015 716 quodam
1038 665 1093 704 aru·

51 748 174 806 nestorio
192 744 330 815 dpoeoesla
347 741 576 816 nugarulensis,
605 729 794 811 ¹)Volemarus
814 746 933 809 momine.
956 747 1094 806 admodum

51 844 217 916 religiosus,
241 845 287 915 qni
311 857 416 898 earnem
439 856 513 898 suess
538 843 578 897 aio
603 841 715 910 atiliati,
744 849 774 899 ui
798 844 869 899 eirea
894 859 977 900 nonos
1001 851 1095 922 uiginti

51 943 165 1002 loriem
183 940 218 998 ad
236 955 340 998 earnem
359 946 480 1012 portaret
496 947 523 996 et
540 944 610 1000 inter
626 941 730 1013 lepidos
743 942 854 1016 ailignn
863 943 977 1016 Jueerei
1012 947 1096 1020 liujus

54 1059 178 1110 manum,
203 1041 262 1098 dum
280 1044 306 1098 in
326 1039 474 1098 molendino
493 1047 579 1108 essai,
605 1041 675 1112 lapis
694 1041 802 1098 molaris
821 1059 884 1098 esso
902 1046 1095 1115 apprehensam

56 1146 98 1200 sie
116 1144 253 1209 oontnrit,
273 1149 302 1197 ut
318 1157 423 1196 earnem
441 1139 477 1195 ub
494 1147 606 1214 utraque
622 1148 699 1213 parte
717 1143 936 1209 evellentem
955 1153 982 1201 et
999 1163 1097 1205 nereos

55 1247 221 1309 seniorem,
247 1242 335 1296 itaut
358 1241 385 1295 ln
402 1239 514 1312 quodam
537 1243 663 1296 mortorio
681 1244 796 1298 coutrita
813 1244 1005 1315 quodammodo
1022 1248 1096 1305 otie-

57 1349 140 1400 reiur.
175 1340 225 1406 Qui
243 1347 317 1397 tantu
335 1339 437 1395 doloris
454 1341 548 1396 aouioo
565 1340 720 1414 urgebatur,
738 1349 768 1397 ui
782 1349 899 1418 rogaret,
920 1344 990 1415 qnod
1005 1362 1097 1404 munus

58 1444 113 1500 sibi
138 1439 346 1516 praecideretur.
381 1439 444 1496 ilum
470 1442 553 1513 igitur
580 1439 686 1497 beatam
707 1439 847 1498 ldilsulreilr
871 1442 966 1499 erebro
997 1447 1024 1499 ln
1055 1450 1098 1504 sui

59 1544 185 1600 sortitum
202 1545 353 1610 invocaret,
372 1555 439 1613 quse
456 1543 535 1596 etism
555 1543 582 1595 in
600 1543 655 1595 viia
668 1555 718 1596 sua
731 1541 782 1597 etti
797 1541 937 1604 lamiiiarie
948 1549 1097 1616 exstiterat,

59 1643 173 1717 qondam
189 1647 267 1698 noeis
284 1643 338 1699 stit
355 1643 479 1712 apparuit
498 1639 603 1696 disens:
628 1643 668 1695 vis
686 1655 767 1696 sanos
791 1641 869 1698 lorii
903 1643 954 1709 Qui
977 1661 1035 1702 oum
1055 1667 1099 1704 re-

11 1729 16 1750 ¹
59 1745 217 1816 sponderet:
235 1740 363 1809 lllieoier,
386 1741 434 1796 illa
452 1757 552 1797 menum
570 1741 771 1812 spprelrondana
791 1757 886 1799 neruos
905 1748 1018 1814 sanarit,
1037 1763 1101 1804 ossa

58 1844 204 1916 integravit
221 1851 249 1898 et
266 1847 371 1898 odonem
391 1841 426 1896 ao
442 1847 555 1912 utraque
573 1846 648 1911 parte
667 1843 783 1896 restituit
803 1849 829 1898 et
846 1845 975 1913 pristinae
992 1850 1099 1904 sanitati

59 1944 184 2010 denovit,
217 1957 292 1998 mana
322 1947 410 1997 autem
436 1941 506 1996 lueto
529 1939 647 2011 perfecie
671 1948 792 2000 sanatum
819 1956 849 1998 se
874 1947 975 2012 reperit
999 1952 1026 2001 et
1050 1951 1101 2003 soti

58 2043 200 2099 conventre!
220 2043 304 2114 ipsam
315 2056 416 2096 menum
427 2039 528 2095 eunetis
540 2037 708 2109 stupentibus
720 2041 838 2094 renotem
855 2043 978 2100 ostendii.
987 2074 1095 2089 ···-·-

60 2147 120 2204 1¹.
139 2140 250 2206 Quidum
268 2156 334 2215 puer
351 2141 535 2212 quinquennis,
554 2137 691 2194 lllsoretus
702 2139 813 2206 nomina,
831 2139 1005 2213 Mogontinae
1018 2143 1098 2218 dpoe·

60 2242 218 2308 sosiacum
237 2255 332 2298 eaeorm
349 2247 427 2295 natus
444 2245 533 2305 esset,
558 2239 660 2293 moritis
683 2238 781 2294 ioniae
797 2237 935 2296 lliizsbetlr
953 2241 1038 2303 lemen
1057 2261 1100 2301 re-

60 2343 142 2414 oepli.
177 2340 259 2398 Pollis
282 2337 412 2412 etquidem
437 2341 544 2410 integre
566 2339 626 2393 sina
649 2336 712 2408 pilis
735 2339 920 2410 palpeirnrnrn
946 2342 988 2397 vol
1011 2345 1103 2418 ulique

60 2441 143 2514 pellis
166 2439 263 2497 divisio
289 2438 375 2496 oeulis
398 2437 572 2510 superinduto
597 2437 683 2492 lueret
708 2437 793 2504 adeo,
818 2444 847 2494 ui
868 2440 987 2496 totaliter
1009 2448 1101 2499 omina

59 2548 168 2615 tegeret
184 2557 232 2597 neo
250 2541 415 2596 substantiae
433 2539 566 2596 oooloruru
586 2537 664 2592 ullum
688 2537 811 2594 indicium
829 2547 980 2610 appareret.
1015 2539 1105 2597 Meter

61 2643 122 2713 eJua
142 2642 225 2714 igliur
242 2639 276 2695 ad
293 2638 460 2711 sepulchrum
482 2638 580 2696 lreatse
598 2636 735 2693 Elisabeth
757 2640 843 2708 ipsum
861 2637 961 2696 doeens
981 2641 1014 2699 de
1031 2649 1104 2697 terta

61 2738 199 2811 aepulolrri
217 2738 309 2796 oeulos
327 2739 385 2811 ojus
402 2736 488 2794 limisit
508 2745 536 2795 ei
553 2753 634 2810 super
655 2753 713 2793 eon
736 2737 832 2794 beatae
850 2735 991 2796 Elisabeth
1011 2743 1104 2796 noeriis

63 2841 208 2907 invocasti,
227 2842 254 2894 oi
271 2851 331 2894 eure
350 2837 429 2908 pellis
447 2838 554 2912 integro
572 2854 619 2908 per
635 2835 747 2891 medinm
766 2835 896 2892 scinditur
913 2843 939 2894 et
958 2840 1017 2910 ejus
1034 2841 1104 2897 oculi

63 2939 216 3010 punierint
233 2935 377 2993 turbulenti
397 2943 424 2991 ei
442 2935 637 3009 sanguinolenti
658 2935 793 3003 uidentur,
813 2939 905 3009 sicque
923 2955 991 3009 puer
1007 2941 1105 2995 bearno

62 3036 205 3094 Elisabeth
222 3037 323 3092 meritis
340 3035 550 3109 suifragantibus
569 3037 641 3090 elsua
658 3033 787 3093 beneficio
805 3046 846 3093 esi
858 3039 966 3108 potitos.
978 3043 1058 3086 -..,..’
1069 3067 1104 3081 .-

64 3133 125 3202 13,
144 3136 238 3193 ruetis
255 3133 383 3209 quaedam
401 3133 519 3207 eiusdem
538 3133 688 3205 dpoeoesis‚
710 3133 818 3191 Beutria
842 3137 961 3200 nomine,
983 3151 1040 3193 oum
1058 3138 1104 3195 diu

63 3241 169 3311 magnis
193 3241 221 3292 ei
244 3233 360 3292 dirersis
383 3233 478 3290 iulssei
500 3232 694 3289 infirmitatibus
720 3235 875 3304 molestato,
898 3237 1002 3292 tandem
1021 3238 1104 3310 gibbo

63 3341 90 3396 iu
110 3337 191 3395 dorso
209 3340 237 3393 ei
253 3341 354 3390 struens
371 3338 397 3389 in
416 3339 525 3407 peoiora
544 3333 759 3390 excressentibus
786 3337 826 3390 sio
850 3339 891 3390 est
916 3341 973 3390 ioio
990 3352 1104 3407 corpore

63 3441 214 3504 incoenata,
237 3442 268 3490 ui
292 3435 366 3490 mulia
383 3449 413 3490 se
430 3435 534 3489 rollone
552 3435 685 3504 erigeret,
711 3435 758 3489 sed
779 3432 899 3488 manibus
918 3449 998 3506 super
1017 3451 1106 3507 genua

64 3539 161 3610 pestiis
179 3548 276 3609 eorpus
294 3549 368 3590 suum
386 3532 478 3590 iuliier
494 3538 664 3589 sustentaret.
700 3532 762 3588 (lum
786 3533 869 3605 igitur
891 3541 974 3589 meter
992 3539 1018 3589 tn
1038 3549 1105 3604 qua·

65 3638 126 3692 datu
147 3642 241 3707 sporta
257 3649 314 3692 esra
334 3633 368 3688 ad
386 3631 510 3688 turnuluro
534 3617 644 3687 sunnine
662 3629 802 3686 Elisabailr
821 3631 990 3702 deportasset
1013 3639 1041 3688 et
1058 3650 1107 3704 per

66 3735 156 3792 desem
168 3735 227 3792 dies
239 3735 431 3790 enumerantes
445 3730 542 3787 ilrldeau
552 3727 649 3787 ooilurn
665 3731 814 3801 potuissent
825 3733 949 3786 sanitatis
963 3731 1104 3788 remedium

65 3837 199 3903 immolre,
229 3837 303 3890 troia
333 3841 417 3890 muter
443 3832 503 3914 eiua
529 3837 623 3889 eontra
648 3828 752 3886 beatam
776 3827 915 3888 Bliznbeth
938 3834 1107 3885 murmuravit

66 3936 174 3991 dicens:
198 3933 319 3992 omnibus
344 3930 473 3988 beneficia
497 3929 627 4003 inpendia
651 3935 677 3986 ei
702 3947 742 3986 me
766 3931 886 3986 miseram
905 3945 957 3984 non
974 3930 1107 3984 exaudis?

65 4041 203 4091 reuertens
228 4035 311 4107 igitur
332 4047 438 4098 omnes,
472 4045 539 4102 quos
568 4035 676 4100 potero,
704 4044 721 4086 a
746 4029 898 4084 visitatione
921 4029 960 4082 tui
986 4036 1106 4083 evertere

66 4133 226 4205 proouralro.
263 4133 325 4188 curn
345 4134 428 4206 igitur
445 4133 514 4185 irato
531 4127 669 4185 resederet
686 4134 712 4184 ot
726 4129 782 4200 jam
801 4126 913 4181 milliare
926 4132 953 4182 ei
971 4126 1106 4182 dimidium

66 4236 217 4307 peregisset
241 4239 268 4288 et
291 4232 351 4304 ejus
374 4229 431 4286 filia
453 4229 591 4286 doionibus
620 4230 737 4283 uruoiaia
766 4227 886 4302 lugeret,
916 4225 1022 4281 endem
1047 4229 1107 4297 ipra

66 4331 157 4406 puella
173 4331 343 4390 obdormiens
361 4331 426 4386 vidit
446 4329 575 4402 quondam
595 4327 795 4400 pulcherrimam
815 4327 944 4384 dominere
961 4339 1018 4380 eum
1037 4325 1107 4382 tasio

61 4421 480 4442 ·------—---—-

118 4451 195 4508 Μὰ.
207 4459 241 4498 i’r.
256 4451 436 4520 talemajut.

865 4527 901 4582 iii
