2842 5286
315 488 376 549 230
547 487 620 564 Cap.
644 485 721 544 [ΙΙΙ.
764 485 808 542 De
831 484 964 562 passione
987 479 1106 540 donini.

313 652 379 712 rtur,
399 657 469 699 mors
486 657 535 714 per
553 641 690 708 arborem,
707 643 763 696 ulta
779 656 827 711 peu
843 633 953 708 erucem,
971 641 998 694 ln
1015 639 1125 695 deserto
1143 636 1247 704 hdam,
1265 640 1290 692 tn
1309 637 1349 692 de-

314 751 387 798 serto
411 742 540 796 Christus.
581 739 633 796 Per
656 742 803 806 coutmrla,
831 741 954 811 moniam
980 740 1078 810 primus
1108 736 1190 792 hono
1218 736 1350 792 secundnm

315 841 469 913 iiregoriun
487 844 644 910 peccaverat
656 857 705 910 por
720 839 881 910 superbiam,
898 838 1102 893 inobedientiam
1113 844 1141 892 et
1155 837 1257 908 gulam,
1277 835 1352 890 uoluit
1396 899 1397 908 ἢ

316 941 383 996 culn
405 939 547 993 mimilarl
564 937 621 993 Deo
646 951 696 1010 per
718 939 846 994 scientiae
870 936 1070 1002 sublimitatem,
1100 934 1259 1009 transgredi
1281 951 1350 1005 prae-

315 1040 386 1108 sepii
408 1037 459 1092 liei
483 1036 591 1092 limitem
619 1045 646 1094 el
664 1045 773 1110 gustare
796 1038 865 1108 pomi
884 1037 1053 1101 suavitatem
1086 1043 1112 1091 ct
1130 1037 1258 1107 queniam
1282 1050 1351 1088 eurs-

315 1139 354 1191 tio
371 1136 453 1191 babet
474 1134 531 1190 herl
555 1138 796 1206 percontrarium,
827 1135 888 1188 idco
906 1137 958 1190 iste
976 1134 1067 1190 modus
1090 1134 1280 1190 satislaciendi
1295 1150 1351 1188 eou-

317 1211 597 1310 grueutlssimusluit,
629 1237 692 1308 quia
709 1234 759 1289 init
775 1249 824 1305 per
840 1231 1063 1300 humiliationem,
1091 1233 1198 1288 diuinae
1216 1232 1352 1287 uoluntatis

316 1333 495 1405 impletionem
510 1339 537 1388 el
554 1333 730 1389 afflictionem.
759 1331 798 1388 De
815 1331 858 1388 his
874 1332 960 1387 tribus
973 1332 1006 1386 ad
1024 1332 1139 1404 Philipp.
1150 1329 1188 1386 lt:
1214 1331 1354 1386 humiliavit

318 1435 574 1504 semetipsumque
598 1432 634 1487 ad
658 1435 783 1503 primun,
809 1431 896 1486 laetus
921 1428 1122 1502 obediensque
1147 1430 1183 1486 ud
1207 1432 1353 1498 secundum,

318 1547 402 1604 usque
423 1532 456 1586 ad
476 1538 583 1586 mortem
604 1532 708 1603 quoad
729 1533 842 1587 tertium.
867 1511 960 1585 Tertio
978 1528 1029 1583 luit
1043 1527 1247 1584 efficacissimus
1265 1529 1299 1584 ad
1318 1539 1351 1585 at-

316 1629 473 1686 trahendum
491 1645 576 1702 genos
593 1629 747 1693 humanum,
787 1643 917 1700 nuurquam
931 1631 998 1682 enim
1008 1627 1088 1683 salue
1100 1628 1239 1684 libertatis
1251 1628 1353 1684 arbitrie

318 1733 405 1802 magis
422 1729 458 1784 ad
476 1744 590 1784 amorem
609 1745 683 1784 suum
702 1736 729 1785 et
747 1728 868 1783 fiduciam
890 1743 976 1799 genus
993 1725 1129 1782 humanum
1156 1728 1296 1786 attrahere
1311 1747 1351 1800 po-

317 1831 377 1884 tuit.
404 1827 524 1891 Qualiter
540 1835 625 1884 auten
643 1844 692 1900 per
709 1828 759 1883 hee
775 1827 810 1883 ad
827 1841 940 1882 amorem
958 1842 1007 1881 uos
1022 1828 1147 1894 attrahat,
1158 1817 1231 1883 'dion
1248 1827 1352 1883 Brmar·
1398 1881 1399 1898 ἶ

320 1930 385 1984 dus:
412 1944 492 1998 super
510 1930 599 1983 emnia
616 1927 705 1982 reddit
720 1935 748 1983 te
766 1925 915 1992 amabilem,
933 1926 1002 1982 bone
1019 1925 1092 1992 Jesu,
1117 1927 1204 1995 calix,
1226 1945 1303 2000 quem
1318 1928 1352 1982 bi-

319 2028 399 2094 bisti,
424 2041 491 2098 opus
511 2026 682 2083 redemtionis
699 2033 816 2083 nostrae.
845 2023 900 2079 lloc
918 2027 1023 2080 omnino
1049 2041 1163 2082 amorem
1181 2034 1300 2081 nostrum
1319 2027 1352 2082 iu·

318 2129 370 2183 cilc
388 2126 505 2182 uindicat
520 2131 603 2180 totum
621 2127 683 2192 tibi,
708 2125 760 2181 heo
784 2130 841 2185 est,
867 2122 938 2195 qnod
963 2131 1079 2179 nostrum
1098 2139 1214 2181 amorem
1240 2133 1268 2182 et
1285 2126 1352 2181 blae-

319 2227 379 2281 dins
397 2225 482 2280 allicit
496 2231 523 2279 et
538 2225 638 2295 justius
657 2227 742 2297 exigit
762 2228 789 2278 et
808 2223 886 2278 citius
904 2224 1010 2293 stringit
1029 2229 1055 2278 et
1068 2223 1252 2280 uehementius
1271 2225 1357 2281 nlieit¹

319 2325 422 2382 Etenim
447 2324 493 2378 uhi
517 2330 545 2377 tc
568 2326 726 2392 exinanisti,
752 2321 798 2378 ubi
819 2328 847 2377 te
877 2320 1042 2376 naturalibus
1075 2322 1159 2378 radiis
1185 2327 1299 2391 exuisti,
1323 2325 1354 2380 ibi
1410 2399 1411 2402 Ἴ

319 2426 406 2494 pictas
426 2425 511 2494 magis
530 2423 649 2489 emicuit,
678 2422 718 2479 ibi
734 2423 833 2478 caritas
856 2419 916 2490 pius
940 2421 1053 2490 slinislt,
1079 2423 1117 2476 ibl
1138 2426 1228 2500 gratis
1252 2425 1356 2495 anplius

320 2522 442 2577 radiavit.
485 2521 605 2584 Qualiter
627 2528 713 2577 autem
742 2520 776 2576 ad
802 2519 937 2586 lidneiam,
966 2520 1061 2576 dicitur
1084 2521 1192 2580 Ronlan.
1219 2523 1292 2579 l'lll:
1319 2527 1357 2596 qui

320 2623 398 2676 eiiam
417 2623 525 2691 proprio
545 2618 599 2674 ilio
617 2635 666 2674 suo
685 2637 737 2675 non
755 2622 882 2693 pepercit,
909 2619 958 2674 seui
976 2636 1025 2690 pro
1043 2621 1120 2676 nobis
1140 2624 1263 2678 omnibus
1280 2623 1358 2678 iradi-

321 2720 361 2774 dit
380 2719 467 2782 illum,
495 2717 625 2789 menotio
645 2736 696 2774 non
720 2722 798 2774 etlam
817 2721 905 2773 omnia
922 2733 977 2772 curn
997 2719 1043 2772 ilic
1060 2705 1138 2774 urobis
1159 2721 1292 2777 donauit?
1325 2721 1360 2777 lic

321 2821 371 2874 bec
389 2819 466 2873 ctiam
485 2816 653 2873 bernardus:
681 2822 740 2891 qiuis
765 2835 818 2874 uon
836 2820 953 2888 rapiatur
971 2817 1005 2872 ad
1025 2835 1098 2890 spen
1117 2807 1276 2890 impetrandi
1298 2819 1359 2875 bdu-

321 2921 403 2983 eiam,
429 2917 474 2989 qul
492 2918 550 2988 ojus
569 2917 681 2972 attendit
705 2919 825 2990 corporis
845 2915 1059 2986 dispositionem,
1083 2919 1209 2997 uidelicet
1224 2928 1306 2992 caput
1323 2923 1361 2975 in·

322 3017 445 3071 ellnatum
463 3014 497 3069 ad
516 3015 643 3081 osculum,
658 3016 768 3070 brachia
787 3023 896 3072 extensa
914 3015 948 3070 ad
959 3017 1114 3087 amplexum,
1132 3035 1223 3074 maurus
1242 3019 1361 3090 periore*

320 3125 363 3171 tas
383 3114 418 3170 ad
436 3115 609 3187 largiendum,
629 3116 698 3171 latus
716 3123 833 3186 apertum
852 3114 886 3170 ad
905 3115 1082 3189 diligendum,
1101 3118 1195 3188 pedum
1214 3117 1363 3172 aihuionem

321 3215 356 3270 ad
373 3215 509 3270 nobiscum
527 3215 755 3280 commanendum,
785 3215 905 3284 corporis
921 3219 1098 3270 extensionem
1117 3217 1151 3271 ad
1166 3232 1196 3271 se
1214 3223 1299 3273 totum
1316 3233 1364 3272 no-

321 3315 363 3368 bis
382 3313 588 3384 impendendum.
625 3313 723 3376 Quane
744 3316 792 3368 luit
811 3314 1028 3384 prudentissimus
1046 3313 1080 3369 ad
1094 3315 1299 3388 expugnandum
1316 3316 1364 3372 hu-

321 3415 391 3467 mani
409 3415 516 3484 gesseris
536 3413 684 3476 inimicum,
716 3412 776 3468 leb.
800 3412 888 3467 xlti':
917 3412 1058 3483 plaudentia
1082 3415 1142 3485 ojus
1163 3417 1299 3485 percussit
1320 3433 1365 3470 su-

323 3512 440 3582 perbum,
459 3517 485 3566 ct
503 3512 608 3566 ultimo:
632 3511 755 3582 numquid
774 3513 873 3581 poteris
891 3527 987 3580 cepere
1005 3510 1151 3567 Leviathon
1170 3513 1271 3571 hamo?
1290 3515 1366 3570 Chri-

323 3619 380 3663 stus
400 3611 466 3662 enim
485 3609 587 3663 hanutum
614 3625 680 3665 suae
706 3609 812 3665 deitatis
832 3610 1008 3665 absconderat
1033 3610 1082 3664 snb
1108 3623 1170 3665 esea
1195 3613 1367 3669 humanitatis

324 3715 349 3764 et
368 3708 499 3780 dyalrolus
517 3723 614 3778 capere
632 3708 722 3763 volens
742 3725 828 3764 escam
848 3711 944 3772 carnis,
963 3717 1056 3778 captus
1072 3715 1113 3764 est
1130 3711 1164 3765 ah
1181 3711 1261 3767 hamo
1281 3712 1368 3769 deita-

324 3811 367 3862 tis.
402 3805 443 3862 Do
461 3807 511 3861 hae
529 3806 652 3876 prudenti
673 3809 795 3877 captione
814 3807 877 3863 dicit
897 3808 1079 3879 Augustinus:
1100 3812 1173 3865 uenit
1190 3811 1325 3866 redemtor
1343 3820 1370 3868 et

323 3909 408 3960 uictus
427 3907 469 3959 osi
483 3905 624 3975 deceptor3
643 3905 743 3976 etquid
755 3905 962 3962 lecitrcdemior
977 3909 1136 3976 captivatori
1147 3911 1262 3964 nostro?
1281 3918 1369 3967 teten-

323 4005 363 4059 dit
380 4005 548 4074 muscipulam
566 4019 668 4058 cruccm
686 4019 777 4071 suum,
802 4008 892 4075 posuit
910 4007 935 4059 in
955 4021 988 4060 ca
1006 4022 1092 4062 eseam
1111 4010 1266 4080 sanguinem
1285 4027 1368 4065 suum.

322 4104 383 4174 lpse
400 4111 486 4158 autem
503 4101 588 4156 voluit
599 4100 709 4157 lumlerc
722 4105 877 4175 sangulnem
894 4121 946 4159 non
960 4104 1098 4172 debitoris,
1115 4109 1311 4180 propterquod
1326 4127 1369 4164 re-

324 4204 408 4259 cessit
426 4199 637 4256 adcbitorihnu:
656 4200 807 4272 hujusmodi
826 4201 941 4256 debitum
967 4204 1105 4273 apiostolus
1131 4211 1209 4259 uocat
1227 4205 1369 4280 chirogra-

322 4301 419 4372 phum,
446 4298 517 4371 quod
538 4299 642 4370 quidam
659 4297 783 4355 Christus
802 4299 861 4354 tulit
884 4306 912 4356 et
928 4304 998 4356 cneci
1018 4303 1112 4360 alhuit.
1150 4303 1189 4359 lle
1207 4322 1260 4377 quo
1277 4306 1370 4362 chiro-

323 4396 427 4472 grapho
440 4397 503 4452 dicit
516 4397 693 4471 Augustinus:
706 4397 762 4456 lduu
772 4407 906 4470 peccatum
920 4399 1061 4472 adpabolo
1076 4405 1212 4473 mutuavit,
1229 4403 1371 4478 chirogra-
