2984 5302
338 479 401 544 tei
567 477 638 558 Cap.
662 475 764 538 extri.
803 475 851 536 De
871 485 970 535 sancto
991 473 1157 534 Dominice.

344 631 411 708 ’llll
439 636 490 691 uit:
521 633 588 692 baec
619 635 708 694 motio
739 641 783 691 eet
813 634 891 691 aeide
919 636 1056 705 pretiosa,
1081 632 1169 690 dulcis
1194 637 1222 689 ei
1249 630 1379 688 diilieilie.

344 721 426 807 eujus
452 734 528 792 uerbi
556 748 613 790 cuer
639 733 732 791 mulier
756 737 902 807 requirent
924 737 1067 804 rutlcmem,
1090 735 1171 792 dixit:
1200 733 1269 790 baeu
1290 735 1381 788 unedo

347 835 497 892 dilectionis
529 841 570 891 eet
598 835 712 908 siguum,
743 850 812 907 quse
840 835 965 892 uidelicet
990 837 1110 907 pretiosa
1131 841 1190 902 eet,
1221 836 1284 906 quie
1306 829 1381 888 nulle

347 939 432 1008 pretio
452 937 501 991 emi
519 939 609 1006 petest
625 941 652 990 ei
670 937 733 1009 quie
750 936 777 990 iu
795 933 871 990 donis
887 935 935 992 llei
953 935 1049 990 nulium
1064 942 1105 992 est
1117 935 1211 990 melius
1228 932 1381 996 dilectione,

346 1033 441 1104 dulcis,
460 1038 523 1106 quia
537 1033 603 1088 nibil
620 1034 722 1090 dulcius
741 1038 861 1102 cadule,
879 1035 1007 1103 diiiioilis,
1025 1027 1088 1108 quie
1106 1037 1158 1090 cite
1176 1033 1310 1105 perditur,
1330 1033 1383 1086 uisi

345 1141 423 1191 caute
436 1134 589 1192 custoditur.
606 1130 669 1206 ipss
681 1138 757 1191 etiam
772 1137 941 1193 noctssorori
954 1151 1019 1193 suas
1033 1139 1059 1190 in
1071 1134 1223 1190 dormitorio
1236 1133 1382 1205 quiescenti

347 1236 470 1307 apparuit
494 1233 602 1290 dicens:
626 1251 677 1307 ego
702 1219 794 1291 sanari
818 1250 935 1293 eorunm
959 1242 1045 1304 tuanr;
1068 1249 1136 1307 quae
1160 1249 1269 1291 correus
1297 1237 1383 1306 ipsum

348 1341 467 1391 enatam
490 1335 596 1390 invenit
631 1333 705 1398 Quae
728 1352 784 1392 caus
806 1352 837 1392 se
860 1339 938 1392 etiam
961 1335 1080 1392 sensibili
1103 1337 1225 1391 audiere
1251 1337 1382 1390 insuetam

349 1437 475 1502 sentiret,
494 1437 577 1507 ipsam
595 1450 650 1490 cum
671 1433 792 1492 bombice
810 1445 836 1492 ct
855 1439 1002 1496 reserentie
1019 1437 1100 1492 tuuita
1117 1437 1236 1492 extersit.
1271 1437 1298 1502 ²)
1310 1431 1384 1497 Quae

348 1550 407 1591 cum
424 1534 577 1590 abbatissae
597 1541 623 1590 ei
641 1535 789 1594 confessori
806 1544 832 1591 et
849 1537 936 1590 sorori
953 1538 1041 1591 omnin
1055 1534 1208 1602 retulisset,
1235 1540 1261 1590 ei
1278 1535 1382 1588 undio-

345 1651 410 1693 -ncus
433 1637 461 1688 ia
488 1634 607 1689 bombice
632 1641 843 1705 praesentasset,
874 1641 948 1690 ienis
977 1643 1006 1692 et
1032 1639 1084 1690 mm
1114 1649 1184 1690 noso
1210 1635 1302 1690 odoris
1329 1633 1384 1688 ira-

351 1735 458 1808 praniia
476 1740 537 1787 suut
553 1736 687 1804 percussi,
705 1733 822 1790 utnulla
839 1737 872 1789 iis
891 1741 1000 1806 possent
1018 1742 1137 1791 aromata
1154 1735 1319 1806 comparari,
1342 1735 1385 1804 ip-

352 1849 408 1890 sam
436 1841 522 1888 eutem
548 1837 694 1890 unctionum
721 1851 778 1889 cum
809 1835 890 1891 neuim
914 1839 1063 1892 reverentie
1086 1839 1266 1891 serraverunt
1301 1833 1385 1896 (luam

353 1941 446 2008 gratus
459 1941 544 1988 autem
553 1932 608 1988 Deo
622 1935 802 2001 exetatlocus,
824 1936 850 1988 iu
860 1949 912 2006 qno
925 1943 1120 1991 sacrosanctum
1137 1951 1233 2006 eorpus
1244 1935 1315 1990 beati
1328 1933 1384 1989 llo-

354 2015 440 2090 miaici
458 2035 609 2106 requiescit,
628 2033 691 2090 licet
707 2050 740 2090 cx
754 2037 887 2090 miraculis
900 2035 987 2090 multis
1002 2034 1134 2101 claruerit,
1151 2051 1228 2091 annun
1240 2041 1329 2089 tamen
1342 2031 1386 2088 lric

351 2137 477 2207 posuisse
493 2134 615 2188 sufficiat,
651 2132 742 2191 lleiert
753 2137 881 2208 magister
892 2135 1043 2192 Alexander
1062 2138 1201 2207 episcopus
1221 2133 1386 2204 ³)Viudoni·

355 2237 443 2292 ocnsis
458 2237 485 2288 iu
498 2233 614 2304 postillis
626 2237 682 2288 seis
693 2249 774 2305 super
784 2235 849 2291 illud
865 2235 970 2292 terbum
984 2236 1179 2296 :misericordia
1190 2242 1217 2291 ei
1228 2237 1328 2290 veritas
1337 2233 1387 2288 eb·

357 2338 495 2391 cieverunt
507 2332 627 2400 sibietc,
645 2333 714 2406 qued
725 2334 966 2406 quidamsclroiaris
974 2335 1074 2408 degens
1082 2333 1217 2391 Bononiae
1225 2333 1387 2391 vanitatibus

355 2435 457 2491 saeculi
474 2433 578 2490 deditus
598 2434 723 2490 visionem
739 2434 818 2491 talem
835 2439 980 2506 conspexit.
1013 2433 1159 2490 Videbatur
1175 2433 1304 2505 siquidem
1323 2430 1386 2498 sibi,

356 2534 426 2608 quod
445 2538 471 2589 iu
489 2532 602 2606 qaedam
619 2549 710 2604 strupo
730 2549 826 2608 magno
843 2537 1001 2591 consisteret
1021 2541 1048 2590 et
1070 2531 1165 2590 ibidem
1183 2539 1327 2605 tempestas
1347 2535 1386 2587 in·

356 2650 424 2709 gens
441 2649 521 2706 super
539 2635 622 2704 ipsum
639 2633 820 2691 descenderet
855 2635 905 2699 llui
922 2635 980 2690 dum
1000 2634 1104 2708 legeret
1121 2649 1139 2690 s
1157 2634 1226 2690 leole
1243 2639 1387 2705 tenpesta-

356 2737 408 2801 tis,
426 2733 461 2790 ad
479 2733 608 2806 quondam
625 2732 727 2789 domum
745 2737 878 2806 pertenit,
896 2750 972 2808 quam
988 2749 1044 2791 can
1062 2733 1177 2792 clausam
1196 2733 1343 2790 haesisset
1361 2738 1388 2788 ei

358 2832 467 2906 pulsans
496 2833 531 2888 ad
562 2835 656 2888 omium
690 2849 721 2889 ee
749 2833 846 2890 ibidem
877 2836 958 2906 recipi
985 2835 1162 2906 postulasset,
1186 2848 1255 2906 quae
1282 2832 1389 2888 deintus

358 2939 417 2991 erat
433 2933 556 3004 bospite,
576 2931 725 3004 respondit:
743 2949 794 3005 ego
811 2949 866 2988 sum
881 2937 995 3007 Jtsstitia,
1013 2949 1081 3006 qnae
1098 2933 1142 2990 bie
1158 2932 1259 3001 irsbiio,
1277 2939 1305 2988 et
1320 2931 1392 2987 bace

359 3034 451 3089 domus
469 3048 527 3088 ussa
539 3040 600 3101 esi,
624 3036 687 3104 quis
704 3040 790 3088 autem
801 3040 835 3088 tu
850 3035 939 3105 Jusias
957 3049 1008 3090 noe
1026 3049 1072 3100 es,
1096 3037 1123 3089 in
1146 3048 1179 3090 ea
1197 3033 1319 3088 babitare
1336 3046 1390 3086 uon

359 3135 442 3190 vales.
476 3132 519 3189 dd
541 3134 618 3204 eujus
640 3128 724 3188 rerba
748 3133 794 3194 iiis
812 3132 947 3204 plurimum
966 3149 1087 3190 moerens
1111 3133 1244 3190 abscessit
1266 3139 1293 3188 et
1310 3131 1390 3186 uliam

359 3234 461 3290 donnus
485 3233 556 3288 ultra
578 3231 649 3288 illesa
669 3234 835 3305 conspiciens
852 3232 885 3288 sd
903 3247 961 3290 eam
981 3236 1052 3290 senii
1073 3240 1101 3289 et
1117 3234 1225 3305 pulsans
1241 3231 1276 3286 ad
1293 3232 1392 3287 estium

360 3350 390 3390 se
408 3333 504 3388 ibide·
521 3334 602 3404 recipi
620 3331 781 3404 postulabat,
797 3333 844 3388 sed
862 3345 931 3405 quae
948 3334 1052 3389 delatos
1070 3341 1128 3390 crat
1145 3333 1260 3403 bospite,
1278 3345 1391 3401 respou-

361 3433 413 3488 dit:
435 3449 487 3506 ego
511 3446 567 3488 sum
589 3435 704 3500 veritas,
730 3447 799 3506 quae
821 3431 865 3488 bic
882 3431 989 3500 babilo,
1013 3439 1040 3488 et
1056 3432 1123 3490 lraee
1138 3433 1231 3488 domus
1257 3445 1315 3487 uses
1339 3436 1392 3496 est,

361 3539 388 3588 te
404 3539 491 3589 aetem
507 3531 625 3604 bospitio
642 3548 693 3588 nou
712 3533 851 3604 recipiam,
875 3533 938 3604 quis
954 3534 1054 3589 veritas
1070 3547 1127 3589 cour
1147 3549 1199 3588 nen
1215 3532 1328 3596 liberat,
1346 3531 1394 3600 qui

361 3646 418 3690 cam
436 3647 488 3688 eon
504 3639 583 3687 anet.
616 3629 733 3704 Indeque
750 3630 897 3688 abscedens
913 3634 1018 3687 tertiam
1035 3631 1137 3687 domum
1155 3631 1224 3700 &tra
1240 3629 1312 3686 illam
1327 3645 1393 3701 pro-

361 3733 457 3802 spicit,
482 3730 517 3786 sd
535 3745 611 3803 quam
636 3734 745 3788 seuleus
769 3747 799 3788 se
822 3732 944 3787 similiter
965 3739 1058 3788 contra
1080 3735 1202 3803 impetum
1224 3733 1394 3802 tempestatis

363 3832 446 3904 recipi
468 3829 606 3904 flagitarit.
641 3831 699 3899 ilui,
724 3847 792 3903 queo
810 3831 914 3888 deintus
940 3838 997 3887 erat
1014 3833 1133 3900 domins,
1160 3828 1312 3902 respoudit:
1341 3844 1394 3903 ege

364 3945 420 3987 eum
440 3943 508 4002 pau,
531 3945 599 4003 puae
621 3930 665 3986 bic
687 3931 795 3998 habito,
819 3946 870 3987 eon
893 3936 935 3987 est
951 3937 1037 3987 eutem
1055 3946 1107 4002 peu
1124 3929 1289 4003 impiis,'sed
1308 3927 1395 3984 boui·

363 4030 440 4086 uibus
457 4030 543 4087 bonae
557 4032 710 4088 voluntatis.
743 4029 838 4088 Verum
861 4033 924 4105 quia
947 4046 999 4105 ego
1020 4034 1109 4104 cogite
1126 4031 1302 4104 cogitationes
1319 4029 1395 4100 pacis

366 4137 393 4189 ci
408 4146 461 4187 nou
477 4130 643 4199 aidiotionis,
659 4133 724 4190 utile
741 4132 877 4187 consiliam
893 4130 942 4186 tibi
960 4130 1044 4186 dabo:
1068 4131 1138 4187 ultra
1159 4146 1201 4187 me
1221 4143 1300 4186 soror
1314 4127 1396 4183 babi-

362 4237 419 4299 tat‚
444 4245 514 4303 quae
535 4233 637 4288 miseris
662 4247 767 4303 semper
786 4232 909 4286 auxilium
935 4237 1068 4303 praestat,
1098 4230 1132 4285 ad
1155 4229 1225 4286 beuc
1247 4227 1347 4285 eooede
1368 4236 1398 4284 et

364 4333 423 4404 eius
442 4335 541 4388 monita
556 4330 666 4404 comple.
701 4331 763 4388 Cum
781 4345 847 4406 ergo
863 4331 1040 4398 secessisset,
1057 4345 1126 4405 qaae
1143 4329 1246 4386 deintus
1264 4334 1330 4397 eret,
1350 4343 1396 4386 re·

414 4483 538 4540 ilverbeu
557 4489 590 4543 itt
600 4483 717 4528 -disrit
735 4481 820 4529 omittit
832 4479 875 4527 Ed.
887 4487 921 4528 i’e.
971 4481 1093 4536 slverbeu
1112 4485 1193 4542 Quae
1211 4501 1233 4518 ·
1253 4490 1398 4526 uersare·

365 4559 433 4598 ruet
452 4551 535 4597 emittit
553 4553 594 4598 sd
612 4556 647 4596 Pr.
723 4550 800 4609 b)}id.
813 4555 847 4596 l’r.
860 4547 1077 4597 trudonensis
