2984 5302
355 507 418 570 tut
562 509 634 588 Cap.
657 507 786 568 cxxiv.
828 507 873 566 De
893 516 992 566 cuncto
1014 506 1182 585 Augustino.

355 667 415 736 ptus
434 665 549 720 necessit
565 670 592 720 et
609 666 743 738 negotium
763 659 907 736 diiigenter
923 663 1054 736 exposuit
1088 662 1142 721 Sed
1167 661 1214 720 ute
1238 676 1293 719 nco
1316 675 1348 719 se
1366 661 1402 718 ud

355 777 412 820 caut
433 765 562 818 conuertit
586 777 635 820 nec
657 779 811 834 responsum
828 761 936 834 sitquod
961 761 1013 818 sibi
1031 761 1105 818 dedit
1122 762 1238 835 ideoque
1263 761 1317 817 iila
1342 775 1403 817 curu

355 864 465 918 tristitia
482 877 577 935 brugna
595 863 714 918 recessit.
750 861 842 918 Altera
859 867 945 917 autern
963 861 1016 930 dte,
1033 877 1089 916 cun
1102 862 1270 934 Augustinus
1290 863 1401 916 nissum

355 960 504 1017 celebraret
525 969 552 1018 ct
577 961 647 1019 dicta
673 962 766 1018 nuiirr
791 963 947 1028 interesset,
979 968 1041 1032 pest
1071 961 1246 1017 elevationem
1273 963 1402 1032 corporis

356 1065 433 1132 rapta
451 1061 476 1114 in
496 1059 590 1131 spiritu
608 1063 675 1118 uidit
694 1078 724 1119 se
748 1063 860 1132 positast
885 1067 945 1115 ants
972 1059 1086 1116 tribunat
1109 1061 1300 1116 sanstissimae
1321 1061 1402 1114 trini-

355 1162 436 1224 tatis,
454 1159 500 1212 nbi
520 1159 585 1214 ridit
602 1161 775 1235 Augustinuun
795 1161 864 1215 tucis
882 1160 1007 1216 inclinata
1025 1158 1058 1217 de
1068 1161 1191 1214 trinitatis
1205 1157 1298 1232 gioria
1311 1163 1401 1214 atten-

356 1259 458 1328 tissiutc
469 1264 496 1314 et
507 1258 693 1315 sublimissime
712 1259 898 1330 disputantem,
916 1258 1038 1332 iactaque
1052 1265 1092 1314 est
1104 1274 1154 1313 vox
1167 1258 1200 1313 ad
1216 1273 1275 1313 east
1290 1257 1402 1313 dicens:

358 1372 414 1411 sunt
442 1356 477 1411 ud
506 1357 680 1430 Augustinus
712 1361 798 1424 tristi,
834 1358 879 1413 iiie
905 1361 944 1412 sic
973 1357 1005 1412 de
1033 1358 1161 1414 trinitatis
1191 1355 1284 1429 gloria
1311 1363 1401 1412 utten-

357 1457 459 1512 tissinre
477 1454 630 1527 disputabat
647 1464 674 1513 et
691 1457 767 1526 ideo,
791 1456 861 1529 quod
884 1455 921 1510 ibi
945 1456 1042 1524 tueris,
1064 1457 1169 1528 penitus
1191 1471 1246 1510 non
1267 1455 1403 1524 ndrertit,

357 1554 405 1610 sed
424 1555 458 1610 nd
475 1571 532 1612 esrn
550 1571 642 1614 securo
660 1558 765 1626 redeas,
785 1558 847 1628 quie
866 1563 894 1613 ct
909 1571 966 1613 cun
985 1555 1273 1612 clementem-inuenies
1290 1561 1320 1610 et
1333 1569 1401 1610 con-

356 1653 444 1709 siliunt
464 1653 571 1710 salubre
590 1657 715 1728 reperies.
752 1655 827 1720 Quod
851 1670 906 1710 curn
932 1653 1056 1722 iecisset,
1088 1654 1252 1728 Augustinus
1280 1653 1401 1726 benigne

358 1767 414 1809 cant
434 1753 534 1810 andirit
551 1761 577 1810 et
594 1755 731 1810 consilium
749 1753 855 1811 saiubrs
873 1753 991 1811 dunnrtt.
1008 1783 1042 1794 —-
1062 1781 1091 1794 -
1109 1783 1141 1795 ·—
1161 1757 1197 1812 ο.
1215 1753 1313 1810 Fertur
1331 1769 1401 1826 quo·

358 1870 424 1928 qne,
451 1852 537 1927 quod,
559 1852 618 1908 duur
641 1853 746 1925 quidem
768 1855 811 1909 rir
832 1859 939 1908 sanctus
965 1855 990 1908 in
1019 1854 1113 1924 spiritu
1130 1859 1222 1922 raptus
1242 1859 1354 1908 sanctos
1371 1856 1400 1907 in

358 1953 446 2027 gioria
468 1953 653 2024 conspexisset
677 1959 703 2006 et
721 1951 824 2008 beatum
844 1954 1018 2026 Augustintun
1038 1954 1141 2006 mininie
1160 1951 1287 2018 vidisset,
1314 1967 1399 2024 pneu-

360 2053 418 2109 dnrn
439 2051 472 2107 de
489 2053 603 2118 sannis,
630 2051 734 2106 ubinen
756 2051 918 2124 Augustinus
941 2059 1030 2118 osset,
1055 2055 1239 2123 percunctatus
1258 2057 1310 2104 esc
1347 2048 1397 2112 out

359 2149 512 2223 respondit:
537 2151 700 2224 Augustinus
722 2150 865 2206 residetis
885 2152 1013 2220 excelsis,
1036 2149 1081 2206 ubi
1105 2150 1223 2221 disputat
1248 2147 1282 2204 de
1307 2149 1400 2221 gioria

359 2249 597 2307 ercettrrusuuns
614 2251 747 2305 trinitatis.
767 2279 802 2291 -
820 2281 853 2291 -
869 2280 904 2292 -
928 2256 988 2311 Ιο.
1007 2249 1069 2305 cru
1092 2249 1197 2322 quidam
1213 2246 1363 2318 Pupienses
1381 2261 1398 2301 a

360 2347 508 2405 uarcbtono
526 2346 695 2419 Ainlnspinae
713 2351 737 2403 iu
755 2363 862 2405 carcerc
881 2349 1072 2416 detinerentur,
1097 2346 1132 2402 ub
1154 2347 1187 2402 iis
1205 2349 1291 2402 omnis
1317 2354 1398 2418 potus

358 2450 462 2519 perettus
483 2453 524 2503 eut
541 2447 712 2514 interdictus,
731 2455 759 2503 ut
776 2453 869 2520 posset
886 2447 919 2502 nb
937 2451 971 2503 iis
989 2462 1085 2520 ursgna
1104 2448 1217 2519 pecunia
1233 2448 1397 2518 extorqueri.

359 2545 432 2602 Unde
450 2545 568 2618 plerique
583 2549 638 2617 jani
658 2548 776 2616 spirituus
796 2546 970 2613 exhalabant,
995 2546 1100 2619 quida·
1118 2561 1181 2602 rcrn
1199 2548 1300 2601 urinam
1318 2544 1398 2601 bibe·

360 2645 433 2712 bant,
453 2651 479 2699 at
493 2645 596 2717 quidam
604 2645 710 2715 juvenis
720 2649 789 2701 inter
800 2661 857 2712 eos,
876 2647 920 2716 qul
934 2648 959 2708 in
970 2646 1074 2702 beatum
1086 2644 1259 2718 Augustinuru
1269 2657 1399 2717 *uagum

360 2743 522 2798 devotionern
552 2741 682 2811 babebat,
715 2748 800 2815 ipsun
833 2746 858 2799 iu
890 2745 932 2799 sut
958 2745 1116 2818 adJ'ntoriurn
1141 2745 1281 2799 irrrucsrit.
1319 2741 1399 2798 Tnnn

359 2843 430 2898 cirea
452 2843 536 2897 noetis
560 2842 672 2898 uredinrs
698 2850 805 2898 sanctur
829 2843 994 2916 Augustinus
1010 2843 1145 2916 praedicto
1163 2842 1329 2898 udoiesccnti
1348 2857 1398 2914 sp-

359 2943 448 3013 pnrstt
464 2946 491 2998 et
509 2944 587 3015 quast
604 2957 704 2998 unnnu
723 2944 781 3014 ejus
798 2941 917 2998 dautran
935 2942 1137 3015 apprehendens
1152 2959 1237 3014 usqne
1251 2941 1285 2997 ud
1299 2941 1398 2998 dunen

359 3039 501 3097 (isareinni
521 3043 604 3111 ipsun
624 3039 732 3096 deduxit
748 3041 837 3113 ibique
861 3057 918 3097 cunt
937 3041 1001 3098 tuito
1020 3043 1082 3098 ritis
1106 3045 1133 3097 tn
1157 3055 1227 3114 aqua
1243 3039 1397 3097 undciacto

358 3143 400 3196 sic
417 3142 476 3210 sJus
494 3140 610 3214 linguatu
628 3139 813 3212 refrigeravit,
837 3145 883 3207 ut,
908 3143 952 3212 ‹prrt
971 3142 1073 3197 urina·
1089 3138 1182 3196 bibero
1201 3143 1338 3212 unptcrat,
1360 3137 1397 3195 do

358 3247 423 3311 potu
441 3242 554 3294 uenturis
572 3253 623 3294 non
642 3243 796 3294 curaret-
810 3269 839 3279 -
852 3268 884 3281 -
903 3245 954 3300 ut.
968 3238 1140 3310 Praepositus
1153 3237 1289 3312 cujusda·
1308 3238 1396 3294 eccie-

359 3340 417 3393 siae
439 3340 466 3393 in
484 3335 587 3393 beatum
610 3338 784 3410 Augustinnnr
811 3353 932 3411 usgnars
950 3338 1115 3394 devotionern
1141 3338 1327 3405 habersuam
1347 3354 1397 3409 per

356 3444 413 3493 tres
432 3451 514 3492 annos
534 3451 640 3509 grnrcrn
659 3437 830 3492 tntrrnitnterr
849 3438 1019 3502 incurrisset,
1042 3438 1080 3493 itu
1096 3444 1124 3492 nt
1144 3437 1177 3494 de
1194 3437 1262 3493 iectu
1281 3451 1396 3510 surgere

357 3553 411 3592 non
428 3536 542 3603 valeret,
567 3535 722 3590 adveniente
747 3535 923 3592 sotterunitste
941 3540 1024 3592 sancti
1043 3537 1194 3610 Augustini,
1218 3549 1275 3593 suu
1291 3538 1348 3607 jann
1366 3538 1395 3618 iu

358 3635 452 3709 sigilis
468 3634 502 3690 nd
521 3649 646 3705 resperas
665 3632 827 3704 pulsaretur,
851 3634 883 3689 nd
906 3635 1051 3708 rogandum
1076 3642 1194 3692 sanotunr
1217 3636 1395 3707 Augustinunt

357 3741 414 3791 tota
442 3732 583 3789 devotione
614 3748 645 3789 se
673 3733 792 3790 eontulit.
833 3731 881 3788 Cui
910 3735 936 3788 tn
966 3733 1036 3789 albis
1067 3733 1230 3806 Augustinus
1259 3748 1393 3806 appatens

357 3833 441 3889 niden
458 3839 501 3887 ter
517 3834 597 3888 citato
616 3833 724 3905 proprio
741 3834 844 3889 nonius
865 3831 944 3887 dixit:
966 3848 1029 3889 eccs
1046 3847 1133 3889 neuun
1151 3836 1248 3889 totiens
1265 3847 1284 3888 u
1299 3838 1327 3889 tc
1348 3849 1394 3890 ro-

357 3938 446 4006 gatus,
463 3947 544 4003 surge
561 3934 614 3987 cito
631 3937 658 3987 et
675 3929 781 3986 celebra
798 3929 859 3986 mibi
885 3932 989 3987 sictona
1016 3931 1199 4003 vespertinum.
1236 3929 1286 3994 ttrt
1310 3945 1392 3988 sanus

356 4046 470 4104 surgens
494 4033 594 4086 cunetis
618 4028 784 4101 stupentibus
811 4029 947 4086 eccicuaut
974 4032 1082 4087 intrarit
1107 4036 1134 4086 et
1157 4029 1270 4086 uibciru
1294 4029 1393 4087 derote

356 4109 470 4203 peregit.
492 4159 525 4172 ·-
551 4159 577 4170 -
606 4157 639 4169 -
677 4132 731 4187 1².
752 4127 814 4185 Gru
841 4130 944 4186 criden
968 4131 1070 4202 pastori
1093 4143 1196 4187 caeru
1222 4127 1298 4186 ricus
1322 4131 1394 4188 inter

356 4228 480 4300 scapuiur
507 4233 590 4282 orturn
616 4231 703 4294 esset,
734 4225 801 4284 oden
826 4228 932 4284 norbae
954 4229 1082 4298 invaluit,
1104 4234 1133 4284 ut
1153 4230 1209 4300 jan
1231 4223 1295 4284 totis
1319 4237 1393 4286 esset

357 4325 455 4382 utribus
474 4323 623 4381 destitutus.
658 4325 708 4390 unt
732 4325 792 4382 dun
816 4327 851 4383 ad
874 4335 992 4384 sunctum
1009 4330 1183 4402 Augustinunr
1201 4341 1295 4400 preces
1313 4329 1392 4384 curit-

354 4431 439 4491 terrt,
461 4423 545 4480 cidens
562 4424 727 4499 Augustinus
746 4427 773 4482 in
793 4427 850 4482 risu
868 4429 992 4500 apparuit
1014 4434 1041 4484 et
1062 4441 1144 4499 snper
1160 4426 1245 4482 incunt
1262 4422 1391 4482 tndrnurn
