<?xml version="1.0" encoding="UTF-8"?>
<!DOCTYPE html PUBLIC "-//W3C//DTD XHTML 1.0 Transitional//EN"
    "http://www.w3.org/TR/xhtml1/DTD/xhtml1-transitional.dtd">
<html xmlns="http://www.w3.org/1999/xhtml" xml:lang="en" lang="en">
 <head>
  <title>
</title>
<meta http-equiv="Content-Type" content="text/html;charset=utf-8" />
  <meta name='ocr-system' content='tesseract 3.04.00' />
  <meta name='ocr-capabilities' content='ocr_page ocr_carea ocr_par ocr_line ocrx_word'/>
</head>
<body>
  <div class='ocr_page' id='page_1' title='image "./jacobiavoragine00jacogoog_0620.png"; bbox 0 0 2918 5302; ppageno 0'>
   <div class='ocr_carea' id='block_1_1' title="bbox 149 481 1139 564">
    <p class='ocr_par' dir='ltr' id='par_1_1' title="bbox 149 481 1139 564">
     <span class='ocr_line' id='line_1_1' title="bbox 149 481 1139 564; baseline 0.001 -21"><span class='ocrx_word' id='word_1_1' title='bbox 149 483 221 564; x_wconf 81' lang='lat' dir='ltr'>Cep.</span> <span class='ocrx_word' id='word_1_2' title='bbox 245 485 402 543; x_wconf 82' lang='lat' dir='ltr'>CXXXiV.</span> <span class='ocrx_word' id='word_1_3' title='bbox 446 487 490 544; x_wconf 89' lang='lat' dir='ltr'>De</span> <span class='ocrx_word' id='word_1_4' title='bbox 512 494 610 542; x_wconf 79' lang='lat' dir='ltr'>saneto</span> <span class='ocrx_word' id='word_1_5' title='bbox 633 483 758 542; x_wconf 75' lang='lat' dir='ltr'>Adriano</span> <span class='ocrx_word' id='word_1_6' title='bbox 780 502 843 542; x_wconf 90' lang='lat' dir='ltr'>cum</span> <span class='ocrx_word' id='word_1_7' title='bbox 865 484 949 542; x_wconf 82' lang='lat' dir='ltr'>soriis</span> <span class='ocrx_word' id='word_1_8' title='bbox 973 486 1040 542; x_wconf 75' lang='lat' dir='ltr'>sois·</span> <span class='ocrx_word' id='word_1_9' title='bbox 1080 481 1139 544; x_wconf 73' lang='lat'>597</span> 
     </span>
    </p>
   </div>
   <div class='ocr_carea' id='block_1_2' title="bbox 83 643 1139 2413">
    <p class='ocr_par' dir='ltr' id='par_1_2' title="bbox 83 643 1139 2413">
     <span class='ocr_line' id='line_1_2' title="bbox 106 643 1138 714; baseline 0 -16"><span class='ocrx_word' id='word_1_10' title='bbox 106 646 238 714; x_wconf 80' lang='lat' dir='ltr'>proprium</span> <span class='ocrx_word' id='word_1_11' title='bbox 264 651 305 698; x_wconf 86' lang='lat' dir='ltr'>est</span> <span class='ocrx_word' id='word_1_12' title='bbox 330 643 460 698; x_wconf 86' lang='lat' dir='ltr'>reduetus.</span> <span class='ocrx_word' id='word_1_13' title='bbox 496 644 558 698; x_wconf 85' lang='lat' dir='ltr'>Cum</span> <span class='ocrx_word' id='word_1_14' title='bbox 584 651 669 699; x_wconf 78' lang='lat' dir='ltr'>sutem</span> <span class='ocrx_word' id='word_1_15' title='bbox 695 647 763 700; x_wconf 81' lang='lat' dir='ltr'>siunt</span> <span class='ocrx_word' id='word_1_16' title='bbox 780 644 853 714; x_wconf 87' lang='lat' dir='ltr'>prius</span> <span class='ocrx_word' id='word_1_17' title='bbox 874 643 953 701; x_wconf 86' lang='lat' dir='ltr'>verbo</span> <span class='ocrx_word' id='word_1_18' title='bbox 975 649 1001 701; x_wconf 81' lang='lat' dir='ltr'>et</span> <span class='ocrx_word' id='word_1_19' title='bbox 1018 643 1138 714; x_wconf 83' lang='lat' dir='ltr'>utempie</span> 
     </span>
     <span class='ocr_line' id='line_1_3' title="bbox 104 741 1138 816; baseline -0.001 -19"><span class='ocrx_word' id='word_1_20' title='bbox 104 741 232 813; x_wconf 81' lang='lat' dir='ltr'>polleret,</span> <span class='ocrx_word' id='word_1_21' title='bbox 257 745 424 815; x_wconf 67' lang='lat' dir='ltr'>insurgentes</span> <span class='ocrx_word' id='word_1_22' title='bbox 449 745 474 799; x_wconf 90' lang='lat' dir='ltr'>in</span> <span class='ocrx_word' id='word_1_23' title='bbox 499 742 634 799; x_wconf 81' lang='lat' dir='ltr'>enindus</span> <span class='ocrx_word' id='word_1_24' title='bbox 660 745 768 814; x_wconf 74' lang='lat' dir='ltr'>maligni</span> <span class='ocrx_word' id='word_1_25' title='bbox 793 759 850 798; x_wconf 86' lang='lat' dir='ltr'>eum</span> <span class='ocrx_word' id='word_1_26' title='bbox 874 745 994 816; x_wconf 73' lang='lat' dir='ltr'>graviter</span> <span class='ocrx_word' id='word_1_27' title='bbox 1013 744 1138 799; x_wconf 81' lang='lat' dir='ltr'>insueturi</span> 
     </span>
     <span class='ocr_line' id='line_1_4' title="bbox 83 841 1138 916; baseline -0.001 -21"><span class='ocrx_word' id='word_1_28' title='bbox 83 849 261 912; x_wconf 77' lang='lat' dir='ltr'>uesperum,</span> <span class='ocrx_word' id='word_1_29' title='bbox 286 858 352 916; x_wconf 81' lang='lat' dir='ltr'>quos</span> <span class='ocrx_word' id='word_1_30' title='bbox 376 846 452 898; x_wconf 89' lang='lat' dir='ltr'>uniui</span> <span class='ocrx_word' id='word_1_31' title='bbox 477 841 658 914; x_wconf 78' lang='lat' dir='ltr'>pumtiieir¹),</span> <span class='ocrx_word' id='word_1_32' title='bbox 687 846 757 898; x_wconf 84' lang='lat' dir='ltr'>siunt</span> <span class='ocrx_word' id='word_1_33' title='bbox 780 851 945 909; x_wconf 82' lang='lat' dir='ltr'>meruerunt,</span> <span class='ocrx_word' id='word_1_34' title='bbox 976 841 1138 898; x_wconf 87' lang='lat' dir='ltr'>oebideruut.</span> 
     </span>
     <span class='ocr_line' id='line_1_5' title="bbox 102 919 1136 1015; baseline 0.001 -19"><span class='ocrx_word' id='word_1_35' title='bbox 102 938 142 996; x_wconf 82' lang='lat' dir='ltr'>Eo</span> <span class='ocrx_word' id='word_1_36' title='bbox 161 947 279 1013; x_wconf 84' lang='lat' dir='ltr'>ternpore</span> <span class='ocrx_word' id='word_1_37' title='bbox 296 943 451 1014; x_wconf 86' lang='lat' dir='ltr'>anpertne</span> <span class='ocrx_word' id='word_1_38' title='bbox 468 943 587 1014; x_wconf 87' lang='lat' dir='ltr'>Piptnnm</span> <span class='ocrx_word' id='word_1_39' title='bbox 606 919 640 998; x_wconf 78' lang='lat' dir='ltr'>de</span> <span class='ocrx_word' id='word_1_40' title='bbox 656 943 768 1014; x_wconf 77' lang='lat' dir='ltr'>quode·</span> <span class='ocrx_word' id='word_1_41' title='bbox 787 945 939 1009; x_wconf 75' lang='lat' dir='ltr'>meretrice,</span> <span class='ocrx_word' id='word_1_42' title='bbox 963 957 1041 1015; x_wconf 77' lang='lat' dir='ltr'>quum</span> <span class='ocrx_word' id='word_1_43' title='bbox 1064 949 1136 998; x_wconf 84' lang='lat' dir='ltr'>tene·</span> 
     </span>
     <span class='ocr_line' id='line_1_6' title="bbox 104 1041 1138 1116; baseline 0 -22"><span class='ocrx_word' id='word_1_44' title='bbox 104 1041 163 1107; x_wconf 83' lang='lat' dir='ltr'>bei,</span> <span class='ocrx_word' id='word_1_45' title='bbox 189 1041 325 1112; x_wconf 85' lang='lat' dir='ltr'>plurinum</span> <span class='ocrx_word' id='word_1_46' title='bbox 344 1044 503 1113; x_wconf 71' lang='lat' dir='ltr'>increpavit,</span> <span class='ocrx_word' id='word_1_47' title='bbox 525 1041 602 1097; x_wconf 88' lang='lat' dir='ltr'>Iiodo</span> <span class='ocrx_word' id='word_1_48' title='bbox 626 1050 711 1098; x_wconf 80' lang='lat' dir='ltr'>emen</span> <span class='ocrx_word' id='word_1_49' title='bbox 734 1045 946 1116; x_wconf 79' lang='lat' dir='ltr'>uonsenguineus</span> <span class='ocrx_word' id='word_1_50' title='bbox 964 1059 1070 1109; x_wconf 88' lang='lat' dir='ltr'>eorum,</span> <span class='ocrx_word' id='word_1_51' title='bbox 1094 1044 1138 1112; x_wconf 83' lang='lat' dir='ltr'>qui</span> 
     </span>
     <span class='ocr_line' id='line_1_7' title="bbox 103 1141 1139 1215; baseline -0.002 -18"><span class='ocrx_word' id='word_1_52' title='bbox 103 1143 186 1198; x_wconf 84' lang='lat' dir='ltr'>oouiri</span> <span class='ocrx_word' id='word_1_53' title='bbox 207 1141 325 1209; x_wconf 82' lang='lat' dir='ltr'>inerant,</span> <span class='ocrx_word' id='word_1_54' title='bbox 348 1149 374 1197; x_wconf 85' lang='lat' dir='ltr'>et</span> <span class='ocrx_word' id='word_1_55' title='bbox 394 1141 478 1198; x_wconf 83' lang='lat' dir='ltr'>irater</span> <span class='ocrx_word' id='word_1_56' title='bbox 501 1144 585 1213; x_wconf 86' lang='lat' dir='ltr'>ipsius</span> <span class='ocrx_word' id='word_1_57' title='bbox 603 1145 758 1212; x_wconf 76' lang='lat' dir='ltr'>meretricis,</span> <span class='ocrx_word' id='word_1_58' title='bbox 776 1143 934 1199; x_wconf 78' lang='lat' dir='ltr'>demesticos</span> <span class='ocrx_word' id='word_1_59' title='bbox 952 1143 1029 1200; x_wconf 82' lang='lat' dir='ltr'>enies</span> <span class='ocrx_word' id='word_1_60' title='bbox 1047 1144 1139 1215; x_wconf 75' lang='lat' dir='ltr'>regine</span> 
     </span>
     <span class='ocr_line' id='line_1_8' title="bbox 102 1240 1139 1317; baseline 0.001 -21"><span class='ocrx_word' id='word_1_61' title='bbox 102 1248 267 1314; x_wconf 76' lang='lat' dir='ltr'>congregato</span> <span class='ocrx_word' id='word_1_62' title='bbox 284 1243 402 1298; x_wconf 83' lang='lat' dir='ltr'>exercitu</span> <span class='ocrx_word' id='word_1_63' title='bbox 421 1240 523 1296; x_wconf 88' lang='lat' dir='ltr'>domum</span> <span class='ocrx_word' id='word_1_64' title='bbox 541 1243 660 1314; x_wconf 84' lang='lat' dir='ltr'>episcopi</span> <span class='ocrx_word' id='word_1_65' title='bbox 686 1245 886 1317; x_wconf 71' lang='lat' dir='ltr'>circumquaque</span> <span class='ocrx_word' id='word_1_66' title='bbox 904 1243 1024 1310; x_wconf 75' lang='lat' dir='ltr'>obsedit,</span> <span class='ocrx_word' id='word_1_67' title='bbox 1047 1241 1139 1298; x_wconf 86' lang='lat' dir='ltr'>roirns</span> 
     </span>
     <span class='ocr_line' id='line_1_9' title="bbox 103 1343 1138 1414; baseline 0 -18"><span class='ocrx_word' id='word_1_68' title='bbox 103 1343 249 1396; x_wconf 87' lang='lat' dir='ltr'>oeuirorum</span> <span class='ocrx_word' id='word_1_69' title='bbox 271 1355 359 1396; x_wconf 79' lang='lat' dir='ltr'>nerem</span> <span class='ocrx_word' id='word_1_70' title='bbox 385 1343 411 1396; x_wconf 91' lang='lat' dir='ltr'>in</span> <span class='ocrx_word' id='word_1_71' title='bbox 434 1347 527 1396; x_wconf 86' lang='lat' dir='ltr'>semoto</span> <span class='ocrx_word' id='word_1_72' title='bbox 552 1343 695 1400; x_wconf 81' lang='lat' dir='ltr'>rindiuure.</span> <span class='ocrx_word' id='word_1_73' title='bbox 730 1345 765 1400; x_wconf 83' lang='lat' dir='ltr'>itu</span> <span class='ocrx_word' id='word_1_74' title='bbox 788 1359 845 1399; x_wconf 85' lang='lat' dir='ltr'>euru</span> <span class='ocrx_word' id='word_1_75' title='bbox 870 1360 935 1414; x_wconf 86' lang='lat' dir='ltr'>puer</span> <span class='ocrx_word' id='word_1_76' title='bbox 952 1343 1093 1413; x_wconf 83' lang='lat' dir='ltr'>Lunperto</span> <span class='ocrx_word' id='word_1_77' title='bbox 1111 1345 1138 1396; x_wconf 92' lang='lat' dir='ltr'>in</span> 
     </span>
     <span class='ocr_line' id='line_1_10' title="bbox 102 1441 1137 1516; baseline 0.001 -20"><span class='ocrx_word' id='word_1_78' title='bbox 102 1442 223 1496; x_wconf 76' lang='lat' dir='ltr'>oratione</span> <span class='ocrx_word' id='word_1_79' title='bbox 244 1444 332 1513; x_wconf 92' lang='lat' dir='ltr'>posito</span> <span class='ocrx_word' id='word_1_80' title='bbox 351 1443 508 1509; x_wconf 72' lang='lat' dir='ltr'>nuntiasset,</span> <span class='ocrx_word' id='word_1_81' title='bbox 527 1442 573 1497; x_wconf 92' lang='lat' dir='ltr'>iiie</span> <span class='ocrx_word' id='word_1_82' title='bbox 592 1441 706 1498; x_wconf 83' lang='lat' dir='ltr'>obnisus</span> <span class='ocrx_word' id='word_1_83' title='bbox 725 1447 750 1499; x_wconf 96' lang='lat' dir='ltr'>tn</span> <span class='ocrx_word' id='word_1_84' title='bbox 768 1443 883 1510; x_wconf 84' lang='lat' dir='ltr'>domino,</span> <span class='ocrx_word' id='word_1_85' title='bbox 902 1448 989 1499; x_wconf 87' lang='lat' dir='ltr'>uieos</span> <span class='ocrx_word' id='word_1_86' title='bbox 1002 1457 1137 1516; x_wconf 67' lang='lat' dir='ltr'>expugne-</span> 
     </span>
     <span class='ocr_line' id='line_1_11' title="bbox 103 1523 1137 1616; baseline 0.002 -20"><span class='ocrx_word' id='word_1_87' title='bbox 103 1547 159 1609; x_wconf 83' lang='lat' dir='ltr'>ret,</span> <span class='ocrx_word' id='word_1_88' title='bbox 184 1557 331 1598; x_wconf 86' lang='lat' dir='ltr'>mueronem</span> <span class='ocrx_word' id='word_1_89' title='bbox 349 1543 478 1612; x_wconf 76' lang='lat' dir='ltr'>erripuit,</span> <span class='ocrx_word' id='word_1_90' title='bbox 503 1543 551 1598; x_wconf 87' lang='lat' dir='ltr'>sed</span> <span class='ocrx_word' id='word_1_91' title='bbox 569 1523 603 1598; x_wconf 78' lang='lat' dir='ltr'>ed</span> <span class='ocrx_word' id='word_1_92' title='bbox 621 1559 651 1598; x_wconf 89' lang='lat' dir='ltr'>ee</span> <span class='ocrx_word' id='word_1_93' title='bbox 669 1544 776 1600; x_wconf 87' lang='lat' dir='ltr'>rediens</span> <span class='ocrx_word' id='word_1_94' title='bbox 793 1543 910 1616; x_wconf 74' lang='lat' dir='ltr'>glatiem</span> <span class='ocrx_word' id='word_1_95' title='bbox 929 1544 962 1598; x_wconf 93' lang='lat' dir='ltr'>de</span> <span class='ocrx_word' id='word_1_96' title='bbox 980 1559 1057 1598; x_wconf 83' lang='lat' dir='ltr'>manu</span> <span class='ocrx_word' id='word_1_97' title='bbox 1076 1559 1137 1614; x_wconf 88' lang='lat' dir='ltr'>pre-</span> 
     </span>
     <span class='ocr_line' id='line_1_12' title="bbox 99 1642 1137 1715; baseline -0.001 -18"><span class='ocrx_word' id='word_1_98' title='bbox 99 1643 184 1714; x_wconf 83' lang='lat' dir='ltr'>Jeuit,</span> <span class='ocrx_word' id='word_1_99' title='bbox 202 1643 295 1698; x_wconf 88' lang='lat' dir='ltr'>meiius</span> <span class='ocrx_word' id='word_1_100' title='bbox 309 1642 451 1714; x_wconf 83' lang='lat' dir='ltr'>Judieunr,</span> <span class='ocrx_word' id='word_1_101' title='bbox 475 1647 505 1697; x_wconf 93' lang='lat' dir='ltr'>ut</span> <span class='ocrx_word' id='word_1_102' title='bbox 523 1643 691 1713; x_wconf 83' lang='lat' dir='ltr'>persistendo</span> <span class='ocrx_word' id='word_1_103' title='bbox 710 1652 737 1699; x_wconf 88' lang='lat' dir='ltr'>et</span> <span class='ocrx_word' id='word_1_104' title='bbox 755 1643 891 1699; x_wconf 89' lang='lat' dir='ltr'>moriendo</span> <span class='ocrx_word' id='word_1_105' title='bbox 911 1645 1041 1706; x_wconf 85' lang='lat' dir='ltr'>rinueret,</span> <span class='ocrx_word' id='word_1_106' title='bbox 1060 1657 1137 1715; x_wconf 79' lang='lat' dir='ltr'>qnam</span> 
     </span>
     <span class='ocr_line' id='line_1_13' title="bbox 102 1723 1137 1816; baseline 0 -18"><span class='ocrx_word' id='word_1_107' title='bbox 102 1750 130 1798; x_wconf 86' lang='lat' dir='ltr'>nt</span> <span class='ocrx_word' id='word_1_108' title='bbox 147 1750 268 1798; x_wconf 74' lang='lat' dir='ltr'>suentes</span> <span class='ocrx_word' id='word_1_109' title='bbox 286 1757 377 1798; x_wconf 81' lang='lat' dir='ltr'>munus</span> <span class='ocrx_word' id='word_1_110' title='bbox 396 1741 429 1798; x_wconf 90' lang='lat' dir='ltr'>de</span> <span class='ocrx_word' id='word_1_111' title='bbox 447 1723 584 1814; x_wconf 86' lang='lat' dir='ltr'>impiorum</span> <span class='ocrx_word' id='word_1_112' title='bbox 603 1747 732 1816; x_wconf 75' lang='lat' dir='ltr'>sanguine</span> <span class='ocrx_word' id='word_1_113' title='bbox 751 1743 902 1800; x_wconf 85' lang='lat' dir='ltr'>meeuiuret.</span> <span class='ocrx_word' id='word_1_114' title='bbox 937 1741 1013 1798; x_wconf 83' lang='lat' dir='ltr'>Tune</span> <span class='ocrx_word' id='word_1_115' title='bbox 1032 1745 1071 1797; x_wconf 87' lang='lat' dir='ltr'>rtr</span> <span class='ocrx_word' id='word_1_116' title='bbox 1089 1741 1137 1798; x_wconf 78' lang='lat' dir='ltr'>bet</span> 
     </span>
     <span class='ocr_line' id='line_1_14' title="bbox 101 1843 1139 1915; baseline -0.001 -16"><span class='ocrx_word' id='word_1_117' title='bbox 101 1859 165 1900; x_wconf 82' lang='lat' dir='ltr'>snos</span> <span class='ocrx_word' id='word_1_118' title='bbox 189 1843 340 1908; x_wconf 77' lang='lat' dir='ltr'>admonuit,</span> <span class='ocrx_word' id='word_1_119' title='bbox 365 1848 394 1896; x_wconf 92' lang='lat' dir='ltr'>ut</span> <span class='ocrx_word' id='word_1_120' title='bbox 415 1847 526 1913; x_wconf 75' lang='lat' dir='ltr'>pecunie</span> <span class='ocrx_word' id='word_1_121' title='bbox 550 1857 600 1898; x_wconf 83' lang='lat' dir='ltr'>sos</span> <span class='ocrx_word' id='word_1_122' title='bbox 622 1844 808 1900; x_wconf 81' lang='lat' dir='ltr'>reniterentur</span> <span class='ocrx_word' id='word_1_123' title='bbox 829 1851 857 1901; x_wconf 91' lang='lat' dir='ltr'>et</span> <span class='ocrx_word' id='word_1_124' title='bbox 880 1853 987 1900; x_wconf 90' lang='lat' dir='ltr'>mortem</span> <span class='ocrx_word' id='word_1_125' title='bbox 1007 1846 1139 1915; x_wconf 74' lang='lat' dir='ltr'>patienter</span> 
     </span>
     <span class='ocr_line' id='line_1_15' title="bbox 101 1943 1137 2016; baseline 0 -18"><span class='ocrx_word' id='word_1_126' title='bbox 101 1947 275 2007; x_wconf 83' lang='lat' dir='ltr'>sustinerent,</span> <span class='ocrx_word' id='word_1_127' title='bbox 293 1943 434 2013; x_wconf 74' lang='lat' dir='ltr'>statimque</span> <span class='ocrx_word' id='word_1_128' title='bbox 453 1944 524 2014; x_wconf 89' lang='lat' dir='ltr'>impii</span> <span class='ocrx_word' id='word_1_129' title='bbox 543 1946 672 2000; x_wconf 86' lang='lat' dir='ltr'>irruentes</span> <span class='ocrx_word' id='word_1_130' title='bbox 685 1952 807 1999; x_wconf 23' lang='lat' dir='ltr'>*semotum</span> <span class='ocrx_word' id='word_1_131' title='bbox 827 1947 851 1999; x_wconf 90' lang='lat' dir='ltr'>in</span> <span class='ocrx_word' id='word_1_132' title='bbox 870 1947 991 2000; x_wconf 83' lang='lat' dir='ltr'>oratione</span> <span class='ocrx_word' id='word_1_133' title='bbox 1011 1944 1137 2016; x_wconf 83' lang='lat' dir='ltr'>Lemper-</span> 
     </span>
     <span class='ocr_line' id='line_1_16' title="bbox 100 2041 1137 2114; baseline 0.003 -18"><span class='ocrx_word' id='word_1_134' title='bbox 100 2050 154 2097; x_wconf 85' lang='lat' dir='ltr'>tum</span> <span class='ocrx_word' id='word_1_135' title='bbox 173 2047 331 2113; x_wconf 70' lang='lat' dir='ltr'>prostratum</span> <span class='ocrx_word' id='word_1_136' title='bbox 351 2049 518 2111; x_wconf 89' lang='lat' dir='ltr'>peremerunt</span> <span class='ocrx_word' id='word_1_137' title='bbox 539 2043 611 2097; x_wconf 74' lang='lat' dir='ltr'>uirus</span> <span class='ocrx_word' id='word_1_138' title='bbox 633 2057 718 2098; x_wconf 79' lang='lat' dir='ltr'>annos</span> <span class='ocrx_word' id='word_1_139' title='bbox 742 2043 840 2098; x_wconf 88' lang='lat' dir='ltr'>domini</span> <span class='ocrx_word' id='word_1_140' title='bbox 860 2043 1001 2114; x_wconf 54' lang='lat' dir='ltr'>nociti.</span> <span class='ocrx_word' id='word_1_141' title='bbox 1037 2041 1137 2106; x_wconf 79' lang='lat' dir='ltr'>Quibus</span> 
     </span>
     <span class='ocr_line' id='line_1_17' title="bbox 101 2140 1136 2215; baseline 0.003 -20"><span class='ocrx_word' id='word_1_142' title='bbox 101 2140 298 2196; x_wconf 75' lang='lat' dir='ltr'>discedentibus</span> <span class='ocrx_word' id='word_1_143' title='bbox 318 2141 423 2213; x_wconf 77' lang='lat' dir='ltr'>qnidam</span> <span class='ocrx_word' id='word_1_144' title='bbox 441 2157 475 2197; x_wconf 84' lang='lat' dir='ltr'>ex</span> <span class='ocrx_word' id='word_1_145' title='bbox 493 2141 552 2213; x_wconf 74' lang='lat' dir='ltr'>ejus</span> <span class='ocrx_word' id='word_1_146' title='bbox 570 2141 676 2198; x_wconf 85' lang='lat' dir='ltr'>tenutis</span> <span class='ocrx_word' id='word_1_147' title='bbox 694 2143 836 2200; x_wconf 84' lang='lat' dir='ltr'>eredentes</span> <span class='ocrx_word' id='word_1_148' title='bbox 851 2159 947 2215; x_wconf 85' lang='lat' dir='ltr'>eorpus</span> <span class='ocrx_word' id='word_1_149' title='bbox 962 2145 1019 2214; x_wconf 88' lang='lat' dir='ltr'>ejus</span> <span class='ocrx_word' id='word_1_150' title='bbox 1033 2143 1136 2198; x_wconf 89' lang='lat' dir='ltr'>oouuite</span> 
     </span>
     <span class='ocr_line' id='line_1_18' title="bbox 100 2223 1134 2314; baseline 0 -18"><span class='ocrx_word' id='word_1_151' title='bbox 100 2240 136 2296; x_wconf 84' lang='lat' dir='ltr'>ed</span> <span class='ocrx_word' id='word_1_152' title='bbox 160 2239 338 2298; x_wconf 79' lang='lat' dir='ltr'>estiodrrie·</span> <span class='ocrx_word' id='word_1_153' title='bbox 360 2241 501 2297; x_wconf 86' lang='lat' dir='ltr'>euniesiun</span> <span class='ocrx_word' id='word_1_154' title='bbox 524 2243 633 2314; x_wconf 75' lang='lat' dir='ltr'>navigio</span> <span class='ocrx_word' id='word_1_155' title='bbox 656 2223 878 2312; x_wconf 83' lang='lat' dir='ltr'>perduxeruniei</span> <span class='ocrx_word' id='word_1_156' title='bbox 896 2258 952 2299; x_wconf 91' lang='lat' dir='ltr'>eum</span> <span class='ocrx_word' id='word_1_157' title='bbox 974 2242 1054 2299; x_wconf 84' lang='lat' dir='ltr'>mulie</span> <span class='ocrx_word' id='word_1_158' title='bbox 1070 2243 1134 2298; x_wconf 83' lang='lat' dir='ltr'>oiri·</span> 
     </span>
     <span class='ocr_line' id='line_1_19' title="bbox 100 2337 637 2413; baseline 0 -17"><span class='ocrx_word' id='word_1_159' title='bbox 100 2343 163 2397; x_wconf 84' lang='lat' dir='ltr'>tutis</span> <span class='ocrx_word' id='word_1_160' title='bbox 183 2343 315 2398; x_wconf 74' lang='lat' dir='ltr'>moestitia</span> <span class='ocrx_word' id='word_1_161' title='bbox 332 2341 485 2413; x_wconf 75' lang='lat' dir='ltr'>sepulturae</span> <span class='ocrx_word' id='word_1_162' title='bbox 502 2337 637 2398; x_wconf 83' lang='lat' dir='ltr'>dederunt.</span> 
     </span>
    </p>
   </div>
   <div class='ocr_carea' id='block_1_3' title="bbox 514 2587 720 2602">
    <p class='ocr_par' dir='ltr' id='par_1_3' title="bbox 514 2587 720 2602">
     <span class='ocr_line' id='line_1_20' title="bbox 514 2587 720 2602; baseline 0.019 -4"><span class='ocrx_word' id='word_1_163' title='bbox 514 2587 720 2602; x_wconf 55' lang='grc' dir='ltr'>...Ι-Ἥ</span> 
     </span>
    </p>
   </div>
   <div class='ocr_carea' id='block_1_4' title="bbox 404 2826 832 2926">
    <p class='ocr_par' dir='ltr' id='par_1_4' title="bbox 404 2826 832 2926">
     <span class='ocr_line' id='line_1_21' title="bbox 404 2826 832 2926; baseline 0.012 -5"><span class='ocrx_word' id='word_1_164' title='bbox 404 2826 499 2922; x_wconf 81' lang='lat' dir='ltr'>tit.</span> <span class='ocrx_word' id='word_1_165' title='bbox 526 2826 696 2926; x_wconf 81' lang='lat' dir='ltr'>bittit.</span> <span class='ocrx_word' id='word_1_166' title='bbox 721 2829 832 2926; x_wconf 81' lang='grc'><strong>(127.)</strong></span> 
     </span>
    </p>
   </div>
   <div class='ocr_carea' id='block_1_5' title="bbox 128 2975 1214 3052">
    <p class='ocr_par' dir='ltr' id='par_1_5' title="bbox 128 2975 1214 3086">
     <span class='ocr_line' id='line_1_22' title="bbox 128 2975 1214 3052; baseline 0.005 -6"><span class='ocrx_word' id='word_1_167' title='bbox 128 2977 203 3046; x_wconf 80' lang='lat' dir='ltr'>ne</span> <span class='ocrx_word' id='word_1_168' title='bbox 225 2977 389 3046; x_wconf 79' lang='lat' dir='ltr'>saneto</span> <span class='ocrx_word' id='word_1_169' title='bbox 411 2975 624 3050; x_wconf 71' lang='lat' dir='ltr'>Adriano</span> <span class='ocrx_word' id='word_1_170' title='bbox 650 2979 795 3049; x_wconf 82' lang='lat' dir='ltr'>’ioum</span> <span class='ocrx_word' id='word_1_171' title='bbox 818 2977 965 3051; x_wconf 70' lang='lat' dir='ltr'>boetis</span> <span class='ocrx_word' id='word_1_172' title='bbox 988 2979 1102 3052; x_wconf 80' lang='lat' dir='ltr'>suis.</span> <span class='ocrx_word' id='word_1_173' title='bbox 1213 2977 1214 2980; x_wconf 63' lang='lat'>‘</span> 
     </span>
    </p>
   </div>
   <div class='ocr_carea' id='block_1_6' title="bbox 96 3143 1135 4315">
    <p class='ocr_par' dir='ltr' id='par_1_6' title="bbox 96 3143 1135 4315">
     <span class='ocr_line' id='line_1_23' title="bbox 163 3143 1135 3218; baseline 0.002 -21"><span class='ocrx_word' id='word_1_174' title='bbox 163 3143 295 3199; x_wconf 84' lang='lat' dir='ltr'>itdrisnus</span> <span class='ocrx_word' id='word_1_175' title='bbox 321 3159 338 3199; x_wconf 86' lang='lat' dir='ltr'>e</span> <span class='ocrx_word' id='word_1_176' title='bbox 361 3143 523 3201; x_wconf 77' lang='lat' dir='ltr'>Maximiano</span> <span class='ocrx_word' id='word_1_177' title='bbox 543 3149 704 3217; x_wconf 77' lang='lat' dir='ltr'>imperatore</span> <span class='ocrx_word' id='word_1_178' title='bbox 728 3150 856 3218; x_wconf 78' lang='lat' dir='ltr'>regnante</span> <span class='ocrx_word' id='word_1_179' title='bbox 880 3148 1022 3201; x_wconf 73' lang='lat' dir='ltr'>martirium</span> <span class='ocrx_word' id='word_1_180' title='bbox 1040 3159 1135 3216; x_wconf 87' lang='lat' dir='ltr'>pessus</span> 
     </span>
     <span class='ocr_line' id='line_1_24' title="bbox 98 3241 1135 3316; baseline 0.001 -20"><span class='ocrx_word' id='word_1_181' title='bbox 98 3249 149 3300; x_wconf 87' lang='lat' dir='ltr'>est.</span> <span class='ocrx_word' id='word_1_182' title='bbox 182 3241 246 3297; x_wconf 78' lang='lat' dir='ltr'>tiu·</span> <span class='ocrx_word' id='word_1_183' title='bbox 269 3245 337 3300; x_wconf 89' lang='lat' dir='ltr'>enim</span> <span class='ocrx_word' id='word_1_184' title='bbox 362 3245 516 3316; x_wconf 79' lang='lat' dir='ltr'>praedictus</span> <span class='ocrx_word' id='word_1_185' title='bbox 538 3245 715 3302; x_wconf 79' lang='lat' dir='ltr'>Meniminnus</span> <span class='ocrx_word' id='word_1_186' title='bbox 739 3248 766 3299; x_wconf 93' lang='lat' dir='ltr'>tn</span> <span class='ocrx_word' id='word_1_187' title='bbox 789 3243 943 3300; x_wconf 86' lang='lat' dir='ltr'>Nteomediu</span> <span class='ocrx_word' id='word_1_188' title='bbox 961 3245 1026 3300; x_wconf 83' lang='lat' dir='ltr'>erbe</span> <span class='ocrx_word' id='word_1_189' title='bbox 1047 3243 1135 3314; x_wconf 78' lang='lat' dir='ltr'>pdoiis</span> 
     </span>
     <span class='ocr_line' id='line_1_25' title="bbox 99 3341 1135 3416; baseline 0.004 -22"><span class='ocrx_word' id='word_1_190' title='bbox 99 3341 260 3409; x_wconf 69' lang='lat' dir='ltr'>inmutaret,</span> <span class='ocrx_word' id='word_1_191' title='bbox 287 3345 366 3414; x_wconf 74' lang='lat' dir='ltr'>iussn</span> <span class='ocrx_word' id='word_1_192' title='bbox 393 3345 451 3416; x_wconf 74' lang='lat' dir='ltr'>ejus</span> <span class='ocrx_word' id='word_1_193' title='bbox 475 3348 560 3401; x_wconf 84' lang='lat' dir='ltr'>uunnti</span> <span class='ocrx_word' id='word_1_194' title='bbox 583 3345 743 3401; x_wconf 78' lang='lat' dir='ltr'>christianos</span> <span class='ocrx_word' id='word_1_195' title='bbox 766 3345 950 3416; x_wconf 80' lang='lat' dir='ltr'>perquirentes</span> <span class='ocrx_word' id='word_1_196' title='bbox 973 3343 1019 3397; x_wconf 83' lang='lat' dir='ltr'>eiii</span> <span class='ocrx_word' id='word_1_197' title='bbox 1041 3343 1135 3399; x_wconf 88' lang='lat' dir='ltr'>timore</span> 
     </span>
     <span class='ocr_line' id='line_1_26' title="bbox 97 3443 1135 3516; baseline 0.003 -21"><span class='ocrx_word' id='word_1_198' title='bbox 97 3453 215 3511; x_wconf 86' lang='lat' dir='ltr'>poense,</span> <span class='ocrx_word' id='word_1_199' title='bbox 240 3443 287 3496; x_wconf 80' lang='lat' dir='ltr'>aiii</span> <span class='ocrx_word' id='word_1_200' title='bbox 310 3457 399 3500; x_wconf 82' lang='lat' dir='ltr'>eruore</span> <span class='ocrx_word' id='word_1_201' title='bbox 423 3447 570 3516; x_wconf 78' lang='lat' dir='ltr'>promissos</span> <span class='ocrx_word' id='word_1_202' title='bbox 588 3447 730 3515; x_wconf 85' lang='lat' dir='ltr'>pecunius,</span> <span class='ocrx_word' id='word_1_203' title='bbox 756 3445 836 3498; x_wconf 85' lang='lat' dir='ltr'>rietni</span> <span class='ocrx_word' id='word_1_204' title='bbox 855 3445 971 3509; x_wconf 86' lang='lat' dir='ltr'>riuioos,</span> <span class='ocrx_word' id='word_1_205' title='bbox 994 3445 1135 3516; x_wconf 83' lang='lat' dir='ltr'>propinqui</span> 
     </span>
     <span class='ocr_line' id='line_1_27' title="bbox 98 3537 1135 3615; baseline 0.005 -22"><span class='ocrx_word' id='word_1_206' title='bbox 98 3537 258 3597; x_wconf 77' lang='lat' dir='ltr'>domesticos</span> <span class='ocrx_word' id='word_1_207' title='bbox 276 3541 310 3597; x_wconf 81' lang='lat' dir='ltr'>sd</span> <span class='ocrx_word' id='word_1_208' title='bbox 328 3539 486 3614; x_wconf 85' lang='lat' dir='ltr'>suppiieinm</span> <span class='ocrx_word' id='word_1_209' title='bbox 503 3541 662 3612; x_wconf 75' lang='lat' dir='ltr'>trabebant,</span> <span class='ocrx_word' id='word_1_210' title='bbox 687 3546 756 3600; x_wconf 90' lang='lat' dir='ltr'>inter</span> <span class='ocrx_word' id='word_1_211' title='bbox 779 3557 846 3614; x_wconf 83' lang='lat' dir='ltr'>quos</span> <span class='ocrx_word' id='word_1_212' title='bbox 864 3540 976 3598; x_wconf 75' lang='lat' dir='ltr'>xxxiii</span> <span class='ocrx_word' id='word_1_213' title='bbox 994 3557 1011 3597; x_wconf 81' lang='lat' dir='ltr'>e</span> <span class='ocrx_word' id='word_1_214' title='bbox 1028 3546 1135 3615; x_wconf 81' lang='lat' dir='ltr'>perqui-</span> 
     </span>
     <span class='ocr_line' id='line_1_28' title="bbox 98 3640 1134 3716; baseline 0.006 -24"><span class='ocrx_word' id='word_1_215' title='bbox 98 3640 216 3696; x_wconf 85' lang='lat' dir='ltr'>rentibus</span> <span class='ocrx_word' id='word_1_216' title='bbox 239 3641 421 3713; x_wconf 86' lang='lat' dir='ltr'>oomprehensi</span> <span class='ocrx_word' id='word_1_217' title='bbox 445 3650 507 3699; x_wconf 89' lang='lat' dir='ltr'>unte</span> <span class='ocrx_word' id='word_1_218' title='bbox 531 3659 622 3716; x_wconf 79' lang='lat' dir='ltr'>regern</span> <span class='ocrx_word' id='word_1_219' title='bbox 643 3643 750 3699; x_wconf 86' lang='lat' dir='ltr'>edduutt</span> <span class='ocrx_word' id='word_1_220' title='bbox 773 3650 844 3702; x_wconf 85' lang='lat' dir='ltr'>sunt.</span> <span class='ocrx_word' id='word_1_221' title='bbox 879 3641 980 3706; x_wconf 79' lang='lat' dir='ltr'>Quibus</span> <span class='ocrx_word' id='word_1_222' title='bbox 998 3657 1059 3698; x_wconf 84' lang='lat' dir='ltr'>res:</span> <span class='ocrx_word' id='word_1_223' title='bbox 1083 3659 1134 3698; x_wconf 87' lang='lat' dir='ltr'>non</span> 
     </span>
     <span class='ocr_line' id='line_1_29' title="bbox 97 3739 1134 3814; baseline 0.002 -18"><span class='ocrx_word' id='word_1_224' title='bbox 97 3739 237 3808; x_wconf 69' lang='lat' dir='ltr'>audiistis,</span> <span class='ocrx_word' id='word_1_225' title='bbox 261 3743 349 3812; x_wconf 78' lang='lat' dir='ltr'>quetis</span> <span class='ocrx_word' id='word_1_226' title='bbox 372 3757 459 3813; x_wconf 84' lang='lat' dir='ltr'>poene</span> <span class='ocrx_word' id='word_1_227' title='bbox 482 3742 611 3799; x_wconf 79' lang='lat' dir='ltr'>edrerms</span> <span class='ocrx_word' id='word_1_228' title='bbox 637 3741 796 3798; x_wconf 84' lang='lat' dir='ltr'>ebrietisnos</span> <span class='ocrx_word' id='word_1_229' title='bbox 819 3745 908 3814; x_wconf 82' lang='lat' dir='ltr'>posite</span> <span class='ocrx_word' id='word_1_230' title='bbox 925 3745 980 3798; x_wconf 82' lang='lat' dir='ltr'>etti</span> <span class='ocrx_word' id='word_1_231' title='bbox 1015 3741 1063 3798; x_wconf 83' lang='lat' dir='ltr'>(tui</span> <span class='ocrx_word' id='word_1_232' title='bbox 1080 3743 1134 3798; x_wconf 87' lang='lat' dir='ltr'>itii:</span> 
     </span>
     <span class='ocr_line' id='line_1_30' title="bbox 97 3840 1134 3914; baseline 0.002 -19"><span class='ocrx_word' id='word_1_233' title='bbox 97 3840 246 3898; x_wconf 83' lang='lat' dir='ltr'>audirimus</span> <span class='ocrx_word' id='word_1_234' title='bbox 270 3849 297 3898; x_wconf 88' lang='lat' dir='ltr'>et</span> <span class='ocrx_word' id='word_1_235' title='bbox 319 3843 448 3898; x_wconf 81' lang='lat' dir='ltr'>stultitiae</span> <span class='ocrx_word' id='word_1_236' title='bbox 475 3849 539 3899; x_wconf 86' lang='lat' dir='ltr'>tuse</span> <span class='ocrx_word' id='word_1_237' title='bbox 556 3841 688 3914; x_wconf 85' lang='lat' dir='ltr'>jussionis</span> <span class='ocrx_word' id='word_1_238' title='bbox 714 3844 851 3898; x_wconf 83' lang='lat' dir='ltr'>irrisimus.</span> <span class='ocrx_word' id='word_1_239' title='bbox 887 3842 963 3898; x_wconf 85' lang='lat' dir='ltr'>Tune</span> <span class='ocrx_word' id='word_1_240' title='bbox 987 3845 1134 3912; x_wconf 72' lang='lat' dir='ltr'>restratus</span> 
     </span>
     <span class='ocr_line' id='line_1_31' title="bbox 97 3939 1134 4015; baseline 0 -19"><span class='ocrx_word' id='word_1_241' title='bbox 97 3943 185 3998; x_wconf 81' lang='lat' dir='ltr'>nerris</span> <span class='ocrx_word' id='word_1_242' title='bbox 209 3940 298 3998; x_wconf 84' lang='lat' dir='ltr'>erodis</span> <span class='ocrx_word' id='word_1_243' title='bbox 323 3955 371 3997; x_wconf 88' lang='lat' dir='ltr'>eos</span> <span class='ocrx_word' id='word_1_244' title='bbox 396 3939 473 3998; x_wconf 85' lang='lat' dir='ltr'>ueedi</span> <span class='ocrx_word' id='word_1_245' title='bbox 493 3945 576 4015; x_wconf 82' lang='lat' dir='ltr'>jussit</span> <span class='ocrx_word' id='word_1_246' title='bbox 601 3949 627 3998; x_wconf 89' lang='lat' dir='ltr'>et</span> <span class='ocrx_word' id='word_1_247' title='bbox 653 3941 788 4014; x_wconf 78' lang='lat' dir='ltr'>tepidiore</span> <span class='ocrx_word' id='word_1_248' title='bbox 814 3957 863 3998; x_wconf 78' lang='lat' dir='ltr'>ors</span> <span class='ocrx_word' id='word_1_249' title='bbox 891 3957 981 3998; x_wconf 86' lang='lat' dir='ltr'>eorum</span> <span class='ocrx_word' id='word_1_250' title='bbox 1010 3942 1134 4000; x_wconf 74' lang='lat' dir='ltr'>contrudi</span> 
     </span>
     <span class='ocr_line' id='line_1_32' title="bbox 96 4041 1135 4114; baseline 0.001 -19"><span class='ocrx_word' id='word_1_251' title='bbox 96 4041 231 4097; x_wconf 84' lang='lat' dir='ltr'>nrsnderit</span> <span class='ocrx_word' id='word_1_252' title='bbox 253 4057 287 4096; x_wconf 82' lang='lat' dir='ltr'>eu</span> <span class='ocrx_word' id='word_1_253' title='bbox 310 4047 438 4097; x_wconf 83' lang='lat' dir='ltr'>emnotsts</span> <span class='ocrx_word' id='word_1_254' title='bbox 460 4043 664 4114; x_wconf 76' lang='lat' dir='ltr'>uniuscnjusque</span> <span class='ocrx_word' id='word_1_255' title='bbox 690 4042 858 4099; x_wconf 86' lang='lat' dir='ltr'>eoniessione</span> <span class='ocrx_word' id='word_1_256' title='bbox 885 4042 957 4099; x_wconf 85' lang='lat' dir='ltr'>terro</span> <span class='ocrx_word' id='word_1_257' title='bbox 981 4043 1083 4098; x_wconf 77' lang='lat' dir='ltr'>vinetus</span> <span class='ocrx_word' id='word_1_258' title='bbox 1108 4043 1135 4096; x_wconf 93' lang='lat' dir='ltr'>in</span> 
     </span>
     <span class='ocr_line' id='line_1_33' title="bbox 97 4139 1134 4222; baseline 0 -26"><span class='ocrx_word' id='word_1_259' title='bbox 97 4155 205 4196; x_wconf 83' lang='lat' dir='ltr'>uerrere</span> <span class='ocrx_word' id='word_1_260' title='bbox 232 4139 333 4196; x_wconf 85' lang='lat' dir='ltr'>rreiudi</span> <span class='ocrx_word' id='word_1_261' title='bbox 364 4143 508 4212; x_wconf 81' lang='lat' dir='ltr'>praecepit.</span> <span class='ocrx_word' id='word_1_262' title='bbox 551 4141 665 4205; x_wconf 79' lang='lat' dir='ltr'>Quorum</span> <span class='ocrx_word' id='word_1_263' title='bbox 694 4146 868 4222; x_wconf 75' lang='lat' dir='ltr'>constantium</span> <span class='ocrx_word' id='word_1_264' title='bbox 897 4142 1029 4198; x_wconf 69' lang='lat' dir='ltr'>Atrianus</span> <span class='ocrx_word' id='word_1_265' title='bbox 1062 4144 1134 4213; x_wconf 85' lang='lat' dir='ltr'>prior</span> 
     </span>
     <span class='ocr_line' id='line_1_34' title="bbox 96 4240 1133 4315; baseline 0 -19"><span class='ocrx_word' id='word_1_266' title='bbox 96 4240 178 4297; x_wconf 83' lang='lat' dir='ltr'>otduit</span> <span class='ocrx_word' id='word_1_267' title='bbox 197 4242 319 4297; x_wconf 80' lang='lat' dir='ltr'>mitiisris</span> <span class='ocrx_word' id='word_1_268' title='bbox 337 4241 509 4297; x_wconf 79' lang='lat' dir='ltr'>considerem</span> <span class='ocrx_word' id='word_1_269' title='bbox 527 4240 592 4296; x_wconf 85' lang='lat' dir='ltr'>dixit</span> <span class='ocrx_word' id='word_1_270' title='bbox 612 4243 660 4297; x_wconf 86' lang='lat' dir='ltr'>ite:</span> <span class='ocrx_word' id='word_1_271' title='bbox 679 4242 774 4315; x_wconf 82' lang='lat' dir='ltr'>ndjuro</span> <span class='ocrx_word' id='word_1_272' title='bbox 787 4257 836 4298; x_wconf 77' lang='lat' dir='ltr'>vos</span> <span class='ocrx_word' id='word_1_273' title='bbox 848 4258 896 4315; x_wconf 89' lang='lat' dir='ltr'>per</span> <span class='ocrx_word' id='word_1_274' title='bbox 910 4243 991 4300; x_wconf 85' lang='lat' dir='ltr'>Deum</span> <span class='ocrx_word' id='word_1_275' title='bbox 1009 4248 1133 4310; x_wconf 84' lang='lat' dir='ltr'>restrum,</span> 
     </span>
    </p>
   </div>
   <div class='ocr_carea' id='block_1_7' title="bbox 95 4391 1133 4508">
    <p class='ocr_par' dir='ltr' id='par_1_7' title="bbox 95 4391 1133 4508">
     <span class='ocr_line' id='line_1_35' title="bbox 146 4391 1133 4446; baseline -0.002 -8"><span class='ocrx_word' id='word_1_276' title='bbox 146 4397 168 4446; x_wconf 82' lang='grc' dir='ltr'>Ι)</span> <span class='ocrx_word' id='word_1_277' title='bbox 180 4393 254 4446; x_wconf 66' lang='lat' dir='ltr'>Vulso</span> <span class='ocrx_word' id='word_1_278' title='bbox 267 4393 327 4438; x_wconf 85' lang='lat' dir='ltr'>rnnie</span> <span class='ocrx_word' id='word_1_279' title='bbox 339 4391 442 4436; x_wconf 81' lang='lat' dir='ltr'>edditurr</span> <span class='ocrx_word' id='word_1_280' title='bbox 455 4403 513 4435; x_wconf 82' lang='lat' dir='ltr'>rus.</span> <span class='ocrx_word' id='word_1_281' title='bbox 591 4393 613 4446; x_wconf 80' lang='lat' dir='ltr'>t)</span> <span class='ocrx_word' id='word_1_282' title='bbox 632 4391 672 4436; x_wconf 73' lang='lat' dir='ltr'>Ed.</span> <span class='ocrx_word' id='word_1_283' title='bbox 686 4397 720 4436; x_wconf 87' lang='lat' dir='ltr'>t&#39;r.</span> <span class='ocrx_word' id='word_1_284' title='bbox 734 4395 776 4436; x_wconf 83' lang='lat' dir='ltr'>tic</span> <span class='ocrx_word' id='word_1_285' title='bbox 789 4391 852 4444; x_wconf 71' lang='lat' dir='ltr'>teuit,</span> <span class='ocrx_word' id='word_1_286' title='bbox 928 4395 951 4446; x_wconf 80' lang='lat' dir='ltr'>t)</span> <span class='ocrx_word' id='word_1_287' title='bbox 971 4391 1053 4436; x_wconf 73' lang='lat' dir='ltr'>rerba:</span> <span class='ocrx_word' id='word_1_288' title='bbox 1072 4401 1133 4439; x_wconf 76' lang='lat' dir='ltr'>uum</span> 
     </span>
     <span class='ocr_line' id='line_1_36' title="bbox 95 4459 558 4508; baseline -0.009 0"><span class='ocrx_word' id='word_1_289' title='bbox 95 4460 187 4508; x_wconf 75' lang='lat' dir='ltr'>sociis</span> <span class='ocrx_word' id='word_1_290' title='bbox 206 4459 265 4506; x_wconf 82' lang='lat' dir='ltr'>uuis</span> <span class='ocrx_word' id='word_1_291' title='bbox 279 4461 332 4506; x_wconf 81' lang='lat' dir='ltr'>iibri</span> <span class='ocrx_word' id='word_1_292' title='bbox 345 4467 429 4506; x_wconf 81' lang='lat' dir='ltr'>reoesrt.</span> <span class='ocrx_word' id='word_1_293' title='bbox 443 4459 558 4505; x_wconf 84' lang='lat' dir='ltr'>omittunt.</span> 
     </span>
    </p>
   </div>
   <div class='ocr_carea' id='block_1_8' title="bbox 0 0 1464 5302">
    <p class='ocr_par' dir='ltr' id='par_1_8' title="bbox 0 0 1464 5302">
     <span class='ocr_line' id='line_1_37' title="bbox 0 0 1464 5302; baseline 0 2"><span class='ocrx_word' id='word_1_294' title='bbox 0 0 1464 5302; x_wconf 95' lang='lat' dir='ltr'> </span> 
     </span>
    </p>
   </div>
  </div>
 </body>
</html>
