2798 5302
309 458 381 533 Cap.
403 457 467 516 llll.
513 456 555 515 lle
577 465 675 514 caneto
697 453 843 515 silvestro.
1052 453 1091 515 lb

54 630 123 686 ergo
141 615 229 682 alium,
248 629 323 687 qoam
342 632 418 687 quem
437 618 513 688 uirgo
528 617 657 685 coacepit,
677 615 721 684 qul
739 610 801 669 lello
812 618 859 668 ert
876 612 989 682 cibatur,
1008 616 1091 684 rpluir

55 719 217 782 coronetur,
243 715 396 782 crucifixus,
420 720 536 770 mortuno
558 719 585 769 et
602 712 736 784 sepultus,
755 713 799 783 qul
818 715 932 768 currerit
950 716 1092 768 amortuis

57 818 85 870 ol
103 812 138 869 od
157 815 248 870 coelos
267 813 412 870 edocendit.
460 813 533 869 'lunc
549 812 734 868 Constantium
752 814 806 867 ait:
834 814 858 868 ri
878 811 958 866 alium
976 828 1026 867 nou
1044 813 1091 869 de-

57 911 144 980 dnrit,
163 916 231 970 sciat
247 930 276 970 ae
293 920 452 985 superatum.
489 911 565 978 Quod
581 928 637 967 oum
656 911 744 968 lacere
761 927 813 967 non
830 916 938 982 portet,
961 909 1006 968 bic
1019 928 1092 968 amo-

57 1017 136 1068 retur
148 1019 176 1069 et
192 1016 313 1085 quintus,
339 1016 382 1086 qui
401 1020 430 1071 et
444 1013 544 1080 Doetlr,
570 1010 733 1082 producitur,
763 1013 809 1083 qui
826 1013 878 1066 uit:
902 1013 926 1066 ri
945 1017 1093 1072 exsemine

56 1109 145 1168 llarid
163 1113 283 1168 cbristus
299 1119 377 1169 notor
394 1120 465 1170 esset
482 1119 510 1170 et
527 1111 718 1178 concuicatur,
749 1117 777 1164 nt
794 1109 896 1178 dicitis,
921 1127 986 1184 ergo
1004 1112 1093 1184 bapti-

57 1213 114 1266 uari
134 1228 186 1266 uon
203 1211 308 1279 debuit,
337 1218 365 1266 ut
377 1215 469 1268 iterum
487 1212 702 1268 eauctibcarctur.
726 1207 776 1266 'ad
795 1225 870 1281 quom
888 1211 1029 1269 silvester:
1056 1217 1093 1270 ol·

57 1316 105 1366 cut
126 1313 287 1366 circumcisio
310 1314 336 1366 in
362 1301 461 1369 christi
485 1313 679 1367 circumcisione
704 1305 780 1366 linem
800 1312 918 1380 accepit,
951 1314 989 1368 ita
1005 1320 1094 1370 morter

58 1408 207 1482 baptismus
224 1413 252 1466 iu
268 1411 366 1468 lllrricti
381 1411 541 1484 baptismate
559 1412 660 1466 initium
678 1411 891 1468 candificationir
908 1411 1016 1480 bobuit;
1041 1428 1093 1468 nou

58 1527 128 1584 ergo
145 1509 295 1583 baptizatur
313 1516 363 1580 eet,
383 1518 413 1568 rt
428 1510 644 1578 conctilcuretnr,
662 1509 707 1566 red
726 1511 949 1569 utrenctibcaret
973 1513 1092 1579 Quicum

59 1616 177 1677 taceret,
194 1613 234 1666 nit
251 1611 451 1690 Constantinus:
469 1627 522 1666 oon
538 1616 637 1666 taceret
654 1609 755 1678 Doetlr,
780 1613 803 1666 si
824 1610 934 1668 lraboret
951 1615 1093 1670 contraria.

59 1725 131 1782 puae
147 1711 288 1781 prolerret.
323 1709 398 1765 Tunc
415 1718 520 1779 ocutus,
539 1713 582 1782 qui
604 1717 629 1765 et
649 1710 745 1778 llbusi,
771 1713 823 1765 ait:
853 1711 977 1768 rebamur
996 1720 1023 1767 ut
1040 1713 1093 1770 Sil·

60 1817 150 1868 recter
165 1810 210 1866 ille
227 1825 323 1866 caunac
339 1809 416 1881 hujus
435 1812 573 1884 virginalis
592 1817 682 1881 partus
700 1809 776 1866 nobie
785 1817 939 1882 exponeret.
965 1813 1007 1868 Ad
1018 1829 1092 1886 quem

60 1911 203 1968 Sllruter:
219 1916 300 1979 terro,
320 1909 352 1966 de
370 1926 424 1982 rpuo
440 1911 524 1967 Adam
544 1911 669 1966 formatur
688 1919 738 1978 cst,
756 1912 908 1981 incorrupta
923 1917 981 1967 orat
999 1918 1025 1968 et
1041 1914 1092 1967 rir-

60 2029 114 2088 go,
140 2013 205 2084 qula
221 2025 271 2066 nec
288 2026 318 2066 eu
334 2010 369 2064 ed
384 2010 523 2067 bibendum
550 2009 686 2065 humanum
714 2011 870 2082 sauguinem
888 2019 1030 2081 aperuerat
1045 2027 1094 2069 nco

59 2110 267 2169 meledictionem
293 2112 425 2182 opimorum
447 2115 600 2182 acceperat,
632 2125 679 2164 uec
696 2107 808 2165 bominis
823 2112 916 2165 mortui
935 2111 1094 2182 sepulturam

59 2211 188 2277 babebat,
204 2226 252 2268 neo
262 2215 286 2279 ¹)
301 2212 417 2281 torpenti
436 2209 500 2266 data
517 2209 603 2265 lucrat
619 2208 654 2264 ud
671 2209 806 2265 edendum.
838 2209 961 2280 Oportnit
977 2227 1044 2284 ergo
1062 2230 1094 2269 err

60 2313 151 2371 llario
170 2313 272 2384 uirgine
288 2313 382 2366 norum
403 2309 486 2368 Adam
506 2309 572 2377 leri,
589 2315 617 2363 ιιι
635 2311 702 2364 sicut
718 2325 828 2382 rcrpeua
847 2316 936 2366 natum
950 2326 982 2366 er
994 2314 1099 2385 uirgine-

60 2416 178 2480 vicent,
197 2414 235 2468 ric
253 2428 271 2468 a
287 2417 349 2468 nato
368 2427 401 2467 cu
419 2411 522 2482 uirgine
540 2412 695 2477 uinceretur,
713 2414 740 2466 ct
759 2412 803 2481 qui
819 2409 896 2466 ldae
913 2411 997 2469 uictor
1013 2415 1095 2468 curti·

61 2517 135 2570 titlu
157 2511 300 2584 paradiso,
322 2511 391 2568 idern
408 2515 524 2567 tentator
542 2508 625 2564 iectus
643 2515 684 2565 est
702 2509 799 2565 domiui
817 2511 843 2564 iu
862 2509 983 2578 decerto,
1005 2517 1093 2584 utqui

60 2613 146 2671 Adon
164 2615 262 2667 uicerat
279 2611 491 2677 manducantem,
525 2611 673 2665 uinceretur
689 2623 706 2664 a
725 2609 830 2665 domiuo
846 2611 992 2681 jejunante.
1041 2612 1095 2668 lloc

61 2718 187 2787 superato
205 2714 344 2783 septimus,
369 2712 412 2783 qui
431 2717 457 2766 et
473 2709 621 2781 lleujamiu,
640 2711 693 2764 ait:
718 2711 848 2781 quomodo
870 2708 989 2766 Christus
1009 2720 1096 2770 uester

61 2815 132 2869 illuc
148 2812 196 2869 liei
214 2828 275 2869 esre
294 2816 390 2883 potest,
412 2813 485 2882 qula
502 2808 615 2881 dyabolo
633 2811 731 2866 tentari
748 2812 841 2880 potuit,
858 2816 887 2864 ιιι
904 2811 981 2866 modo
992 2814 1016 2866 in
1028 2811 1095 2871 lurra

61 2929 154 2987 panem
174 2929 207 2969 ex
224 2911 358 2983 lapidibus
377 2911 464 2966 lacere
483 2916 636 2982 urgeretur,
665 2909 742 2966 modo
763 2913 790 2964 in
807 2910 897 2982 templi
915 2912 1095 2971 celsitudinem

60 3014 211 3078 leuaretur,
244 3011 321 3065 modo
339 3010 373 3066 ad
390 3009 549 3064 adoraudum
567 3012 650 3080 ipsum
671 3008 809 3080 ‹lpubolurn
828 3009 1004 3066 induceretur.
1053 3011 1096 3067 ld

61 3112 132 3185 quod
151 3111 292 3167 silvester:
310 3113 333 3164 ri
352 3108 491 3180 dyabolum
509 3125 573 3181 crgo
594 3111 672 3174 vicit,
692 3112 755 3180 quio
772 3109 814 3164 ab
825 3109 907 3172 Αιιιιιιι
925 3109 1096 3168 manducante

60 3221 104 3270 eet
120 3212 240 3278 audituro,
275 3215 379 3266 wuotot
394 3209 455 3266 ideo
473 3226 530 3265 enm
548 3225 609 3266 erse
627 3215 795 3280 superatum,
820 3211 940 3281 quirent
957 3226 973 3266 a
990 3210 1096 3268 cbristo
1119 3206 1121 3210 ’

56 3314 196 3386 jrprmmo
219 3312 374 3366 conteritur.
424 3309 480 3364 llos
502 3316 588 3366 auteur
613 3325 664 3365 uon
689 3314 716 3364 iu
739 3319 861 3380 quunbm
879 3310 966 3378 nuuc,
1003 3309 1050 3367 sed
1069 3315 1095 3368 Ιιι

60 3419 185 3486 quantur
203 3410 296 3478 bomo,
326 3424 384 3466 eum
401 3416 526 3466 tentutrm
544 3427 604 3468 eote
622 3411 741 3467 latemur.
776 3407 836 3464 ldeo
854 3416 940 3466 cutem
957 3410 1097 3481 tripliciter

61 3505 106 3570 ert
122 3517 254 3579 unctus,
285 3516 315 3566 ut
332 3509 440 3566 euobis
458 3525 548 3566 omuer
565 3513 724 3567 tentationes
742 3508 905 3575 excluderet,
941 3517 969 3564 et
987 3509 1095 3566 icrmom

59 3612 182 3670 rinccrrdi
206 3611 292 3666 duret.
344 3609 432 3680 Saepe
453 3625 564 3682 namque
590 3612 616 3664 tn
640 3609 744 3666 lromiue
769 3610 902 3663 uictoriam
920 3607 1097 3666 abstinentiae

60 3714 182 3786 coquitur
203 3713 315 3768 tentatio
340 3709 467 3764 humanae
491 3709 595 3782 gloriae
619 3714 646 3766 ot
661 3710 830 3766 tentationem
848 3706 978 3765 humanae
994 3710 1096 3782 gloriae

60 3815 195 3886 appetitus
213 3809 318 3866 dominii
336 3816 363 3865 et
382 3787 556 3865 excellentiae
571 3809 719 3865 comitatur.
768 3807 830 3864 ldeo
848 3823 866 3864 ιι
883 3809 988 3866 cbristo
1005 3809 1038 3865 dn
1055 3808 1098 3865 bio

61 3914 189 3978 uincitur,
227 3918 255 3966 ut
272 3907 391 3965 uincendi
410 3907 488 3964 nobie
502 3907 585 3962 iorrua
602 3907 721 3964 donetur.
762 3907 816 3964 loto
834 3915 958 3980 superato
978 3915 1097 3976 octauum,

60 4015 107 4086 qni
124 4017 151 4067 et
169 4011 259 4078 Aroel,
278 4012 328 4064 rit:
345 4014 466 4075 coortat,
485 4010 548 4080 qula
565 4007 635 4064 Deus
653 4023 751 4064 tumme
769 4008 902 4078 perlectum
918 4015 972 4076 ert,
993 4016 1019 4064 et
1037 4009 1096 4063 uul-

60 4114 114 4169 llrrr
139 4110 255 4182 indiget:
290 4109 351 4182 qnid
377 4125 442 4180 ergo
461 4110 485 4163 ei
504 4124 571 4180 opor
589 4107 655 4176 luit,
690 4114 718 4162 ut
743 4113 895 4164 nucemtm
919 4111 945 4162 iu
970 4107 1098 4164 cbristo?

60 4208 197 4277 Quomodo
219 4211 312 4264 ltemrm
335 4209 464 4266 librirtum
489 4208 594 4264 rerburu
614 4209 757 4278 appellus?
809 4205 862 4264 Sed
879 4215 907 4263 et
920 4207 969 4263 boc
986 4214 1099 4271 conant,

98 4427 191 4484 -rprt
205 4427 274 4474 Primo.
288 4424 559 4480 locorocirrorpenti
574 4425 641 4477 lesit:
660 4431 775 4481 'opunte
