2866 5310
262 465 324 528 :itt
497 467 571 546 Cap.
593 465 724 528 Lxxiii.
768 469 812 526 De
834 481 934 528 sancio
957 471 1069 550 spiritu.

260 630 332 683 mone
344 623 547 697 pulchritudinis
562 627 588 680 in
600 625 669 694 luae,
688 625 791 696 ordine,
809 629 911 684 ratione
927 625 1097 682 sirblimiiaiis
1109 629 1135 682 in
1149 629 1302 693 clinatione,

261 731 368 793 virtute,
389 727 493 779 rationo
511 727 739 798 vigorositaiisin
757 729 875 792 aetione3
907 729 945 783 sic
963 734 989 782 ei
1014 729 1123 798 spiritus
1148 737 1255 784 soricius
1277 733 1303 784 in

261 827 303 882 lris
322 827 409 882 omnia
426 824 538 880 excelli.
576 817 686 895 Propter
704 829 812 897 primum
833 828 930 881 dieitur
947 827 1057 896 spiritus
1075 835 1181 882 sanctus
1202 833 1301 885 incoin-

261 928 399 997 quinatus,
422 932 531 996 propior
555 925 713 993 secuntlmn,
739 930 802 998 qnia
824 929 912 997 capiat
937 941 1026 980 omues
1045 928 1155 997 spiritus
1174 929 1300 1004 intelligi-

261 1027 343 1092 liilcs,
370 1035 480 1096 proptor
502 1026 607 1080 tertium
635 1023 737 1081 habens
757 1042 857 1081 omnem
877 1028 1013 1092 uirtutem,
1039 1025 1102 1095 Sap.
1119 1024 1173 1082 vti.
1208 1027 1303 1083 Tertia

260 1129 371 1181 sumitur
389 1140 470 1196 pones
489 1127 548 1195 ejus
568 1123 736 1196 multiplicem
755 1125 907 1180 ellroaelam.
945 1123 1017 1178 ilaue
1036 1127 1162 1180 rationem
1181 1128 1303 1198 assignat

260 1223 385 1282 llabanus
411 1227 451 1278 sic
477 1223 583 1278 dicens:
608 1224 679 1296 ignis
706 1209 819 1296 quatuor
844 1222 925 1278 hahet
949 1229 1073 1288 naturas,
1098 1226 1169 1290 urit,
1196 1235 1303 1300 purgat,

260 1323 384 1378 csicmcit
409 1328 436 1378 ct
462 1321 598 1377 illuminat.
635 1321 761 1378 Similiter
791 1323 901 1392 spiritus
932 1324 1019 1378 esurii
1050 1331 1173 1394 peccata,
1204 1331 1302 1395 purgat

259 1423 352 1488 corcis,
371 1427 487 1492 teporem
501 1423 610 1487 excutit,
629 1421 795 1492 ignorantias
808 1422 931 1477 illustrat.
961 1421 1032 1477 llaec
1048 1421 1183 1480 llabanus.
1208 1421 1302 1478 Etrurii

260 1529 386 1593 peccata,
405 1521 474 1577 node
493 1520 604 1577 Zachar.
625 1520 697 1578 XlV:
718 1536 765 1592 per
784 1521 870 1593 ignem
891 1537 962 1576 uram
983 1537 1046 1588 eos,
1069 1526 1138 1578 sicut
1155 1525 1240 1578 uritur
1257 1539 1300 1577 ar-

259 1627 374 1694 gentum.
411 1619 466 1676 lloc
491 1624 569 1676 etiarn
596 1622 658 1694 igne
680 1623 719 1675 uvi
744 1620 852 1690 potebat
871 1621 1002 1692 propheta
1020 1621 1125 1677 licens:
1150 1638 1197 1677 uro
1223 1638 1301 1678 renes

259 1735 332 1774 meos
351 1725 400 1774 ele.
435 1719 535 1793 Purgat
555 1721 651 1788 corda,
670 1719 741 1774 l'sai.
760 1718 850 1775 itissi
869 1723 1023 1792 sanguinem
1041 1719 1188 1776 Jerusalem
1204 1719 1301 1775 laverit

258 1820 292 1874 de
310 1819 396 1875 medio
414 1821 473 1890 ejus
491 1823 518 1874 io
537 1823 632 1891 spiritu
652 1818 748 1890 iudicii
773 1825 800 1874 ei
821 1823 915 1890 spiritu
942 1819 1055 1875 artioris.
1092 1819 1225 1890 Teporem
1251 1836 1299 1875 ex-

258 1923 332 1984 catii,
350 1918 419 1973 umle
438 1919 534 1973 ilicltur
551 1919 585 1974 ilo
604 1918 668 1985 illis,
687 1934 753 1990 quos
772 1919 858 1990 replet
876 1922 986 1990 spiritus
1004 1925 1120 1985 sancius,
1147 1918 1218 1973 Rom.
1236 1918 1300 1975 iiii:

258 2019 353 2090 spiritu
371 2017 503 2072 ferventes
517 2025 565 2074 ete.
602 2017 764 2090 Gregorius:
786 2021 814 2074 in
831 2021 892 2091 igne
911 2021 1033 2089 apparuit
1052 2021 1162 2089 spiritus
1182 2030 1299 2087 sanctus,

258 2121 321 2189 quia
335 2117 368 2173 als
382 2119 451 2171 omni
465 2118 556 2184 eorde,
575 2119 645 2190 quoii
660 2120 752 2189 replet,
770 2125 903 2187 torporem
919 2119 1028 2190 frigoris
1047 2121 1146 2172 excutit
1160 2124 1185 2172 ei
1203 2121 1252 2173 lroe
1271 2122 1297 2173 in

257 2211 392 2275 desiderio
409 2233 475 2274 suae
493 2201 658 2273 aeternitatis
677 2217 805 2273 accendit.
822 2258 825 2264 .
842 2216 1008 2289 ignorantias
1025 2216 1155 2285 illustrat,
1179 2218 1297 2288 Santoni.

257 2318 308 2376 iii:
332 2335 437 2374 sensum
456 2327 542 2373 autent
562 2323 630 2371 iuuin
650 2321 708 2389 spuis
729 2320 812 2385 sciet,
838 2318 888 2370 nisi
915 2323 942 2370 iu
969 2315 1076 2372 dederis
1096 2319 1251 2388 sapientiam
1272 2327 1299 2373 et

257 2420 362 2474 miseris
386 2420 506 2490 spiritum
526 2426 644 2472 sanctum
670 2425 741 2471 tuum
766 2415 800 2471 tle
818 2416 964 2482 altissimis,
985 2420 1011 2470 el
1027 2419 1066 2471 ita
1083 2415 1103 2471 i.
1124 2415 1242 2471 Corinth.
1259 2415 1298 2472 ii:

256 2517 334 2572 nobis
354 2525 440 2572 autem
460 2517 587 2572 rovelavit
606 2514 677 2570 Deus
697 2517 881 2586 perspiritum
904 2522 1030 2589 sancium.
1066 2515 1166 2580 Quarta
1187 2520 1299 2571 sumitur

256 2634 338 2688 penes
354 2619 440 2688 ipsius
454 2619 551 2671 amoris
565 2623 692 2669 naturam.
727 2615 809 2670 Amor
822 2617 889 2669 enim
903 2618 1050 2687 perignem
1066 2616 1147 2672 habet
1159 2615 1296 2688 significa-

257 2721 354 2772 tlouern
369 2715 468 2787 triplici
485 2717 597 2772 ratione.
632 2713 718 2769 Primo
731 2715 794 2786 quia
809 2716 879 2786 ignis
893 2729 998 2784 seraper
1011 2721 1052 2770 esi
1070 2717 1096 2770 in
1113 2722 1194 2780 notu,
1212 2719 1251 2769 sie
1266 2724 1297 2776 ,et

255 2831 330 2872 amor
346 2819 455 2888 spiritus
471 2815 573 2882 sancti,
592 2829 658 2886 quos
676 2815 776 2886 replet„
794 2826 899 2884 semper
915 2813 981 2868 iacit
998 2830 1058 2869 essu
1076 2816 1102 2868 in
1120 2823 1189 2870 motu
1209 2815 1296 2871 bonae

254 2917 433 2986 operationis,
452 2912 521 2969 uode
540 2909 702 2984 Gregorius:
720 2927 850 2986 nunquam
869 2919 909 2968 esi
928 2911 1061 2969 amorilel
1076 2917 1189 2969 otiosus.
1224 2915 1294 2986 Ope-

256 3023 328 3070 ratur
344 3016 412 3071 enirn
432 3029 544 3086 magna,
572 3015 596 3066 si
611 3021 669 3068 cst.
705 3011 733 3070 Si
760 3023 845 3069 autern
870 2994 975 3083 operari
994 3015 1125 3085 negligit,
1146 3029 1220 3070 arnor
1241 3032 1294 3070 uon

253 3119 303 3170 cst.
339 3113 459 3172 Secundo
478 3116 540 3185 quia
556 3114 627 3183 ignis
644 3114 713 3167 inter
731 3119 839 3167 caetera
856 3112 985 3167 elementa
1000 3115 1164 3167 estmauime
1184 3114 1295 3170 lornalo

255 3221 280 3268 ei
296 3213 425 3268 modicum
442 3214 522 3268 tabet
537 3211 569 3268 de
583 3213 694 3267 materia
710 3219 737 3266 et
751 3212 856 3267 mulium
874 3211 907 3264 de
923 3211 1014 3267 iornra
1040 3211 1086 3267 Sic
1097 3228 1170 3266 amur
1183 3216 1294 3283 spiritus

253 3313 354 3378 sancii,
374 3328 440 3384 quos
461 3311 561 3382 replet,
583 3311 648 3367 lucit
665 3309 764 3366 iubere
782 3311 909 3369 modicum
929 3310 962 3365 rlc
981 3325 1071 3366 amore
1086 3318 1249 3368 terrenorum
1267 3319 1295 3368 ct

254 3411 392 3486 plurimum
406 3410 438 3467 de
453 3425 542 3468 aurore
557 3409 709 3466 coelestium
729 3418 756 3467 ei
774 3407 960 3481 spiritualium,
977 3417 1005 3465 ui
1023 3412 1078 3482 jam
1104 3428 1155 3466 non
1175 3410 1293 3467 carnalia

254 3510 406 3590 carnaliter,
424 3509 472 3566 sed
488 3511 575 3579 potius
590 3511 742 3581 spiritualia
756 3509 932 3580 spiritualiter
946 3509 1049 3582 diligat.
1068 3509 1216 3583 Distinguii
1226 3514 1294 3567 coint

251 3609 400 3664 Bernartius
419 3620 532 3682 quatuor
550 3610 641 3665 modos
661 3609 808 3682 diligendi,
827 3608 932 3663 scilieet
945 3607 1059 3680 diligere
1077 3625 1180 3665 carnem
1200 3625 1293 3664 carna-

250 3708 326 3776 liter,
345 3710 465 3778 spiritum
484 3709 643 3775 carnaliter,
667 3724 771 3763 carnem
789 3707 964 3779 spiritualiter
982 3716 1008 3762 ei
1027 3710 1146 3779 spiritum
1166 3711 1294 3778 spiritua-

250 3810 320 3863 liter.
355 3807 449 3862 Tertio
470 3811 532 3880 quia
550 3811 620 3881 ignis
639 3805 721 3862 habet
738 3807 793 3861 alia
803 3807 940 3872 inclinare,
958 3822 1060 3861 sursum
1075 3806 1193 3873 tendere,
1211 3803 1294 3861 fluida

248 3909 367 3962 adunare
386 3915 412 3962 ci
429 3923 610 3980 congregare,
631 3923 679 3977 pcr
696 3907 762 3961 lraec
780 3909 832 3960 tria
850 3905 1008 3977 intelligitur
1021 3907 1116 3977 triplex
1130 3909 1168 3960 vis
1184 3910 1291 3963 amoris.

248 4007 329 4061 Amor
346 4008 428 4072 enim,
447 4007 516 4063 sieut
531 4005 644 4060 habetur
662 4021 694 4061 er
713 4005 800 4061 verbis
819 4005 937 4073 Dionysii
957 4007 982 4059 in
1000 4004 1069 4060 libro
1086 4005 1119 4060 tle
1134 4004 1230 4058 divinis
1242 4020 1291 4059 no·

248 4107 379 4180 minibus,
399 4105 480 4160 habet
498 4106 627 4174 triplicem
652 4108 720 4170 rim,
747 4105 851 4159 scillcet
873 4099 1066 4170 inclinativam,
1088 4104 1243 4159 elevativam
1265 4111 1293 4159 ci

251 4205 466 4258 coordinatorum.
501 4201 697 4269 lnclinaiivam,
725 4205 789 4275 quis
812 4202 920 4257 inclinat
946 4205 1086 4272 superiora
1110 4201 1291 4270 interioritas,

248 4300 416 4368 elevativaia,
434 4305 496 4372 qula
514 4303 602 4358 elevat
621 4299 750 4357 inferiora
767 4301 966 4373 superioribus,
985 4300 1210 4368 coordinalivam,
1228 4304 1293 4372 quia

249 4400 387 4456 coordinat
404 4401 527 4472 aequalia
545 4400 744 4474 coaequalibus.
781 4401 852 4458 llaec
868 4401 1019 4472 Dionysius.
1055 4399 1128 4457 lianc
1156 4404 1223 4457 cuim
1241 4404 1291 4468 tri-
