2842 5286
238 121 311 200 Cep.
332 117 421 178 xiv.
463 117 508 176 De
529 125 628 174 sancto
650 111 756 174 Mathia
778 111 920 192 apostolo.
1026 114 1084 176 tet

43 290 117 335 noue
135 287 164 332 et
180 291 300 332 mannum
322 277 489 348 impositione
513 273 627 329 ordinati
652 278 720 330 sent.
755 271 907 342 (tnjnsmodi
931 278 1017 328 summ
1035 270 1086 329 bae

44 383 134 432 sortes
150 377 257 444 inerint,
275 375 343 432 dnae
360 375 508 433 sannionum
528 379 630 445 patrum
647 378 754 428 exstant
770 372 925 430 tententiae.
959 371 1087 443 Hieronp-

46 491 104 530 mus
127 479 198 532 enim
216 483 243 532 et
259 474 331 530 deda
348 475 454 542 noiant,
488 455 560 546 qnod
577 471 628 528 bne
645 479 731 527 sortes
750 469 818 526 tates
838 469 957 538 inerunt,
995 471 1088 544 quales

46 574 128 642 ittae,
155 590 263 647 quatum
282 577 308 630 in
328 577 410 632 reteri
428 574 489 646 iege
506 573 679 628 creberrimus
698 586 761 626 naus
779 578 844 627 erat.
884 569 1024 640 iipontstss
1041 586 1089 628 an·

47 678 117 740 tem,
141 677 187 746 qni
206 671 346 730 tristanti
363 673 523 744 discipulos,
542 673 718 744 irreligiosum
737 671 871 726 existimat
889 669 938 726 heo
955 671 1089 746 arbitrari,

49 788 176 830 asserens
194 772 246 829 sibi
264 773 363 838 rideri,
399 772 468 846 qnod
493 771 541 828 iiia
565 787 624 828 sors
643 769 708 825 nihii
725 768 796 824 niind
815 769 895 826 inerit
913 773 965 828 nisi
984 771 1089 844 quidam

50 871 179 943 splendor
196 878 224 928 et
240 873 330 928 radius
348 872 473 928 dirinitos
489 887 570 944 snper
585 868 712 928 Mathiam
732 871 853 944 emissus,
873 886 921 942 pen
938 886 1013 942 quem
1031 874 1090 944 ipse

51 971 243 1030 ostendebatur
259 974 287 1028 in
304 972 452 1044 apostolum
469 970 649 1028 assumendos.
691 971 736 1028 hit
752 972 820 1026 enim
836 972 875 1024 sio
892 971 919 1024 io
936 968 1005 1026 iibre
1023 973 1091 1030 tine-

52 1069 129 1126 ieotir
148 1069 333 1128 hierarchiae:
351 1071 383 1128 de
401 1071 491 1127 divine
508 1079 594 1128 antem
614 1079 702 1138 sorte,
721 1084 790 1142 quae
806 1069 1030 1140 superbientem
1050 1073 1091 1130 di·

53 1171 152 1225 rinitns
170 1171 280 1238 eeeidit,
306 1171 351 1226 aiii
370 1171 473 1244 qnidam
492 1172 546 1228 aiis
565 1171 686 1228 dierunt
704 1185 755 1225 non
776 1170 998 1241 religiosorem
1017 1173 1089 1228 arbi-

55 1275 126 1336 trer,
145 1285 228 1326 meam
247 1276 333 1327 antem
351 1277 378 1326 et
395 1274 453 1344 ipse
470 1273 638 1328 inmndonem
658 1269 751 1326 diram.
801 1268 927 1326 Videntur
943 1273 1011 1328 enim
1028 1272 1091 1330 mibi

56 1369 164 1441 eloquia
181 1377 279 1426 sortem
297 1374 430 1427 nominare
446 1373 473 1443 ¹)
488 1371 641 1429 theurtienm
656 1368 787 1443 quoddam
801 1368 895 1424 donum
909 1368 1092 1430 demonstrans

55 1470 93 1524 itii
111 1469 243 1526 thenrtiro
259 1472 341 1528 ebore
361 1487 378 1528 a
395 1473 485 1528 divina
506 1471 633 1528 electione
655 1476 812 1541 snsoeptum.
864 1468 911 1524 iiie
934 1472 1017 1544 igitur
1032 1471 1093 1528 hia·

54 1569 127 1626 thiae
153 1571 290 1642 apostolus
313 1570 441 1628 iudaeam
461 1575 488 1626 in
505 1578 602 1628 sortem
621 1573 725 1642 aeoepit
739 1575 765 1624 et
783 1569 972 1642 praedicationi
997 1571 1092 1630 ibidem
1143 1557 1145 1562 ⁵

56 1673 182 1728 insistens
206 1678 232 1727 et
257 1672 338 1727 tnoita
363 1669 489 1727 miracula
514 1670 613 1726 inntens
635 1673 663 1726 to
688 1684 752 1740 paee
773 1671 878 1742 quievit.
915 1669 944 1726 in
962 1670 1093 1728 nonnuliis

57 1785 121 1825 vero
139 1768 273 1826 oodioibns
290 1771 404 1845 iegitur,
443 1770 513 1844 qnod
531 1771 675 1843 patibulum
690 1772 774 1825 erreis
792 1769 899 1840 pertniit
917 1777 944 1827 et
960 1771 1009 1828 tali
1024 1789 1094 1829 mar·

58 1873 127 1940 tyrio
146 1877 289 1926 cononatus
306 1871 396 1927 eoeios
414 1871 558 1928 adscendit.
601 1870 683 1944 iinjns
706 1885 802 1942 eorpus
821 1869 918 1926 Romae
937 1875 963 1926 io
981 1873 1094 1930 eeclesia

58 1971 174 2026 Sanctae
189 1969 292 2026 hieriae
306 1971 420 2044 Maioris
439 1971 487 2028 rub
505 1971 594 2042 lapide
612 1971 789 2044 porphiretieo
807 1973 936 2044 sopnltnm
955 1989 1014 2030 esse
1029 1973 1094 2028 diei-

58 2081 101 2125 tur
109 2078 136 2126 et
144 2069 239 2126 ibidem
246 2077 325 2142 capnt
337 2073 395 2143 einr
404 2069 502 2144 populu
516 2069 716 2128 demonstratur.
738 2071 886 2144 lnquadam
897 2089 960 2128 nero
972 2072 1095 2146 tegenda,

59 2185 128 2242 qnae
143 2170 269 2228 Treveris
282 2174 467 2239 ioronitnnsio
478 2172 770 2245 interoaateraiegitur.
785 2171 941 2230 hinthiasde
950 2173 1096 2231 tribninda

60 2277 87 2326 et
97 2273 205 2326 civitate
217 2270 349 2328 Betiebem
367 2271 463 2327 illustri
483 2275 611 2345 prosapie
628 2271 753 2346 oriundus
772 2273 829 2338 init,
850 2275 894 2344 qni
906 2271 1002 2329 litteris
1013 2274 1095 2329 tradi-

61 2380 102 2428 tns
122 2387 223 2428 omnem
236 2373 262 2426 in
275 2370 350 2428 beeri
364 2372 433 2446 legis
451 2378 478 2428 et
494 2371 681 2445 prophetarum
698 2374 833 2429 seientiam
850 2372 1024 2444 apprehendit
1041 2375 1095 2431 ias-

10 2463 12 2470 '
58 2474 206 2544 oiriamqno
224 2471 369 2530 abhorrens
386 2474 501 2546 puertiae
519 2488 602 2530 annos
620 2489 717 2528 morunt
735 2475 884 2530 maturitate
903 2475 1031 2531 vincebat.
1054 2475 1097 2532 io·

62 2571 227 2628 iormnbatnr
244 2589 349 2647 qnoque
366 2576 425 2646 ejus
441 2577 544 2630 animos
562 2574 596 2630 ad
614 2577 744 2642 virtutem,
763 2580 792 2629 nt
808 2580 880 2631 esset
897 2573 932 2630 ad
947 2575 1096 2650 intelligen-

61 2675 124 2727 tiam
146 2672 259 2742 babihs,
283 2673 318 2730 ad
335 2675 539 2732 misericerdiam
559 2673 662 2740 tacitis,
681 2675 707 2730 iu
726 2677 860 2748 prosperis
880 2691 931 2732 non
949 2676 1052 2744 elatus,
1071 2679 1096 2734 in

62 2773 184 2828 adversis
202 2781 326 2849 onustam
343 2783 370 2830 et
387 2775 541 2848 intrepidus.
576 2774 734 2849 sategebat,
752 2783 790 2842 ut,
809 2776 879 2848 qnod
893 2778 972 2850 Jnssn
989 2793 1096 2850 praeeo·

62 2881 154 2945 perat,
174 2890 255 2947 opere
271 2875 415 2948 oompieret
433 2883 460 2932 et
478 2878 533 2932 oris
551 2875 695 2932 doctrinam
714 2892 832 2932 mantmm
851 2881 1006 2948 operatione
1026 2896 1098 2936 moo-

62 2981 170 3032 straret.
205 2975 252 3032 iiie
268 2991 325 3032 rum
343 2993 392 3047 per
408 2976 535 3036 iudaeam
554 2975 735 3048 praediearot,
752 2991 846 3032 eureos
865 2977 1042 3048 illuminabat,
1059 2979 1105 3036 io-¹

62 3093 158 3147 pronos
175 3075 327 3147 mundabat,
345 3074 485 3134 daemones
504 3079 665 3152 expellebat,
681 3077 783 3134 ciendis
800 3094 929 3152 gressum,
948 3079 1035 3138 surdis
1052 3096 1100 3137 an-

62 3176 159 3246 ditum,
183 3181 292 3234 morinis
311 3180 389 3234 vitam
406 3178 571 3235 restitnebat.
605 3177 655 3243 tini
673 3195 728 3234 enm
747 3193 834 3234 eoram
852 3180 974 3251 pontiden
991 3195 1100 3238 amusa-

64 3282 151 3344 retnr,
177 3279 204 3331 in
220 3276 307 3333 mritis
328 3279 477 3350 respondit:
501 3279 535 3335 de
554 3277 682 3352 objectis,
701 3294 769 3350 quae
786 3281 894 3336 erimina
913 3279 1016 3350 dioitis,
1048 3298 1100 3338 noo

62 3393 131 3448 opns
150 3394 190 3432 ono
206 3377 287 3434 nonita
304 3379 407 3446 riioere,
439 3383 560 3452 qnoniam
579 3379 748 3436 christianum
766 3396 827 3437 esse
846 3395 897 3436 non
918 3388 959 3438 est
975 3383 1100 3450 oriminis,

61 3475 110 3532 sed
128 3476 240 3549 gloriae.
276 3480 324 3536 tini
341 3479 473 3551 pontifex:
503 3483 526 3536 ri
544 3479 593 3536 tibi
610 3481 706 3536 dantur
721 3481 857 3550 indnoiae,
881 3483 922 3537 nis
942 3485 1100 3554 poenitere?

62 3573 97 3632 tn
113 3577 177 3632 iiie:
204 3577 291 3646 absit,
314 3587 346 3662 nt
365 3596 382 3636 a
403 3583 529 3651 ueritate,
553 3597 630 3655 qnam
648 3580 728 3638 semei
746 3584 850 3650 intent,
874 3597 922 3653 per
939 3584 1100 3654 apostasiam

62 3675 206 3750 digrediar.
242 3678 327 3754 igiter
342 3679 460 3756 hinthias
484 3684 510 3737 in
528 3681 588 3755 iege
605 3689 663 3738 erat
679 3682 861 3750 deotissimns,
884 3682 964 3738 eorde
981 3681 1101 3748 mondus,

61 3778 149 3832 animo
166 3778 296 3849 prudens,
315 3781 341 3834 in
354 3781 488 3838 solvendis
507 3782 707 3855 quaestionibus
724 3797 818 3838 saorae
835 3783 981 3854 scripturae
1000 3788 1102 3849 aonios,

62 3878 87 3930 io
105 3875 218 3933 oonsilio
235 3880 377 3951 providus,
394 3883 420 3937 in
437 3884 655 3940 sernroeinatione
672 3883 820 3953 expeditus.
854 3881 903 3946 tini
920 3898 976 3938 onm
994 3880 1101 3940 terbum

63 4015 452 4042 “““““““·-·-,-·-·-ι

99 4101 120 4150 tt
136 4103 227 4146 necent.
242 4101 317 4154 ierunt
330 4101 546 4150 hierereinionm
560 4103 707 4160 quoddam
721 4102 834 4149 donnini
848 4125 870 4142 -
885 4101 1085 4148 hierarohieo.
