2902 5310
274 398 280 409 ¹
330 392 391 481 742
473 420 545 500 Cap.
569 420 696 482 chvt.
739 422 785 482 De
804 430 904 482 saneto
926 421 1049 511 Martiuo
1072 422 1243 506 episcopo.

332 580 494 652 aoeaptsset,
518 577 650 638 illarttnns
673 580 739 640 buno
760 581 813 639 sibl
836 587 968 639 ramatum
993 581 1156 659 intelligens
1185 591 1305 658 arrepto
1328 600 1382 642 ease

332 677 509 750 chlamyden,
527 681 665 753 quaesibi
683 688 830 754 supererat,
850 681 944 738 diuidit
961 690 988 739 et
1004 689 1108 755 parturn
1128 689 1260 756 pauperi
1273 685 1382 742 triane·

333 781 583 852 reliquampartem
608 779 821 837 rursusinduit.
865 781 991 854 Sequenti
1020 784 1104 855 igitur
1134 792 1228 840 nocte
1261 785 1383 841 cbristus

334 878 479 950 cirlan'pdis
492 894 567 946 sune,
577 895 633 952 qua
645 895 785 952 pauperem
800 887 910 949 texeret,
928 889 1003 953 parte
1018 883 1142 938 restitum
1156 883 1237 939 uidit
1254 887 1383 957 lpsuruque

300 995 302 999 ·
333 979 367 1035 ad
384 981 586 1038 circumstantes
598 981 708 1052 angelos
725 983 765 1036 stc·
782 981 930 1052 loquentem
943 981 1059 1038 audirits
1074 979 1222 1038 Martinus
1240 985 1334 1043 adbuc
1345 1000 1383 1038 eu·

332 1078 502 1136 tecinuurenus
515 1077 567 1134 bno
581 1095 621 1136 me
638 1085 710 1138 reste
730 1081 854 1135 contexit.
890 1079 961 1137 ilude
974 1083 1013 1136 uir
1023 1089 1137 1136 sauctus
1151 1099 1213 1140 non
1228 1085 1262 1139 ln
1279 1086 1385 1157 glorian

333 1178 435 1245 elatus,
461 1179 509 1234 sed
534 1179 582 1234 lloi
600 1177 744 1234 bonitatem
761 1195 942 1252 cognoscens,
961 1197 1018 1236 curu
1045 1190 1117 1238 esset
1137 1198 1285 1239 annornm
1304 1184 1384 1238 deceta

333 1285 360 1335 ot
376 1285 453 1346 ocio,
470 1277 602 1350 baptizari
620 1294 650 1334 se
669 1279 732 1334 iecit
751 1287 777 1335 et
796 1279 881 1335 adhuc
900 1280 937 1336 ad
955 1284 1105 1336 instantiam
1128 1283 1244 1338 tribunt
1267 1284 1330 1350 sui,
1347 1283 1386 1353 qul

331 1386 451 1451 ternpore
476 1379 518 1432 sui
541 1377 688 1433 tribunatus
711 1379 817 1448 expleto
842 1395 872 1436 se
902 1381 1008 1436 saeculo
1035 1381 1302 1439 abrenuntiaturum
1327 1397 1384 1454 pro·

331 1479 465 1546 mittebat,
491 1494 539 1547 per
556 1476 686 1532 biennium
706 1478 837 1538 militarit.
871 1477 973 1535 intonen
996 1478 1161 1534 irruentibus
1182 1481 1264 1538 intra
1286 1480 1385 1538 Gallius

331 1577 454 1635 barbaris
470 1577 590 1634 lulianus
609 1577 710 1633 caesar
728 1585 820 1633 eontra
838 1594 885 1635 eos
903 1586 1066 1650 pugnaturos
1085 1581 1232 1649 pecuniam
1254 1581 1384 1638 militibus

331 1680 468 1752 erogauit,
492 1682 521 1734 at
540 1676 671 1732 lliartinus
690 1677 782 1734 nolens
802 1675 927 1748 deinceps
944 1675 1058 1733 militaro
1076 1677 1237 1735 donatiuum
1259 1684 1383 1752 recipere

330 1778 424 1850 noluit¹
443 1775 490 1832 aad
503 1775 610 1831 Caesari
629 1776 709 1831 dixit:
731 1775 828 1832 Christi
846 1792 898 1850 ego
915 1777 990 1832 miles
1010 1793 1076 1845 sunu,
1095 1793 1221 1850 pugnare
1242 1778 1314 1835 nuit
1331 1795 1382 1836 nou

329 1878 400 1933 licat.
435 1874 588 1948 indignatus
604 1875 724 1932 Julianus
743 1875 827 1943 dixit,
853 1875 922 1948 qnod
946 1893 998 1931 non
1022 1876 1163 1949 religionis
1189 1881 1307 1950 gratia,
1334 1878 1380 1934 sed

328 1982 399 2032 metu
418 1976 481 2050 lucili
500 1977 656 2030 imminentis
674 1975 785 2032 militine
802 1977 972 2032 renuntiaret
1008 1975 1056 2031 liul
1071 1973 1204 2032 Martinus
1219 1979 1378 2050 intrepidae

329 2076 480 2148 respondit:
499 2077 524 2131 ai
540 2071 592 2130 lion
609 2075 748 2147 ignauiae,
766 2091 817 2130 non
837 2074 897 2131 idei
915 2073 1083 2142 adscribitur,
1101 2078 1221 2132 crastina
1243 2077 1294 2133 dia
1316 2085 1376 2134 ante

328 2177 412 2233 aciens
430 2177 536 2232 inermia
554 2173 667 2230 adstabo
685 2183 713 2230 et
729 2178 756 2230 tn
774 2177 878 2230 nominc
891 2175 990 2231 Christi
1001 2176 1079 2248 signo
1092 2176 1188 2242 crucis,
1207 2192 1265 2232 uon
1279 2178 1376 2250 olppeu

328 2281 465 2346 protectus
482 2280 528 2329 ant
545 2275 624 2347 palea
638 2271 750 2330 bostium
766 2290 862 2330 cuneos
874 2275 1020 2344 penetrabo
1031 2287 1149 2329 suenrus.
1186 2272 1266 2333 linda
1280 2283 1373 2332 onsu-

329 2373 381 2430 diri
400 2374 526 2446 anetur,
550 2375 725 2440 utinensis,
755 2381 784 2430 ut
809 2373 928 2442 dixerat,
957 2372 1080 2429 barbaris
1105 2371 1281 2444 objiceretur.
1319 2375 1372 2432 Sed

328 2473 372 2530 dia
396 2475 517 2546 sequenti
539 2472 631 2530 lrostes
657 2473 816 2545 legationem
839 2475 966 2530 miserunt
987 2487 1036 2528 sua
1053 2475 1141 2528 onnia
1156 2487 1241 2544 sequa
1262 2474 1369 2532 dnum.

326 2572 400 2631 llnde
424 2589 475 2628 uon
500 2571 605 2628 dubium
631 2580 687 2640 ast,
716 2573 817 2628 meritis
847 2573 933 2629 sancti
964 2573 1014 2627 riri
1037 2573 1116 2626 taleni
1141 2573 1283 2627 riotorlera
1310 2575 1370 2630 sisa

326 2675 458 2746 sunguine
480 2670 567 2728 datum
593 2688 662 2729 esse.
696 2670 798 2728 Exinde
823 2672 917 2726 relicta
936 2671 1030 2727 militia
1050 2670 1083 2726 ad
1100 2677 1217 2727 sanctuar
1235 2671 1368 2729 liiiartnn

325 2770 517 2828 Pictnriensens
544 2775 695 2844 episcopum
723 2773 840 2843 perrexit
863 2779 890 2826 et
907 2771 941 2824 ab
962 2787 993 2828 eo
1007 2771 1129 2842 uroiptus
1146 2769 1289 2827 ordinatus
1311 2789 1368 2828 no-

325 2879 403 2927 uctur
419 2887 437 2926 a
454 2871 559 2927 donnino
579 2889 628 2942 per
644 2888 776 2944 soporans,
794 2877 822 2925 nt
840 2877 963 2940 parentes
982 2886 1045 2926 suos
1063 2867 1149 2926 adimo
1161 2872 1279 2942 gentiles
1301 2875 1367 2930 uisi·

325 2977 404 3028 taret
438 2970 576 3028 Proiectus
600 2973 682 3044 igitur
705 2969 787 3027 nnita
804 2969 917 3025 aduersa
935 2984 1071 3040 passurum
1091 2985 1121 3025 aa
1139 2985 1200 3026 essa
1218 2971 1368 3042 praedixit.

325 3070 557 3143 Namiulcrdipox
566 3072 656 3127 incidit
665 3073 690 3126 in
703 3071 830 3136 latrones,
843 3087 951 3143 cunque
966 3085 1032 3126 unus
1046 3071 1157 3126 securus
1171 3071 1197 3124 in
1210 3063 1295 3142 capnt
1307 3074 1368 3144 ejus

324 3168 467 3235 vibrasset,
487 3172 563 3227 ictum
578 3171 696 3227 lenientis
708 3170 818 3226 dextrae
831 3173 956 3226 sustinuit
972 3169 1051 3226 altor.
1082 3169 1183 3225 vinctis
1195 3175 1284 3226 tumen
1305 3177 1369 3243 post

324 3277 427 3344 tergum
444 3271 563 3327 manilius
583 3271 628 3326 uni
646 3285 735 3327 eornm
754 3270 942 3326 custodiendus
959 3269 1083 3335 traditur,
1102 3273 1284 3340 percunctanti
1300 3287 1368 3329 uara

324 3369 435 3436 latroni,
453 3385 486 3426 nn
505 3372 650 3438 timuisset,
676 3369 827 3440 respondit,
852 3383 982 3441 nunquam
1005 3385 1035 3424 sa
1061 3369 1099 3424 tta
1123 3367 1207 3424 tulnae
1228 3385 1368 3440 sacam,

324 3471 388 3543 qula
410 3471 492 3526 sciret
515 3467 721 3525 misericordiam
746 3463 793 3526 ilci
816 3471 929 3524 maxine
953 3469 979 3522 ln
1004 3468 1193 3524 tentationibus
1211 3467 1365 3527 afuturam.

322 3569 506 3643 incipiensque
522 3569 620 3625 latroni
637 3567 801 3640 praedicauit
818 3575 845 3623 at
862 3570 945 3639 ipsun
962 3567 997 3623 ad
1015 3567 1090 3625 idern
1108 3567 1207 3623 Christi
1220 3573 1365 3626 conuertit.

323 3667 374 3732 Qui
403 3666 546 3724 iiiartluuur
574 3666 607 3722 ad
637 3668 706 3722 riona
732 3664 861 3723 seducens
887 3666 1059 3724 laudabiliter
1086 3667 1252 3739 postmodun
1282 3670 1366 3726 stu·

323 3766 415 3823 inicit
450 3765 512 3822 lium
531 3774 618 3824 auteur
637 3765 816 3824 Mediolanum
837 3768 1036 3837 praeteriisset,
1054 3765 1184 3838 dyabolus
1202 3768 1227 3820 ln
1245 3763 1366 3824 bumana

320 3869 412 3939 specio
427 3865 480 3923 sibi
497 3865 591 3923 obrius
612 3865 661 3922 luit
678 3871 720 3933 et,
748 3882 800 3938 quo
818 3867 954 3934 tenderet,
979 3853 1127 3938 requisivit
1163 3865 1211 3920 tiul
1237 3880 1297 3921 cun
1316 3881 1363 3924 re·

321 3967 480 4038 spondiaset,
499 3983 538 4036 ae,
552 3983 603 4040 qno
618 3982 675 4022 curu
687 3965 807 4021 doruiuns
823 3964 1068 4033 nouaretleudere,
1079 3965 1126 4020 iiia
1139 3965 1190 4019 ait:
1202 3980 1365 4040 quocunque

320 4069 399 4133 teris,
425 4065 554 4138 dyabolus
577 4067 627 4121 tibi
652 4065 843 4122 adversabitur.
879 4065 941 4122 Cura
965 4071 1052 4124 minu
1078 4064 1209 4122 dlartiuns
1231 4062 1285 4118 sibi
1316 4083 1360 4124 ne-

319 4165 485 4236 spondlsset:
503 4165 623 4220 dominas
643 4163 703 4220 nili
719 4164 827 4238 adjutor
844 4171 894 4232 est,
913 4163 1083 4231 nominabo,
1101 4162 1171 4236 quod
1189 4161 1271 4218 iaciat
1291 4164 1358 4220 utut

318 4265 412 4333 bomo,
431 4267 518 4321 statius
537 4263 582 4321 ille
604 4268 718 4321 evannit.
753 4263 845 4336 ltaque
863 4273 971 4321 matrem
988 4265 1133 4331 oonrarlit,
1152 4269 1228 4336 pater
1244 4279 1311 4320 nero
1322 4269 1357 4321 tn

318 4380 408 4422 errore
437 4366 587 4437 permansit.
629 4365 683 4423 Sed
710 4379 767 4421 curn
792 4364 912 4422 haeresis
941 4364 1040 4420 Ariana
1068 4381 1117 4436 per
1148 4370 1229 4421 toturn
1260 4363 1355 4422 orben
