<?xml version="1.0" encoding="UTF-8"?>
<!DOCTYPE html PUBLIC "-//W3C//DTD XHTML 1.0 Transitional//EN"
    "http://www.w3.org/TR/xhtml1/DTD/xhtml1-transitional.dtd">
<html xmlns="http://www.w3.org/1999/xhtml" xml:lang="en" lang="en">
 <head>
  <title>
</title>
<meta http-equiv="Content-Type" content="text/html;charset=utf-8" />
  <meta name='ocr-system' content='tesseract 3.04.00' />
  <meta name='ocr-capabilities' content='ocr_page ocr_carea ocr_par ocr_line ocrx_word'/>
</head>
<body>
  <div class='ocr_page' id='page_1' title='image "./jacobiavoragine00jacogoog_0552.png"; bbox 0 0 2984 5302; ppageno 0'>
   <div class='ocr_carea' id='block_1_1' title="bbox 392 481 1195 568">
    <p class='ocr_par' dir='ltr' id='par_1_1' title="bbox 392 481 1195 568">
     <span class='ocr_line' id='line_1_1' title="bbox 392 481 1195 568; baseline 0.001 -28"><span class='ocrx_word' id='word_1_1' title='bbox 392 482 466 568; x_wconf 74' lang='lat' dir='ltr'>Cap.</span> <span class='ocrx_word' id='word_1_2' title='bbox 490 481 577 540; x_wconf 85' lang='lat' dir='ltr'><strong>CXX.</strong></span> <span class='ocrx_word' id='word_1_3' title='bbox 620 482 666 541; x_wconf 88' lang='lat' dir='ltr'>De</span> <span class='ocrx_word' id='word_1_4' title='bbox 688 491 787 539; x_wconf 84' lang='lat' dir='ltr'>sencio</span> <span class='ocrx_word' id='word_1_5' title='bbox 810 481 968 542; x_wconf 81' lang='lat' dir='ltr'>Berneedc.</span> <span class='ocrx_word' id='word_1_6' title='bbox 1135 481 1195 543; x_wconf 72' lang='lat'>5³1</span> 
     </span>
    </p>
   </div>
   <div class='ocr_carea' id='block_1_2' title="bbox 138 637 1213 4414">
    <p class='ocr_par' dir='ltr' id='par_1_2' title="bbox 138 637 1213 4414">
     <span class='ocr_line' id='line_1_2' title="bbox 155 637 1199 713; baseline 0 -17"><span class='ocrx_word' id='word_1_7' title='bbox 155 638 221 696; x_wconf 85' lang='lat' dir='ltr'>Post</span> <span class='ocrx_word' id='word_1_8' title='bbox 238 641 340 706; x_wconf 84' lang='lat' dir='ltr'>cibun,</span> <span class='ocrx_word' id='word_1_9' title='bbox 367 645 492 712; x_wconf 80' lang='lat' dir='ltr'>quantum</span> <span class='ocrx_word' id='word_1_10' title='bbox 511 637 669 706; x_wconf 83' lang='lat' dir='ltr'>comederit,</span> <span class='ocrx_word' id='word_1_11' title='bbox 695 655 799 712; x_wconf 87' lang='lat' dir='ltr'>semper</span> <span class='ocrx_word' id='word_1_12' title='bbox 821 641 941 713; x_wconf 78' lang='lat' dir='ltr'>cogitare</span> <span class='ocrx_word' id='word_1_13' title='bbox 964 639 1058 695; x_wconf 88' lang='lat' dir='ltr'>solitus</span> <span class='ocrx_word' id='word_1_14' title='bbox 1077 647 1150 708; x_wconf 84' lang='lat' dir='ltr'>crat,</span> <span class='ocrx_word' id='word_1_15' title='bbox 1175 646 1199 696; x_wconf 91' lang='lat' dir='ltr'>si</span> 
     </span>
     <span class='ocr_line' id='line_1_3' title="bbox 156 739 1198 812; baseline -0.001 -16"><span class='ocrx_word' id='word_1_16' title='bbox 156 740 263 812; x_wconf 83' lang='lat' dir='ltr'>quaudo</span> <span class='ocrx_word' id='word_1_17' title='bbox 282 739 324 796; x_wconf 84' lang='lat' dir='ltr'>nel</span> <span class='ocrx_word' id='word_1_18' title='bbox 342 739 377 795; x_wconf 85' lang='lat' dir='ltr'>ad</span> <span class='ocrx_word' id='word_1_19' title='bbox 395 739 521 796; x_wconf 88' lang='lat' dir='ltr'>modicum</span> <span class='ocrx_word' id='word_1_20' title='bbox 539 754 686 794; x_wconf 85' lang='lat' dir='ltr'>mensuram</span> <span class='ocrx_word' id='word_1_21' title='bbox 704 739 808 795; x_wconf 82' lang='lat' dir='ltr'>colitant</span> <span class='ocrx_word' id='word_1_22' title='bbox 826 739 976 794; x_wconf 83' lang='lat' dir='ltr'>excessisse</span> <span class='ocrx_word' id='word_1_23' title='bbox 999 754 1031 796; x_wconf 86' lang='lat' dir='ltr'>se</span> <span class='ocrx_word' id='word_1_24' title='bbox 1049 739 1198 810; x_wconf 86' lang='lat' dir='ltr'>depreben-</span> 
     </span>
     <span class='ocr_line' id='line_1_4' title="bbox 156 837 1197 912; baseline -0.001 -17"><span class='ocrx_word' id='word_1_25' title='bbox 156 840 210 908; x_wconf 84' lang='lat' dir='ltr'>dit,</span> <span class='ocrx_word' id='word_1_26' title='bbox 230 843 336 912; x_wconf 87' lang='lat' dir='ltr'>impone</span> <span class='ocrx_word' id='word_1_27' title='bbox 354 839 430 895; x_wconf 85' lang='lat' dir='ltr'>abire</span> <span class='ocrx_word' id='word_1_28' title='bbox 449 855 500 894; x_wconf 87' lang='lat' dir='ltr'>nou</span> <span class='ocrx_word' id='word_1_29' title='bbox 519 839 678 909; x_wconf 85' lang='lat' dir='ltr'>patiebatur.</span> <span class='ocrx_word' id='word_1_30' title='bbox 713 839 759 895; x_wconf 88' lang='lat' dir='ltr'>Sic</span> <span class='ocrx_word' id='word_1_31' title='bbox 778 839 858 912; x_wconf 82' lang='lat' dir='ltr'>gulae</span> <span class='ocrx_word' id='word_1_32' title='bbox 875 837 1017 894; x_wconf 73' lang='lat' dir='ltr'><strong>illecebras</strong></span> <span class='ocrx_word' id='word_1_33' title='bbox 1035 839 1197 904; x_wconf 75' lang='lat' dir='ltr'>edomuerat</span> 
     </span>
     <span class='ocr_line' id='line_1_5' title="bbox 156 937 1198 1012; baseline -0.001 -17"><span class='ocrx_word' id='word_1_34' title='bbox 156 947 186 997; x_wconf 92' lang='lat' dir='ltr'>ut</span> <span class='ocrx_word' id='word_1_35' title='bbox 205 943 288 1012; x_wconf 88' lang='lat' dir='ltr'>ipsum</span> <span class='ocrx_word' id='word_1_36' title='bbox 307 954 413 1012; x_wconf 86' lang='lat' dir='ltr'>quoque</span> <span class='ocrx_word' id='word_1_37' title='bbox 432 950 557 1011; x_wconf 78' lang='lat' dir='ltr'>saporum</span> <span class='ocrx_word' id='word_1_38' title='bbox 580 937 766 994; x_wconf 67' lang='lat' dir='ltr'>discretionem</span> <span class='ocrx_word' id='word_1_39' title='bbox 786 953 818 993; x_wconf 84' lang='grc' dir='ltr'>ιιι</span> <span class='ocrx_word' id='word_1_40' title='bbox 835 953 932 1010; x_wconf 80' lang='lat' dir='ltr'>magna</span> <span class='ocrx_word' id='word_1_41' title='bbox 950 945 1025 1008; x_wconf 84' lang='lat' dir='ltr'>paule</span> <span class='ocrx_word' id='word_1_42' title='bbox 1043 938 1198 1008; x_wconf 75' lang='lat' dir='ltr'>perdiderit.</span> 
     </span>
     <span class='ocr_line' id='line_1_6' title="bbox 154 1036 1194 1112; baseline 0.002 -16"><span class='ocrx_word' id='word_1_43' title='bbox 154 1040 219 1096; x_wconf 82' lang='lat' dir='ltr'>Nam</span> <span class='ocrx_word' id='word_1_44' title='bbox 239 1047 267 1096; x_wconf 90' lang='lat' dir='ltr'>et</span> <span class='ocrx_word' id='word_1_45' title='bbox 284 1040 370 1095; x_wconf 88' lang='lat' dir='ltr'>oleum</span> <span class='ocrx_word' id='word_1_46' title='bbox 388 1037 442 1093; x_wconf 91' lang='lat' dir='ltr'>sibi</span> <span class='ocrx_word' id='word_1_47' title='bbox 459 1054 507 1109; x_wconf 82' lang='lat' dir='ltr'>per</span> <span class='ocrx_word' id='word_1_48' title='bbox 524 1051 639 1092; x_wconf 88' lang='lat' dir='ltr'>errorem</span> <span class='ocrx_word' id='word_1_49' title='bbox 658 1036 802 1108; x_wconf 90' lang='lat' dir='ltr'>aliquando</span> <span class='ocrx_word' id='word_1_50' title='bbox 824 1040 988 1108; x_wconf 86' lang='lat' dir='ltr'>propositum</span> <span class='ocrx_word' id='word_1_51' title='bbox 1009 1038 1077 1095; x_wconf 89' lang='lat' dir='ltr'>bibit</span> <span class='ocrx_word' id='word_1_52' title='bbox 1103 1047 1130 1097; x_wconf 93' lang='lat' dir='ltr'>et</span> <span class='ocrx_word' id='word_1_53' title='bbox 1148 1057 1194 1112; x_wconf 87' lang='lat' dir='ltr'>pe-</span> 
     </span>
     <span class='ocr_line' id='line_1_7' title="bbox 154 1137 1197 1213; baseline 0.003 -19"><span class='ocrx_word' id='word_1_54' title='bbox 154 1142 225 1195; x_wconf 89' lang='lat' dir='ltr'>nitus</span> <span class='ocrx_word' id='word_1_55' title='bbox 244 1139 378 1213; x_wconf 77' lang='lat' dir='ltr'>ignorauit</span> <span class='ocrx_word' id='word_1_56' title='bbox 395 1153 445 1194; x_wconf 87' lang='lat' dir='ltr'>uec</span> <span class='ocrx_word' id='word_1_57' title='bbox 462 1141 535 1209; x_wconf 85' lang='lat' dir='ltr'>prius</span> <span class='ocrx_word' id='word_1_58' title='bbox 554 1137 580 1192; x_wconf 92' lang='lat' dir='ltr'>id</span> <span class='ocrx_word' id='word_1_59' title='bbox 600 1142 642 1192; x_wconf 89' lang='lat' dir='ltr'>cst</span> <span class='ocrx_word' id='word_1_60' title='bbox 658 1137 801 1209; x_wconf 80' lang='lat' dir='ltr'>cognitum,</span> <span class='ocrx_word' id='word_1_61' title='bbox 821 1137 1029 1209; x_wconf 76' lang='lat' dir='ltr'>donoc-quidam</span> <span class='ocrx_word' id='word_1_62' title='bbox 1047 1143 1107 1212; x_wconf 75' lang='lat' dir='ltr'>cius</span> <span class='ocrx_word' id='word_1_63' title='bbox 1124 1141 1197 1197; x_wconf 87' lang='lat' dir='ltr'>labia</span> 
     </span>
     <span class='ocr_line' id='line_1_8' title="bbox 153 1235 1196 1310; baseline 0.002 -16"><span class='ocrx_word' id='word_1_64' title='bbox 153 1242 295 1296; x_wconf 86' lang='lat' dir='ltr'>miraretur</span> <span class='ocrx_word' id='word_1_65' title='bbox 319 1240 434 1295; x_wconf 80' lang='lat' dir='ltr'>inuncta</span> <span class='ocrx_word' id='word_1_66' title='bbox 470 1237 631 1310; x_wconf 73' lang='lat' dir='ltr'>Sanguinem</span> <span class='ocrx_word' id='word_1_67' title='bbox 653 1235 761 1292; x_wconf 84' lang='lat' dir='ltr'>crudum</span> <span class='ocrx_word' id='word_1_68' title='bbox 785 1237 893 1308; x_wconf 85' lang='lat' dir='ltr'>insuper</span> <span class='ocrx_word' id='word_1_69' title='bbox 923 1253 972 1308; x_wconf 87' lang='lat' dir='ltr'>per</span> <span class='ocrx_word' id='word_1_70' title='bbox 998 1255 1114 1297; x_wconf 84' lang='lat' dir='ltr'>errorent</span> <span class='ocrx_word' id='word_1_71' title='bbox 1143 1243 1196 1297; x_wconf 87' lang='lat' dir='ltr'>ribi</span> 
     </span>
     <span class='ocr_line' id='line_1_9' title="bbox 154 1336 1194 1410; baseline 0.004 -15"><span class='ocrx_word' id='word_1_72' title='bbox 154 1339 271 1395; x_wconf 85' lang='lat' dir='ltr'>oblatum</span> <span class='ocrx_word' id='word_1_73' title='bbox 289 1353 338 1410; x_wconf 89' lang='lat' dir='ltr'>pre</span> <span class='ocrx_word' id='word_1_74' title='bbox 356 1336 451 1410; x_wconf 73' lang='lat' dir='ltr'>butyro</span> <span class='ocrx_word' id='word_1_75' title='bbox 467 1338 557 1393; x_wconf 88' lang='lat' dir='ltr'>multis</span> <span class='ocrx_word' id='word_1_76' title='bbox 576 1337 671 1392; x_wconf 88' lang='lat' dir='ltr'>diebus</span> <span class='ocrx_word' id='word_1_77' title='bbox 689 1337 808 1394; x_wconf 87' lang='lat' dir='ltr'>uescitur</span> <span class='ocrx_word' id='word_1_78' title='bbox 823 1338 988 1406; x_wconf 87' lang='lat' dir='ltr'>comedisse,</span> <span class='ocrx_word' id='word_1_79' title='bbox 1010 1341 1093 1397; x_wconf 89' lang='lat' dir='ltr'>solum</span> <span class='ocrx_word' id='word_1_80' title='bbox 1107 1349 1194 1400; x_wconf 87' lang='lat' dir='ltr'>antem</span> 
     </span>
     <span class='ocr_line' id='line_1_10' title="bbox 153 1435 1195 1515; baseline 0.003 -19"><span class='ocrx_word' id='word_1_81' title='bbox 153 1455 249 1515; x_wconf 84' lang='lat' dir='ltr'>aquam</span> <span class='ocrx_word' id='word_1_82' title='bbox 275 1439 327 1496; x_wconf 89' lang='lat' dir='ltr'>sibi</span> <span class='ocrx_word' id='word_1_83' title='bbox 352 1453 450 1511; x_wconf 85' lang='lat' dir='ltr'>sapere</span> <span class='ocrx_word' id='word_1_84' title='bbox 472 1437 578 1496; x_wconf 88' lang='lat' dir='ltr'>dicebat</span> <span class='ocrx_word' id='word_1_85' title='bbox 603 1453 652 1504; x_wconf 77' lang='lat' dir='ltr'>eo,</span> <span class='ocrx_word' id='word_1_86' title='bbox 684 1435 774 1508; x_wconf 83' lang='lat' dir='ltr'>qnod,</span> <span class='ocrx_word' id='word_1_87' title='bbox 803 1436 862 1493; x_wconf 89' lang='lat' dir='ltr'>dum</span> <span class='ocrx_word' id='word_1_88' title='bbox 894 1448 1021 1504; x_wconf 82' lang='lat' dir='ltr'>sunreret,</span> <span class='ocrx_word' id='word_1_89' title='bbox 1051 1442 1143 1499; x_wconf 83' lang='lat' dir='ltr'>lances</span> <span class='ocrx_word' id='word_1_90' title='bbox 1168 1450 1195 1499; x_wconf 90' lang='lat' dir='ltr'>et</span> 
     </span>
     <span class='ocr_line' id='line_1_11' title="bbox 152 1537 1193 1616; baseline 0.003 -19"><span class='ocrx_word' id='word_1_91' title='bbox 152 1547 245 1616; x_wconf 76' lang='lat' dir='ltr'>guttur</span> <span class='ocrx_word' id='word_1_92' title='bbox 260 1541 319 1611; x_wconf 80' lang='lat' dir='ltr'>ejus</span> <span class='ocrx_word' id='word_1_93' title='bbox 338 1539 521 1613; x_wconf 78' lang='lat' dir='ltr'>rclrigerarei.</span> <span class='ocrx_word' id='word_1_94' title='bbox 556 1537 688 1610; x_wconf 80' lang='lat' dir='ltr'>Quidquid</span> <span class='ocrx_word' id='word_1_95' title='bbox 707 1541 733 1592; x_wconf 90' lang='lat' dir='ltr'>in</span> <span class='ocrx_word' id='word_1_96' title='bbox 750 1539 891 1609; x_wconf 80' lang='lat' dir='ltr'>scriptnris</span> <span class='ocrx_word' id='word_1_97' title='bbox 909 1537 1053 1608; x_wconf 86' lang='lat' dir='ltr'>didicerat,</span> <span class='ocrx_word' id='word_1_98' title='bbox 1081 1545 1193 1600; x_wconf 83' lang='lat' dir='ltr'>maxime</span> 
     </span>
     <span class='ocr_line' id='line_1_12' title="bbox 151 1635 1195 1712; baseline 0.008 -18"><span class='ocrx_word' id='word_1_99' title='bbox 151 1642 179 1696; x_wconf 89' lang='lat' dir='ltr'>in</span> <span class='ocrx_word' id='word_1_100' title='bbox 191 1641 267 1696; x_wconf 85' lang='lat' dir='ltr'>siluis</span> <span class='ocrx_word' id='word_1_101' title='bbox 279 1645 306 1696; x_wconf 93' lang='lat' dir='ltr'>et</span> <span class='ocrx_word' id='word_1_102' title='bbox 317 1642 344 1694; x_wconf 89' lang='lat' dir='ltr'>in</span> <span class='ocrx_word' id='word_1_103' title='bbox 357 1642 431 1712; x_wconf 77' lang='lat' dir='ltr'>agris</span> <span class='ocrx_word' id='word_1_104' title='bbox 450 1635 601 1694; x_wconf 85' lang='lat' dir='ltr'>meditando</span> <span class='ocrx_word' id='word_1_105' title='bbox 619 1644 646 1693; x_wconf 91' lang='lat' dir='ltr'>ot</span> <span class='ocrx_word' id='word_1_106' title='bbox 664 1636 766 1693; x_wconf 85' lang='lat' dir='ltr'>orando</span> <span class='ocrx_word' id='word_1_107' title='bbox 780 1653 809 1694; x_wconf 89' lang='lat' dir='ltr'>se</span> <span class='ocrx_word' id='word_1_108' title='bbox 827 1637 1149 1712; x_wconf 84' lang='lat' dir='ltr'>renitebaturacoeplsse</span> <span class='ocrx_word' id='word_1_109' title='bbox 1167 1652 1195 1702; x_wconf 89' lang='lat' dir='ltr'>ct</span> 
     </span>
     <span class='ocr_line' id='line_1_13' title="bbox 151 1735 1193 1814; baseline 0.003 -18"><span class='ocrx_word' id='word_1_110' title='bbox 151 1740 239 1796; x_wconf 88' lang='lat' dir='ltr'>nullos</span> <span class='ocrx_word' id='word_1_111' title='bbox 254 1755 285 1796; x_wconf 90' lang='lat' dir='ltr'>sc</span> <span class='ocrx_word' id='word_1_112' title='bbox 302 1739 446 1812; x_wconf 87' lang='lat' dir='ltr'>aliqnando</span> <span class='ocrx_word' id='word_1_113' title='bbox 465 1740 610 1812; x_wconf 78' lang='lat' dir='ltr'>magistros</span> <span class='ocrx_word' id='word_1_114' title='bbox 627 1735 764 1804; x_wconf 86' lang='lat' dir='ltr'>babuisse,</span> <span class='ocrx_word' id='word_1_115' title='bbox 782 1739 834 1792; x_wconf 92' lang='lat' dir='ltr'>nisi</span> <span class='ocrx_word' id='word_1_116' title='bbox 851 1753 963 1810; x_wconf 85' lang='lat' dir='ltr'>quercus</span> <span class='ocrx_word' id='word_1_117' title='bbox 981 1744 1008 1796; x_wconf 87' lang='lat' dir='ltr'>et</span> <span class='ocrx_word' id='word_1_118' title='bbox 1022 1740 1109 1814; x_wconf 75' lang='lat' dir='ltr'>lagos,</span> <span class='ocrx_word' id='word_1_119' title='bbox 1125 1746 1193 1801; x_wconf 88' lang='lat' dir='ltr'>inter</span> 
     </span>
     <span class='ocr_line' id='line_1_14' title="bbox 151 1837 1193 1910; baseline 0.003 -14"><span class='ocrx_word' id='word_1_120' title='bbox 151 1842 251 1897; x_wconf 82' lang='lat' dir='ltr'>unicos</span> <span class='ocrx_word' id='word_1_121' title='bbox 270 1838 360 1895; x_wconf 90' lang='lat' dir='ltr'>dicere</span> <span class='ocrx_word' id='word_1_122' title='bbox 378 1837 492 1894; x_wconf 87' lang='lat' dir='ltr'>solebat.</span> <span class='ocrx_word' id='word_1_123' title='bbox 527 1837 646 1909; x_wconf 73' lang='lat' dir='ltr'>lienique</span> <span class='ocrx_word' id='word_1_124' title='bbox 664 1837 805 1893; x_wconf 77' lang='lat' dir='ltr'>confessus</span> <span class='ocrx_word' id='word_1_125' title='bbox 823 1843 873 1901; x_wconf 84' lang='lat' dir='ltr'>esi,</span> <span class='ocrx_word' id='word_1_126' title='bbox 891 1837 1036 1910; x_wconf 90' lang='lat' dir='ltr'>aliqnando</span> <span class='ocrx_word' id='word_1_127' title='bbox 1055 1842 1193 1899; x_wconf 71' lang='lat' dir='ltr'>meditanti</span> 
     </span>
     <span class='ocr_line' id='line_1_15' title="bbox 151 1937 1192 2010; baseline 0.002 -14"><span class='ocrx_word' id='word_1_128' title='bbox 151 1940 193 1997; x_wconf 85' lang='lat' dir='ltr'>uei</span> <span class='ocrx_word' id='word_1_129' title='bbox 218 1941 306 1996; x_wconf 88' lang='lat' dir='ltr'>oranti</span> <span class='ocrx_word' id='word_1_130' title='bbox 329 1953 430 1994; x_wconf 79' lang='grc' dir='ltr'>ιιιιιιιι</span> <span class='ocrx_word' id='word_1_131' title='bbox 466 1952 567 1994; x_wconf 86' lang='lat' dir='ltr'>omnen</span> <span class='ocrx_word' id='word_1_132' title='bbox 596 1937 670 1994; x_wconf 80' lang='lat' dir='ltr'>velut</span> <span class='ocrx_word' id='word_1_133' title='bbox 699 1939 862 2009; x_wconf 87' lang='lat' dir='ltr'>suppositam</span> <span class='ocrx_word' id='word_1_134' title='bbox 896 1937 937 1993; x_wconf 85' lang='lat' dir='ltr'>rei</span> <span class='ocrx_word' id='word_1_135' title='bbox 965 1943 1112 2010; x_wconf 76' lang='lat' dir='ltr'>expositam</span> <span class='ocrx_word' id='word_1_136' title='bbox 1139 1943 1192 1998; x_wconf 92' lang='lat' dir='ltr'>sibi</span> 
     </span>
     <span class='ocr_line' id='line_1_16' title="bbox 150 2035 1191 2113; baseline 0.001 -16"><span class='ocrx_word' id='word_1_137' title='bbox 150 2042 311 2113; x_wconf 84' lang='lat' dir='ltr'>apparuisse</span> <span class='ocrx_word' id='word_1_138' title='bbox 334 2039 500 2109; x_wconf 84' lang='lat' dir='ltr'>scripturam.</span> <span class='ocrx_word' id='word_1_139' title='bbox 544 2035 662 2101; x_wconf 80' lang='lat' dir='ltr'>Quodam</span> <span class='ocrx_word' id='word_1_140' title='bbox 689 2043 822 2106; x_wconf 86' lang='lat' dir='ltr'>tempore,</span> <span class='ocrx_word' id='word_1_141' title='bbox 849 2038 919 2092; x_wconf 88' lang='lat' dir='ltr'>sicui</span> <span class='ocrx_word' id='word_1_142' title='bbox 943 2039 1001 2109; x_wconf 89' lang='lat' dir='ltr'>ipso</span> <span class='ocrx_word' id='word_1_143' title='bbox 1029 2041 1055 2093; x_wconf 92' lang='lat' dir='ltr'>in</span> <span class='ocrx_word' id='word_1_144' title='bbox 1079 2044 1191 2099; x_wconf 88' lang='lat' dir='ltr'>canticis</span> 
     </span>
     <span class='ocr_line' id='line_1_17' title="bbox 150 2136 1190 2210; baseline -0.002 -14"><span class='ocrx_word' id='word_1_145' title='bbox 150 2138 246 2206; x_wconf 86' lang='lat' dir='ltr'>eclert,</span> <span class='ocrx_word' id='word_1_146' title='bbox 264 2153 321 2194; x_wconf 89' lang='grc' dir='ltr'>ιιιι</span> <span class='ocrx_word' id='word_1_147' title='bbox 340 2140 409 2194; x_wconf 84' lang='lat' dir='ltr'>inter</span> <span class='ocrx_word' id='word_1_148' title='bbox 426 2136 585 2210; x_wconf 83' lang='lat' dir='ltr'>loquendum</span> <span class='ocrx_word' id='word_1_149' title='bbox 602 2153 636 2194; x_wconf 83' lang='lat' dir='ltr'>ex</span> <span class='ocrx_word' id='word_1_150' title='bbox 653 2136 711 2204; x_wconf 89' lang='lat' dir='ltr'>bis,</span> <span class='ocrx_word' id='word_1_151' title='bbox 735 2151 803 2209; x_wconf 88' lang='lat' dir='ltr'>quae</span> <span class='ocrx_word' id='word_1_152' title='bbox 820 2137 985 2209; x_wconf 71' lang='lat' dir='ltr'>suggerebat</span> <span class='ocrx_word' id='word_1_153' title='bbox 1001 2142 1120 2210; x_wconf 82' lang='lat' dir='ltr'>spiritns,</span> <span class='ocrx_word' id='word_1_154' title='bbox 1139 2145 1190 2198; x_wconf 89' lang='lat' dir='ltr'>etsi</span> 
     </span>
     <span class='ocr_line' id='line_1_18' title="bbox 153 2236 1190 2312; baseline 0.002 -18"><span class='ocrx_word' id='word_1_155' title='bbox 153 2243 234 2310; x_wconf 81' lang='lat' dir='ltr'>¹&gt;non</span> <span class='ocrx_word' id='word_1_156' title='bbox 249 2237 321 2296; x_wconf 78' lang='lat' dir='ltr'>fideii</span> <span class='ocrx_word' id='word_1_157' title='bbox 339 2239 426 2304; x_wconf 84' lang='lat' dir='ltr'>nimiu,</span> <span class='ocrx_word' id='word_1_158' title='bbox 444 2243 530 2294; x_wconf 87' lang='lat' dir='ltr'>tanen</span> <span class='ocrx_word' id='word_1_159' title='bbox 550 2236 641 2294; x_wconf 84' lang='lat' dir='ltr'>iderti</span> <span class='ocrx_word' id='word_1_160' title='bbox 660 2239 746 2292; x_wconf 85' lang='lat' dir='ltr'>auimo</span> <span class='ocrx_word' id='word_1_161' title='bbox 764 2242 925 2303; x_wconf 76' lang='lat' dir='ltr'>recenseret,</span> <span class='ocrx_word' id='word_1_162' title='bbox 942 2245 970 2292; x_wconf 95' lang='grc' dir='ltr'>ιι</span> <span class='ocrx_word' id='word_1_163' title='bbox 986 2237 1107 2306; x_wconf 85' lang='lat' dir='ltr'>baberet,</span> <span class='ocrx_word' id='word_1_164' title='bbox 1127 2241 1190 2312; x_wconf 90' lang='lat' dir='ltr'>quid</span> 
     </span>
     <span class='ocr_line' id='line_1_19' title="bbox 149 2336 1190 2406; baseline 0 -10"><span class='ocrx_word' id='word_1_165' title='bbox 149 2337 267 2406; x_wconf 85' lang='lat' dir='ltr'>diceret,</span> <span class='ocrx_word' id='word_1_166' title='bbox 292 2336 377 2395; x_wconf 86' lang='lat' dir='ltr'>denuo</span> <span class='ocrx_word' id='word_1_167' title='bbox 400 2342 579 2403; x_wconf 81' lang='grc' dir='ltr'>ιιιιιιιιιιι,</span> <span class='ocrx_word' id='word_1_168' title='bbox 605 2353 666 2393; x_wconf 86' lang='lat' dir='ltr'>ecce</span> <span class='ocrx_word' id='word_1_169' title='bbox 690 2336 789 2392; x_wconf 80' lang='lat' dir='ltr'>round</span> <span class='ocrx_word' id='word_1_170' title='bbox 810 2351 866 2392; x_wconf 89' lang='grc' dir='ltr'>ιιιιι</span> <span class='ocrx_word' id='word_1_171' title='bbox 885 2337 1079 2393; x_wconf 80' lang='lat' dir='ltr'>aruitdioens:</span> <span class='ocrx_word' id='word_1_172' title='bbox 1105 2338 1190 2396; x_wconf 88' lang='lat' dir='ltr'>donec</span> 
     </span>
     <span class='ocr_line' id='line_1_20' title="bbox 145 2434 1189 2511; baseline 0.001 -16"><span class='ocrx_word' id='word_1_173' title='bbox 145 2439 219 2496; x_wconf 86' lang='lat' dir='ltr'>istud</span> <span class='ocrx_word' id='word_1_174' title='bbox 239 2439 372 2506; x_wconf 86' lang='lat' dir='ltr'>tenueris,</span> <span class='ocrx_word' id='word_1_175' title='bbox 391 2434 462 2492; x_wconf 87' lang='lat' dir='ltr'>aliud</span> <span class='ocrx_word' id='word_1_176' title='bbox 482 2453 534 2492; x_wconf 92' lang='lat' dir='ltr'>uon</span> <span class='ocrx_word' id='word_1_177' title='bbox 551 2438 674 2509; x_wconf 78' lang='lat' dir='ltr'>accipies.</span> <span class='ocrx_word' id='word_1_178' title='bbox 709 2435 737 2490; x_wconf 88' lang='lat' dir='ltr'>ln</span> <span class='ocrx_word' id='word_1_179' title='bbox 757 2436 875 2492; x_wconf 84' lang='lat' dir='ltr'>uestibus</span> <span class='ocrx_word' id='word_1_180' title='bbox 892 2439 917 2492; x_wconf 88' lang='lat' dir='ltr'>ei</span> <span class='ocrx_word' id='word_1_181' title='bbox 930 2453 1034 2508; x_wconf 85' lang='lat' dir='ltr'>semper</span> <span class='ocrx_word' id='word_1_182' title='bbox 1045 2447 1189 2511; x_wconf 85' lang='lat' dir='ltr'>pauperies</span> 
     </span>
     <span class='ocr_line' id='line_1_21' title="bbox 148 2536 1190 2610; baseline 0.002 -16"><span class='ocrx_word' id='word_1_183' title='bbox 148 2538 257 2610; x_wconf 79' lang='lat' dir='ltr'>placuit,</span> <span class='ocrx_word' id='word_1_184' title='bbox 282 2536 377 2594; x_wconf 88' lang='lat' dir='ltr'>sordes</span> <span class='ocrx_word' id='word_1_185' title='bbox 399 2551 545 2609; x_wconf 87' lang='lat' dir='ltr'>uunquam,</span> <span class='ocrx_word' id='word_1_186' title='bbox 572 2538 693 2593; x_wconf 81' lang='lat' dir='ltr'>nimirum</span> <span class='ocrx_word' id='word_1_187' title='bbox 713 2537 793 2592; x_wconf 83' lang='lat' dir='ltr'>animi</span> <span class='ocrx_word' id='word_1_188' title='bbox 818 2537 876 2593; x_wconf 84' lang='lat' dir='ltr'>iore</span> <span class='ocrx_word' id='word_1_189' title='bbox 896 2537 1003 2609; x_wconf 79' lang='lat' dir='ltr'>judicos</span> <span class='ocrx_word' id='word_1_190' title='bbox 1021 2538 1113 2610; x_wconf 77' lang='lat' dir='ltr'>aiebat</span> <span class='ocrx_word' id='word_1_191' title='bbox 1143 2549 1190 2596; x_wconf 90' lang='lat' dir='ltr'>aut</span> 
     </span>
     <span class='ocr_line' id='line_1_22' title="bbox 147 2637 1187 2716; baseline 0.002 -20"><span class='ocrx_word' id='word_1_192' title='bbox 147 2639 310 2714; x_wconf 74' lang='lat' dir='ltr'>negligentis</span> <span class='ocrx_word' id='word_1_193' title='bbox 329 2646 376 2696; x_wconf 89' lang='lat' dir='ltr'>aut</span> <span class='ocrx_word' id='word_1_194' title='bbox 391 2639 506 2694; x_wconf 82' lang='lat' dir='ltr'>inaniter</span> <span class='ocrx_word' id='word_1_195' title='bbox 524 2637 594 2710; x_wconf 88' lang='lat' dir='ltr'>apud</span> <span class='ocrx_word' id='word_1_196' title='bbox 615 2653 645 2694; x_wconf 82' lang='lat' dir='ltr'>se</span> <span class='ocrx_word' id='word_1_197' title='bbox 662 2637 803 2712; x_wconf 77' lang='lat' dir='ltr'>gloriantis</span> <span class='ocrx_word' id='word_1_198' title='bbox 821 2648 866 2694; x_wconf 88' lang='lat' dir='ltr'>sut</span> <span class='ocrx_word' id='word_1_199' title='bbox 884 2638 951 2694; x_wconf 85' lang='lat' dir='ltr'>lonis</span> <span class='ocrx_word' id='word_1_200' title='bbox 971 2637 1107 2696; x_wconf 78' lang='lat' dir='ltr'>bunonem</span> <span class='ocrx_word' id='word_1_201' title='bbox 1127 2643 1187 2716; x_wconf 85' lang='lat' dir='ltr'>glo·</span> 
     </span>
     <span class='ocr_line' id='line_1_23' title="bbox 148 2736 1213 2824; baseline 0.003 -29"><span class='ocrx_word' id='word_1_202' title='bbox 148 2737 212 2796; x_wconf 87' lang='lat' dir='ltr'>rlan</span> <span class='ocrx_word' id='word_1_203' title='bbox 231 2740 389 2796; x_wconf 69' lang='lat' dir='ltr'>admuntis.</span> <span class='ocrx_word' id='word_1_204' title='bbox 424 2736 595 2796; x_wconf 78' lang='lat' dir='ltr'>Proverbiuu</span> <span class='ocrx_word' id='word_1_205' title='bbox 616 2739 681 2794; x_wconf 91' lang='lat' dir='ltr'>illud</span> <span class='ocrx_word' id='word_1_206' title='bbox 700 2741 727 2794; x_wconf 92' lang='lat' dir='ltr'>ln</span> <span class='ocrx_word' id='word_1_207' title='bbox 744 2755 791 2797; x_wconf 90' lang='lat' dir='ltr'>ore</span> <span class='ocrx_word' id='word_1_208' title='bbox 815 2742 873 2813; x_wconf 72' lang='lat' dir='ltr'>cius</span> <span class='ocrx_word' id='word_1_209' title='bbox 893 2741 1059 2814; x_wconf 85' lang='lat' dir='ltr'>lroquenter,</span> <span class='ocrx_word' id='word_1_210' title='bbox 1083 2757 1188 2815; x_wconf 87' lang='lat' dir='ltr'>semper</span> <span class='ocrx_word' id='word_1_211' title='bbox 1207 2813 1213 2824; x_wconf 26' lang='grc' dir='ltr'>ι</span> 
     </span>
     <span class='ocr_line' id='line_1_24' title="bbox 147 2839 1188 2916; baseline 0.002 -20"><span class='ocrx_word' id='word_1_212' title='bbox 147 2844 175 2897; x_wconf 89' lang='grc' dir='ltr'>ιι</span> <span class='ocrx_word' id='word_1_213' title='bbox 189 2841 271 2899; x_wconf 86' lang='lat' dir='ltr'>corde</span> <span class='ocrx_word' id='word_1_214' title='bbox 282 2849 354 2899; x_wconf 89' lang='lat' dir='ltr'>erat:</span> <span class='ocrx_word' id='word_1_215' title='bbox 372 2843 418 2916; x_wconf 90' lang='lat' dir='ltr'>qui</span> <span class='ocrx_word' id='word_1_216' title='bbox 429 2839 480 2898; x_wconf 87' lang='lat' dir='ltr'>buc</span> <span class='ocrx_word' id='word_1_217' title='bbox 495 2840 573 2908; x_wconf 89' lang='lat' dir='ltr'>iacit,</span> <span class='ocrx_word' id='word_1_218' title='bbox 593 2839 663 2914; x_wconf 90' lang='lat' dir='ltr'>qnod</span> <span class='ocrx_word' id='word_1_219' title='bbox 682 2855 774 2907; x_wconf 85' lang='lat' dir='ltr'>nemo,</span> <span class='ocrx_word' id='word_1_220' title='bbox 791 2842 919 2896; x_wconf 85' lang='grc' dir='ltr'>ιιιιιιιιι</span> <span class='ocrx_word' id='word_1_221' title='bbox 935 2856 1033 2897; x_wconf 85' lang='lat' dir='ltr'>onnes.</span> <span class='ocrx_word' id='word_1_222' title='bbox 1069 2841 1143 2900; x_wconf 84' lang='lat' dir='ltr'>Unde</span> <span class='ocrx_word' id='word_1_223' title='bbox 1161 2853 1188 2900; x_wconf 90' lang='grc' dir='ltr'>ιι</span> 
     </span>
     <span class='ocr_line' id='line_1_25' title="bbox 145 2939 1186 3015; baseline 0.001 -17"><span class='ocrx_word' id='word_1_224' title='bbox 145 2941 258 3000; x_wconf 81' lang='lat' dir='ltr'>cilicium</span> <span class='ocrx_word' id='word_1_225' title='bbox 277 2942 398 3015; x_wconf 86' lang='lat' dir='ltr'>pluribus</span> <span class='ocrx_word' id='word_1_226' title='bbox 416 2943 492 2998; x_wconf 85' lang='lat' dir='ltr'>annis</span> <span class='ocrx_word' id='word_1_227' title='bbox 510 2943 636 3010; x_wconf 80' lang='grc' dir='ltr'>ιιιιιιιι,</span> <span class='ocrx_word' id='word_1_228' title='bbox 655 2941 779 3014; x_wconf 85' lang='lat' dir='ltr'>quandiu</span> <span class='ocrx_word' id='word_1_229' title='bbox 797 2939 927 2997; x_wconf 88' lang='lat' dir='ltr'>occultum</span> <span class='ocrx_word' id='word_1_230' title='bbox 946 2957 1008 2998; x_wconf 87' lang='lat' dir='ltr'>esne</span> <span class='ocrx_word' id='word_1_231' title='bbox 1026 2945 1121 3013; x_wconf 83' lang='lat' dir='ltr'>potnit,</span> <span class='ocrx_word' id='word_1_232' title='bbox 1139 2943 1186 3000; x_wconf 88' lang='lat' dir='ltr'>sed</span> 
     </span>
     <span class='ocr_line' id='line_1_26' title="bbox 144 3039 1187 3118; baseline 0 -20"><span class='ocrx_word' id='word_1_233' title='bbox 144 3043 190 3099; x_wconf 88' lang='lat' dir='ltr'>ubl</span> <span class='ocrx_word' id='word_1_234' title='bbox 211 3040 261 3099; x_wconf 93' lang='grc' dir='ltr'>Ιιιι</span> <span class='ocrx_word' id='word_1_235' title='bbox 277 3043 409 3118; x_wconf 78' lang='lat' dir='ltr'>cognitum</span> <span class='ocrx_word' id='word_1_236' title='bbox 428 3055 490 3100; x_wconf 85' lang='lat' dir='ltr'>esse</span> <span class='ocrx_word' id='word_1_237' title='bbox 508 3043 600 3110; x_wconf 83' lang='lat' dir='ltr'>sunsit,</span> <span class='ocrx_word' id='word_1_238' title='bbox 619 3043 743 3097; x_wconf 90' lang='lat' dir='ltr'>continno</span> <span class='ocrx_word' id='word_1_239' title='bbox 759 3039 823 3097; x_wconf 87' lang='lat' dir='ltr'>illud</span> <span class='ocrx_word' id='word_1_240' title='bbox 841 3039 970 3113; x_wconf 81' lang='lat' dir='ltr'>abjiciens</span> <span class='ocrx_word' id='word_1_241' title='bbox 989 3039 1023 3096; x_wconf 88' lang='lat' dir='ltr'>ad</span> <span class='ocrx_word' id='word_1_242' title='bbox 1040 3046 1187 3098; x_wconf 84' lang='lat' dir='ltr'>communia</span> 
     </span>
     <span class='ocr_line' id='line_1_27' title="bbox 145 3141 1185 3216; baseline -0.004 -14"><span class='ocrx_word' id='word_1_243' title='bbox 145 3157 175 3201; x_wconf 85' lang='lat' dir='ltr'>se</span> <span class='ocrx_word' id='word_1_244' title='bbox 193 3147 332 3202; x_wconf 81' lang='lat' dir='ltr'>conuertit.</span> <span class='ocrx_word' id='word_1_245' title='bbox 367 3144 502 3216; x_wconf 75' lang='lat' dir='ltr'>Nunquam</span> <span class='ocrx_word' id='word_1_246' title='bbox 520 3144 561 3197; x_wconf 92' lang='lat' dir='ltr'>sic</span> <span class='ocrx_word' id='word_1_247' title='bbox 578 3144 651 3208; x_wconf 72' lang='lat' dir='ltr'>risit,</span> <span class='ocrx_word' id='word_1_248' title='bbox 672 3148 773 3196; x_wconf 89' lang='lat' dir='ltr'>utnon</span> <span class='ocrx_word' id='word_1_249' title='bbox 791 3145 879 3210; x_wconf 88' lang='lat' dir='ltr'>potius</span> <span class='ocrx_word' id='word_1_250' title='bbox 896 3141 929 3196; x_wconf 86' lang='lat' dir='ltr'>sd</span> <span class='ocrx_word' id='word_1_251' title='bbox 949 3141 1084 3197; x_wconf 85' lang='lat' dir='ltr'>ridendum</span> <span class='ocrx_word' id='word_1_252' title='bbox 1109 3158 1185 3215; x_wconf 89' lang='lat' dir='ltr'>quam</span> 
     </span>
     <span class='ocr_line' id='line_1_28' title="bbox 145 3243 1185 3317; baseline -0.006 -15"><span class='ocrx_word' id='word_1_253' title='bbox 145 3245 179 3302; x_wconf 89' lang='lat' dir='ltr'>ad</span> <span class='ocrx_word' id='word_1_254' title='bbox 200 3244 391 3317; x_wconf 85' lang='lat' dir='ltr'>reprimendum</span> <span class='ocrx_word' id='word_1_255' title='bbox 415 3246 465 3298; x_wconf 88' lang='grc' dir='ltr'>ιΙιι</span> <span class='ocrx_word' id='word_1_256' title='bbox 489 3243 541 3298; x_wconf 85' lang='lat' dir='ltr'>sibi</span> <span class='ocrx_word' id='word_1_257' title='bbox 566 3247 655 3298; x_wconf 88' lang='lat' dir='ltr'>iacere</span> <span class='ocrx_word' id='word_1_258' title='bbox 680 3247 816 3312; x_wconf 78' lang='lat' dir='ltr'>oporteret</span> <span class='ocrx_word' id='word_1_259' title='bbox 837 3248 865 3297; x_wconf 90' lang='lat' dir='ltr'>et</span> <span class='ocrx_word' id='word_1_260' title='bbox 883 3243 947 3298; x_wconf 88' lang='lat' dir='ltr'>risui</span> <span class='ocrx_word' id='word_1_261' title='bbox 965 3257 1014 3298; x_wconf 86' lang='lat' dir='ltr'>suu</span> <span class='ocrx_word' id='word_1_262' title='bbox 1032 3244 1117 3314; x_wconf 72' lang='lat' dir='ltr'>nugis</span> <span class='ocrx_word' id='word_1_263' title='bbox 1136 3245 1185 3298; x_wconf 92' lang='lat' dir='ltr'>sti-</span> 
     </span>
     <span class='ocr_line' id='line_1_29' title="bbox 146 3341 1185 3416; baseline 0.001 -18"><span class='ocrx_word' id='word_1_264' title='bbox 146 3343 240 3399; x_wconf 86' lang='lat' dir='ltr'>mulum</span> <span class='ocrx_word' id='word_1_265' title='bbox 258 3343 387 3400; x_wconf 84' lang='lat' dir='ltr'>adhibere</span> <span class='ocrx_word' id='word_1_266' title='bbox 405 3359 482 3416; x_wconf 87' lang='lat' dir='ltr'>quam</span> <span class='ocrx_word' id='word_1_267' title='bbox 499 3343 608 3401; x_wconf 84' lang='lat' dir='ltr'>lrenrunu.</span> <span class='ocrx_word' id='word_1_268' title='bbox 643 3341 706 3398; x_wconf 84' lang='lat' dir='ltr'>Cum</span> <span class='ocrx_word' id='word_1_269' title='bbox 723 3343 809 3398; x_wconf 87' lang='lat' dir='ltr'>auteur</span> <span class='ocrx_word' id='word_1_270' title='bbox 828 3343 971 3412; x_wconf 85' lang='lat' dir='ltr'>patientiae</span> <span class='ocrx_word' id='word_1_271' title='bbox 988 3359 1073 3416; x_wconf 79' lang='lat' dir='ltr'>genus</span> <span class='ocrx_word' id='word_1_272' title='bbox 1089 3345 1185 3400; x_wconf 89' lang='lat' dir='ltr'>solitus</span> 
     </span>
     <span class='ocr_line' id='line_1_30' title="bbox 144 3439 1185 3515; baseline -0.001 -14"><span class='ocrx_word' id='word_1_273' title='bbox 144 3450 203 3506; x_wconf 79' lang='lat' dir='ltr'>erat</span> <span class='ocrx_word' id='word_1_274' title='bbox 219 3443 308 3503; x_wconf 82' lang='lat' dir='ltr'>dicere</span> <span class='ocrx_word' id='word_1_275' title='bbox 326 3445 500 3515; x_wconf 85' lang='lat' dir='ltr'>tripartitum,</span> <span class='ocrx_word' id='word_1_276' title='bbox 525 3441 649 3499; x_wconf 82' lang='lat' dir='ltr'>uidelicet</span> <span class='ocrx_word' id='word_1_277' title='bbox 673 3439 707 3495; x_wconf 90' lang='lat' dir='ltr'>ed</span> <span class='ocrx_word' id='word_1_278' title='bbox 727 3439 865 3497; x_wconf 81' lang='lat' dir='ltr'>uerborum</span> <span class='ocrx_word' id='word_1_279' title='bbox 884 3443 1010 3515; x_wconf 86' lang='lat' dir='ltr'>injurias.</span> <span class='ocrx_word' id='word_1_280' title='bbox 1038 3443 1072 3498; x_wconf 87' lang='lat' dir='ltr'>ad</span> <span class='ocrx_word' id='word_1_281' title='bbox 1091 3444 1185 3500; x_wconf 85' lang='lat' dir='ltr'>damna</span> 
     </span>
     <span class='ocr_line' id='line_1_31' title="bbox 144 3539 1184 3615; baseline 0.002 -17"><span class='ocrx_word' id='word_1_282' title='bbox 144 3558 245 3610; x_wconf 85' lang='grc' dir='ltr'>ιιιιιι,</span> <span class='ocrx_word' id='word_1_283' title='bbox 270 3542 305 3600; x_wconf 91' lang='lat' dir='ltr'>ad</span> <span class='ocrx_word' id='word_1_284' title='bbox 332 3545 453 3614; x_wconf 83' lang='lat' dir='ltr'>corporis</span> <span class='ocrx_word' id='word_1_285' title='bbox 480 3542 640 3608; x_wconf 85' lang='lat' dir='ltr'>laesionem,</span> <span class='ocrx_word' id='word_1_286' title='bbox 664 3539 732 3596; x_wconf 87' lang='lat' dir='ltr'>bano</span> <span class='ocrx_word' id='word_1_287' title='bbox 754 3541 812 3612; x_wconf 88' lang='lat' dir='ltr'>ipse</span> <span class='ocrx_word' id='word_1_288' title='bbox 830 3541 871 3596; x_wconf 88' lang='lat' dir='ltr'>bis</span> <span class='ocrx_word' id='word_1_289' title='bbox 889 3543 1017 3615; x_wconf 85' lang='lat' dir='ltr'>exemplis</span> <span class='ocrx_word' id='word_1_290' title='bbox 1035 3555 1066 3600; x_wconf 87' lang='lat' dir='ltr'>se</span> <span class='ocrx_word' id='word_1_291' title='bbox 1084 3543 1184 3601; x_wconf 87' lang='lat' dir='ltr'>babere</span> 
     </span>
     <span class='ocr_line' id='line_1_32' title="bbox 143 3638 1184 3716; baseline 0.001 -17"><span class='ocrx_word' id='word_1_292' title='bbox 143 3641 276 3714; x_wconf 81' lang='lat' dir='ltr'>probauit.</span> <span class='ocrx_word' id='word_1_293' title='bbox 312 3641 375 3699; x_wconf 83' lang='lat' dir='ltr'>(lunt</span> <span class='ocrx_word' id='word_1_294' title='bbox 393 3645 462 3699; x_wconf 89' lang='lat' dir='ltr'>enim</span> <span class='ocrx_word' id='word_1_295' title='bbox 480 3641 583 3700; x_wconf 83' lang='lat' dir='ltr'>cuidam</span> <span class='ocrx_word' id='word_1_296' title='bbox 601 3643 728 3715; x_wconf 80' lang='lat' dir='ltr'>episcopo</span> <span class='ocrx_word' id='word_1_297' title='bbox 747 3638 923 3696; x_wconf 83' lang='lat' dir='ltr'>amicabiliter</span> <span class='ocrx_word' id='word_1_298' title='bbox 939 3640 1082 3699; x_wconf 86' lang='lat' dir='ltr'>admonens</span> <span class='ocrx_word' id='word_1_299' title='bbox 1101 3659 1184 3716; x_wconf 90' lang='lat' dir='ltr'>quan-</span> 
     </span>
     <span class='ocr_line' id='line_1_33' title="bbox 143 3739 1182 3813; baseline 0.002 -17"><span class='ocrx_word' id='word_1_300' title='bbox 143 3741 201 3799; x_wconf 83' lang='lat' dir='ltr'>dum</span> <span class='ocrx_word' id='word_1_301' title='bbox 222 3743 377 3812; x_wconf 84' lang='lat' dir='ltr'>scripsisset</span> <span class='ocrx_word' id='word_1_302' title='bbox 394 3743 543 3813; x_wconf 80' lang='lat' dir='ltr'>epistolam,</span> <span class='ocrx_word' id='word_1_303' title='bbox 563 3741 608 3798; x_wconf 89' lang='lat' dir='ltr'>ille</span> <span class='ocrx_word' id='word_1_304' title='bbox 620 3739 788 3797; x_wconf 80' lang='lat' dir='ltr'>nuisemenier</span> <span class='ocrx_word' id='word_1_305' title='bbox 800 3740 975 3796; x_wconf 83' lang='lat' dir='ltr'>exacerbatur</span> <span class='ocrx_word' id='word_1_306' title='bbox 994 3745 1182 3798; x_wconf 84' lang='lat' dir='ltr'>amarissimam</span> 
     </span>
     <span class='ocr_line' id='line_1_34' title="bbox 141 3839 1182 3914; baseline 0.001 -18"><span class='ocrx_word' id='word_1_307' title='bbox 141 3843 251 3913; x_wconf 87' lang='lat' dir='ltr'>scripsit</span> <span class='ocrx_word' id='word_1_308' title='bbox 267 3842 291 3897; x_wconf 92' lang='lat' dir='ltr'>cl</span> <span class='ocrx_word' id='word_1_309' title='bbox 308 3841 447 3912; x_wconf 86' lang='lat' dir='ltr'>epistolant</span> <span class='ocrx_word' id='word_1_310' title='bbox 462 3843 489 3898; x_wconf 91' lang='lat' dir='ltr'>ln</span> <span class='ocrx_word' id='word_1_311' title='bbox 504 3843 633 3914; x_wconf 89' lang='lat' dir='ltr'>principio</span> <span class='ocrx_word' id='word_1_312' title='bbox 646 3845 683 3896; x_wconf 89' lang='lat' dir='ltr'>ita</span> <span class='ocrx_word' id='word_1_313' title='bbox 695 3839 798 3896; x_wconf 87' lang='lat' dir='ltr'>diceas:</span> <span class='ocrx_word' id='word_1_314' title='bbox 818 3839 928 3895; x_wconf 87' lang='lat' dir='ltr'>salntem</span> <span class='ocrx_word' id='word_1_315' title='bbox 949 3847 976 3895; x_wconf 90' lang='lat' dir='ltr'>et</span> <span class='ocrx_word' id='word_1_316' title='bbox 992 3857 1042 3894; x_wconf 92' lang='lat' dir='ltr'>non</span> <span class='ocrx_word' id='word_1_317' title='bbox 1062 3845 1182 3914; x_wconf 85' lang='lat' dir='ltr'>spiritum</span> 
     </span>
     <span class='ocr_line' id='line_1_35' title="bbox 141 3937 1182 4014; baseline 0 -18"><span class='ocrx_word' id='word_1_318' title='bbox 141 3937 332 4013; x_wconf 72' lang='lat' dir='ltr'>blasphemiae,</span> <span class='ocrx_word' id='word_1_319' title='bbox 344 3947 475 4014; x_wconf 76' lang='lat' dir='ltr'>tauquam</span> <span class='ocrx_word' id='word_1_320' title='bbox 490 3957 523 3998; x_wconf 83' lang='lat' dir='ltr'>ex</span> <span class='ocrx_word' id='word_1_321' title='bbox 536 3937 818 4013; x_wconf 84' lang='lat' dir='ltr'>spiritnbicspbcmiae</span> <span class='ocrx_word' id='word_1_322' title='bbox 827 3939 1033 4010; x_wconf 84' lang='lat' dir='ltr'>illnscripsisset</span> <span class='ocrx_word' id='word_1_323' title='bbox 1059 3940 1100 3996; x_wconf 82' lang='lat' dir='ltr'>nd</span> <span class='ocrx_word' id='word_1_324' title='bbox 1112 3941 1182 4014; x_wconf 90' lang='lat' dir='ltr'>quod</span> 
     </span>
     <span class='ocr_line' id='line_1_36' title="bbox 143 4037 1182 4114; baseline 0.002 -18"><span class='ocrx_word' id='word_1_325' title='bbox 143 4041 203 4097; x_wconf 88' lang='lat' dir='ltr'>ille:</span> <span class='ocrx_word' id='word_1_326' title='bbox 222 4055 274 4114; x_wconf 76' lang='lat' dir='ltr'>ego</span> <span class='ocrx_word' id='word_1_327' title='bbox 292 4042 413 4113; x_wconf 88' lang='lat' dir='ltr'>spiritum</span> <span class='ocrx_word' id='word_1_328' title='bbox 429 4040 610 4113; x_wconf 72' lang='lat' dir='ltr'>blasphemiae</span> <span class='ocrx_word' id='word_1_329' title='bbox 630 4057 671 4097; x_wconf 86' lang='lat' dir='ltr'>me</span> <span class='ocrx_word' id='word_1_330' title='bbox 681 4037 782 4096; x_wconf 84' lang='lat' dir='ltr'>babere</span> <span class='ocrx_word' id='word_1_331' title='bbox 795 4055 845 4094; x_wconf 88' lang='lat' dir='ltr'>non</span> <span class='ocrx_word' id='word_1_332' title='bbox 861 4039 941 4096; x_wconf 81' lang='lat' dir='ltr'>credo</span> <span class='ocrx_word' id='word_1_333' title='bbox 952 4055 1000 4096; x_wconf 82' lang='lat' dir='ltr'>nnec</span> <span class='ocrx_word' id='word_1_334' title='bbox 1012 4039 1182 4100; x_wconf 84' lang='lat' dir='ltr'>maledixisse</span> 
     </span>
     <span class='ocr_line' id='line_1_37' title="bbox 141 4140 1183 4218; baseline -0.001 -23"><span class='ocrx_word' id='word_1_335' title='bbox 141 4141 261 4212; x_wconf 81' lang='lat' dir='ltr'>cuiquam</span> <span class='ocrx_word' id='word_1_336' title='bbox 287 4147 333 4196; x_wconf 83' lang='lat' dir='ltr'>ant</span> <span class='ocrx_word' id='word_1_337' title='bbox 356 4141 515 4198; x_wconf 71' lang='lat' dir='ltr'>maledicere</span> <span class='ocrx_word' id='word_1_338' title='bbox 541 4157 579 4197; x_wconf 90' lang='lat' dir='ltr'>me</span> <span class='ocrx_word' id='word_1_339' title='bbox 598 4142 666 4197; x_wconf 85' lang='lat' dir='ltr'>uelle</span> <span class='ocrx_word' id='word_1_340' title='bbox 685 4143 756 4206; x_wconf 89' lang='lat' dir='ltr'>scio,</span> <span class='ocrx_word' id='word_1_341' title='bbox 782 4142 938 4210; x_wconf 84' lang='lat' dir='ltr'>praesertim</span> <span class='ocrx_word' id='word_1_342' title='bbox 957 4140 1183 4218; x_wconf 76' lang='lat' dir='ltr'>principi&#39;qopuli</span> 
     </span>
     <span class='ocr_line' id='line_1_38' title="bbox 141 4237 1182 4314; baseline 0 -20"><span class='ocrx_word' id='word_1_343' title='bbox 141 4243 201 4296; x_wconf 89' lang='lat' dir='ltr'>mei.</span> <span class='ocrx_word' id='word_1_344' title='bbox 237 4238 346 4304; x_wconf 84' lang='lat' dir='ltr'>liuidum</span> <span class='ocrx_word' id='word_1_345' title='bbox 365 4238 450 4296; x_wconf 83' lang='lat' dir='ltr'>abbas</span> <span class='ocrx_word' id='word_1_346' title='bbox 470 4257 518 4314; x_wconf 90' lang='lat' dir='ltr'>pro</span> <span class='ocrx_word' id='word_1_347' title='bbox 535 4258 587 4298; x_wconf 91' lang='lat' dir='ltr'>nno</span> <span class='ocrx_word' id='word_1_348' title='bbox 608 4241 736 4299; x_wconf 89' lang='lat' dir='ltr'>coenobio</span> <span class='ocrx_word' id='word_1_349' title='bbox 753 4237 931 4296; x_wconf 86' lang='lat' dir='ltr'>construendo</span> <span class='ocrx_word' id='word_1_350' title='bbox 954 4248 1093 4297; x_wconf 81' lang='lat' dir='ltr'>sescentas</span> <span class='ocrx_word' id='word_1_351' title='bbox 1112 4256 1182 4298; x_wconf 85' lang='lat' dir='ltr'>nsu-</span> 
     </span>
     <span class='ocr_line' id='line_1_39' title="bbox 138 4337 1180 4414; baseline 0.003 -20"><span class='ocrx_word' id='word_1_352' title='bbox 138 4353 184 4396; x_wconf 81' lang='lat' dir='ltr'>cas</span> <span class='ocrx_word' id='word_1_353' title='bbox 203 4337 287 4396; x_wconf 86' lang='lat' dir='ltr'>cldsut</span> <span class='ocrx_word' id='word_1_354' title='bbox 305 4341 378 4395; x_wconf 83' lang='lat' dir='ltr'>misit</span> <span class='ocrx_word' id='word_1_355' title='bbox 397 4344 512 4414; x_wconf 77' lang='lat' dir='ltr'>urgenti,</span> <span class='ocrx_word' id='word_1_356' title='bbox 530 4342 578 4399; x_wconf 90' lang='lat' dir='ltr'>scd</span> <span class='ocrx_word' id='word_1_357' title='bbox 594 4347 652 4400; x_wconf 85' lang='lat' dir='ltr'>tota</span> <span class='ocrx_word' id='word_1_358' title='bbox 669 4345 791 4413; x_wconf 82' lang='lat' dir='ltr'>pecnnia,</span> <span class='ocrx_word' id='word_1_359' title='bbox 809 4337 868 4395; x_wconf 86' lang='lat' dir='ltr'>dum</span> <span class='ocrx_word' id='word_1_360' title='bbox 888 4337 1045 4408; x_wconf 79' lang='lat' dir='ltr'>deterretur,</span> <span class='ocrx_word' id='word_1_361' title='bbox 1064 4357 1080 4398; x_wconf 87' lang='lat' dir='ltr'>e</span> <span class='ocrx_word' id='word_1_362' title='bbox 1101 4357 1180 4412; x_wconf 83' lang='lat' dir='ltr'>prae-</span> 
     </span>
    </p>
   </div>
   <div class='ocr_carea' id='block_1_3' title="bbox 188 4457 934 4514">
    <p class='ocr_par' dir='ltr' id='par_1_3' title="bbox 188 4457 934 4514">
     <span class='ocr_line' id='line_1_40' title="bbox 188 4457 934 4514; baseline -0.001 -10"><span class='ocrx_word' id='word_1_363' title='bbox 188 4459 279 4514; x_wconf 73' lang='lat' dir='ltr'>liniti:</span> <span class='ocrx_word' id='word_1_364' title='bbox 294 4473 350 4506; x_wconf 86' lang='grc' dir='ltr'>ιιιιι</span> <span class='ocrx_word' id='word_1_365' title='bbox 364 4459 504 4514; x_wconf 73' lang='lat' dir='ltr'>infideli,</span> <span class='ocrx_word' id='word_1_366' title='bbox 524 4462 618 4508; x_wconf 82' lang='lat' dir='ltr'>minus</span> <span class='ocrx_word' id='word_1_367' title='bbox 638 4469 733 4507; x_wconf 84' lang='lat' dir='ltr'>tumen</span> <span class='ocrx_word' id='word_1_368' title='bbox 749 4457 836 4504; x_wconf 79' lang='lat' dir='ltr'>lideti</span> <span class='ocrx_word' id='word_1_369' title='bbox 851 4458 934 4511; x_wconf 74' lang='lat' dir='ltr'>legunt.</span> 
     </span>
    </p>
   </div>
   <div class='ocr_carea' id='block_1_4' title="bbox 905 4539 971 4596">
    <p class='ocr_par' dir='ltr' id='par_1_4' title="bbox 905 4539 971 4596">
     <span class='ocr_line' id='line_1_41' title="bbox 905 4539 971 4596; baseline 0 -22"><span class='ocrx_word' id='word_1_370' title='bbox 905 4539 971 4596; x_wconf 50' lang='grc' dir='ltr'>Μ’</span> 
     </span>
    </p>
   </div>
   <div class='ocr_carea' id='block_1_5' title="bbox 0 0 1496 5302">
    <p class='ocr_par' dir='ltr' id='par_1_5' title="bbox 0 0 1496 5302">
     <span class='ocr_line' id='line_1_42' title="bbox 0 0 1496 5302; baseline 0 6"><span class='ocrx_word' id='word_1_371' title='bbox 0 0 1496 5302; x_wconf 95' lang='lat' dir='ltr'> </span> 
     </span>
    </p>
   </div>
  </div>
 </body>
</html>
