2984 5316
251 489 324 570 Cep.
346 491 423 551 cxi.
463 492 509 552 De
537 503 636 552 ssuete
657 492 807 573 Stepiruuo
828 511 912 584 pepe.
1038 492 1098 554 tet

407 798 502 906 tit.
526 799 610 900 tit.
633 799 747 902 ito.)

235 954 311 1025 ne
332 955 499 1025 semote
521 953 767 1043 Stephano
790 969 922 1043 pepe.

129 1118 280 1190 Stephanus
304 1134 376 1192 pepe
398 1135 455 1176 euru
479 1121 575 1177 multos
600 1123 736 1195 gentilium
757 1121 837 1178 verbo
855 1130 882 1179 et
900 1120 1019 1193 exemplo
1038 1137 1101 1178 eeu·

60 1222 186 1278 vertisset
204 1226 230 1274 et
247 1220 329 1276 uruitn
344 1235 458 1294 serpere
475 1228 624 1278 senetornn
642 1225 774 1278 nurttrum
796 1222 961 1294 sepeliisset,
987 1220 1100 1278 evuin-

60 1323 137 1379 riroro
156 1326 183 1377 et
201 1317 323 1378 Geiiieue
341 1335 410 1376 uuuo
429 1319 528 1376 domiui
547 1319 638 1376 CGLX
655 1337 754 1378 summo
772 1323 860 1378 studio
877 1324 1054 1394 perquiritur,
1073 1327 1101 1377 ut

59 1435 119 1480 eum
137 1428 163 1478 et
179 1420 292 1476 ciericos
311 1425 357 1476 unt
374 1419 525 1477 suoriioure
543 1427 670 1494 ungerent
696 1429 742 1478 sut
760 1421 898 1495 suppliciis
919 1423 1032 1478 dirersis
1049 1438 1100 1494 pu-

59 1525 156 1580 nirent
190 1520 377 1593 verteruntque
396 1520 525 1588 edietum,
551 1527 596 1588 ut,
621 1523 770 1595 quicunque
789 1538 836 1580 eos
854 1520 994 1595 proderet,
1017 1530 1099 1606 toturn

59 1640 151 1682 eorum
167 1621 341 1679 suosuuusu
360 1618 519 1692 possideret
555 1620 723 1692 Quapropter
744 1620 834 1678 desem
858 1622 892 1678 de
916 1624 976 1695 ojus
993 1621 1100 1679 eieriois

61 1722 245 1796 comprehensi
260 1726 358 1777 suntet
369 1723 427 1778 uiue
439 1719 574 1784 audientis
590 1720 723 1778 rieeoiiuti.
758 1721 885 1795 Sequenti
896 1723 938 1780 die
949 1722 1100 1795 Stephanus

60 1838 133 1898 pepe
157 1821 385 1894 eompreieuditur
411 1830 438 1879 et
460 1820 494 1877 sd
518 1821 640 1894 tenplum
667 1821 763 1878 Martis
787 1805 905 1891 ducitur,
937 1830 967 1878 ut
990 1823 1028 1879 ibi
1053 1830 1100 1880 sut

59 1924 166 1998 prioiun
187 1923 312 1979 adoraret
335 1927 382 1977 eut
405 1920 544 1993 espiieiern
570 1923 727 1980 sententium
743 1922 853 1980 subiret
889 1923 941 1980 sne
959 1940 1016 1980 cunr
1033 1931 1099 1982 tem-

60 2024 131 2097 piuun
150 2027 286 2096 ingressus
305 2021 402 2078 inisset
417 2027 445 2077 et
464 2019 561 2090 Iieunr,
580 2028 609 2078 ni
627 2025 712 2094 ipsum
728 2023 852 2094 temptum
870 2022 1033 2091 destrueret,
1051 2042 1099 2083 en·

61 2131 180 2191 orasset,
199 2125 287 2196 sinim
306 2107 404 2196 mugen
421 2134 483 2193 pars
501 2123 592 2192 tempii
609 2125 710 2178 cerruit
730 2128 758 2178 et
775 2126 859 2180 omnis
876 2124 1014 2181 multitudo
1035 2141 1099 2196 prae

61 2225 141 2280 nimie
159 2225 252 2278 tinere
269 2221 390 2296 eringii,
416 2223 476 2293 ipso
493 2237 556 2277 vero
574 2222 608 2279 sd
626 2225 780 2280 cimiterium
798 2231 906 2280 eunome
922 2223 1021 2282 Lueiee
1038 2242 1099 2297 per-

60 2327 138 2380 rexit
173 2323 247 2388 Queri
271 2322 381 2378 audiens
406 2320 562 2378 Valerianus
586 2321 683 2377 milites
708 2323 799 2394 piures
824 2325 957 2394 priorious
988 2324 1022 2380 nri
1041 2342 1099 2383 eunr

61 2425 142 2491 misit,
159 2425 204 2496 qui
223 2421 354 2479 uenientes
373 2438 431 2478 euru
451 2423 558 2477 nissum
576 2421 752 2478 celebrantem
770 2423 926 2480 inuenerunt
943 2430 971 2480 et
987 2431 1099 2481 stantem

60 2523 217 2596 intrepidum
236 2537 268 2579 so
285 2525 391 2593 innupte
408 2520 505 2577 terete
523 2519 701 2591 perimentem
714 2521 741 2578 iu
754 2521 1097 2582 sueretedeooiisreruut

477 2755 684 2782 h*—

391 3011 488 3119 (Μ’.
523 3015 623 3120 tili.
653 3014 768 3121 (iot.)
890 3027 893 3036 ’

171 3169 246 3238 ne
265 3163 553 3239 inventione
574 3167 731 3240 mneos
752 3167 986 3257 Stephani

389 3282 754 3371 protomartiris.
894 3285 896 3288 ’

125 3443 241 3503 investio
258 3445 380 3519 eorporis
398 3453 591 3520 protomartiris
605 3449 732 3523 Stephani
746 3465 814 3505 eune
829 3449 926 3506 donnini
942 3447 1100 3506 ccccxvii
1192 3479 1193 3482 κ

58 3539 169 3602 iiu'uorit
191 3548 317 3619 principis
340 3562 409 3604 suno
428 3547 473 3605 vit
496 3549 568 3606 isets
586 3549 670 3606 inisse
690 3557 820 3606 narretur.
854 3549 995 3622 iteperitur
1012 3557 1098 3607 nutem

59 3647 119 3719 ejus
138 3648 267 3713 inventio,
291 3646 431 3704 iruusintio
454 3654 481 3704 et
498 3649 658 3721 eonjuuetie.
692 3647 811 3715 inventio
835 3651 917 3722 ipsius
935 3647 986 3706 hou
1005 3649 1098 3730 urdine

60 3746 132 3801 irrets
156 3745 213 3801 init.
248 3746 313 3803 Num
336 3763 393 3802 euru
417 3747 522 3820 quidum
541 3747 674 3820 presbiter
698 3749 802 3804 nomine
821 3747 954 3807 Lucienus
973 3751 1000 3804 iu
1017 3751 1096 3805 terri-

58 3847 128 3902 terio
152 3844 398 3916 ilirrosoiiuritsno,
422 3863 498 3920 quem
525 3845 677 3905 Gennadius
702 3851 771 3904 iuter
793 3847 910 3904 illustres
935 3851 1006 3905 utres
1025 3843 1097 3906 oemss
1198 3871 1199 3874 ¹

58 3953 183 4002 memorat
216 3952 243 4002 et
276 3945 342 4003 iseo
378 3949 500 4019 scripsit,
535 3946 604 4003 ieris
635 3953 712 4003 sextu
741 3949 768 4002 tu
805 3953 890 4003 sustu
924 3962 973 4003 sue
1007 3950 1096 4021 quies·

58 4052 131 4102 neret
148 4053 175 4101 et
192 4061 276 4118 poene
296 4046 435 4120 vigilaret,
453 4045 559 4120 quidum
578 4048 620 4101 uir
636 4062 717 4104 senex
735 4053 838 4103 steturs
855 4062 997 4118 procerus,
1016 4047 1096 4106 'ruitu

57 4143 186 4212 decorus,
205 4145 290 4202 inuris
308 4147 426 4219 penitus,
445 4147 527 4219 pullio
546 4147 659 4203 candide
678 4149 805 4214 umiotus',
823 4148 865 4202 uui
882 4147 1029 4219 gemmulus
1045 4163 1095 4204 su-

56 4259 120 4300 reue
143 4252 171 4300 et
193 4260 285 4303 eruens
310 4249 414 4304 inerunt
433 4254 587 4315 contextos,
617 4247 752 4304 euieestus
778 4245 874 4319 uuiipis
901 4249 928 4301 in
956 4245 1095 4320 superiore

56 4342 192 4399 desurstis
210 4346 294 4402 eidem
311 4348 444 4418 eppenruit.
479 4347 529 4412 Qui
548 4362 625 4403 rnsuu
648 4361 755 4402 aureum
777 4347 877 4419 virgum
896 4353 988 4404 terreus
1005 4349 1095 4421 tetigit

55 4458 113 4498 eun
132 4443 238 4503 dieeus:
255 4461 355 4504 summu
371 4461 427 4503 eum
446 4447 585 4520 diligentis
602 4452 707 4506 uestros
725 4444 870 4519 psteineito
886 4446 1013 4514 turrentes,
1030 4430 1092 4520 quin
