2866 5310
338 496 400 560 304
477 501 551 579 Cep.
574 499 705 558 LllVlli.
749 498 793 561 De
816 501 979 560 inventione
1002 509 1118 561 nanctae
1141 497 1244 557 crucia.

340 658 424 715 etlen
445 656 619 714 ramusculum
638 656 767 728 quendam
786 657 884 713 obtulit
902 667 928 714 ot
944 659 1035 730 jussit,
1054 657 1126 728 quod
1145 661 1173 710 in
1189 661 1277 710 naute
1289 649 1361 708 bileti
1416 635 1423 688 d

339 761 512 830 plantaretur.
548 755 575 810 ln
601 756 713 827 quadam
741 773 803 813 vero
827 757 948 830 hystoria
974 755 1134 812 Graecorum
1154 754 1219 810 lieet
1236 751 1364 824 opoorpu
1419 755 1423 792 ¹

339 860 454 930 legitur,
480 854 550 928 quod
579 855 692 928 angelus
717 856 750 912 de
776 857 866 936 ligno,
897 857 923 910 ln
947 871 999 927 quo
1025 857 1148 926 peccarit
1173 853 1276 918 aden,
1301 850 1364 906 eldea

337 957 447 1012 tradidit
467 955 589 1021 doeens,
618 955 704 1027 quod,
732 955 838 1027 quando
858 955 960 1010 laceret
985 956 1112 1021 l'ruetuuu,
1133 959 1215 1026 pater
1238 958 1367 1006 aanarm.

338 1056 388 1122 Qui
412 1055 518 1112 redient
545 1063 572 1110 et
596 1061 697 1124 patrem
723 1060 852 1118 munuum
870 1055 1007 1109 inveniens
1026 1055 1112 1124 ipsun
1129 1067 1232 1122 muru
1248 1056 1366 1128 oupertu-

337 1154 433 1210 ruuluru
451 1152 535 1224 patria
554 1153 697 1224 plantavit,
719 1153 765 1224 qui
783 1148 917 1224 plantatus
935 1154 961 1208 ln
979 1153 1103 1207 arborem
1121 1165 1246 1223 magna·
1262 1151 1369 1204 ereritet

338 1269 422 1325 eaque
446 1252 481 1307 ud
503 1251 653 1307 Salomonis
679 1260 800 1323 ternpore
819 1251 983 1323 perduravit.
1018 1251 1107 1306 Utrum
1130 1257 1220 1306 autern
1239 1249 1306 1304 baeu
1323 1261 1369 1302 reru

339 1355 408 1418 sint,
427 1350 656 1422 laetoria'judioio
675 1351 855 1422 relinquatur,
876 1367 933 1405 ounu
951 1353 979 1405 in
996 1351 1069 1406 rrulia
1087 1351 1217 1405 ebronioa
1234 1348 1278 1403 rei
1294 1347 1365 1417 lpse·

338 1455 380 1506 ria
402 1451 557 1506 anthemioa
581 1449 648 1505 liaeo
667 1451 798 1522 legantur.
844 1449 970 1506 Salomon
994 1457 1080 1505 autem
1105 1449 1231 1504 arboren
1256 1453 1308 1504 tan
1326 1446 1368 1516 pul·
1419 1460 1420 1503 3

339 1550 427 1605 obruor
445 1547 618 1605 considerans
635 1551 720 1620 ipsura
737 1551 873 1620 praecepit
891 1549 971 1604 iueiuli
996 1551 1068 1604 etin
1087 1547 1167 1604 duero
1186 1548 1274 1603 saliua
1290 1547 1368 1602 locari
1418 1531 1419 1546 ¹

338 1649 471 1720 Nunquam
488 1654 590 1714 tamen,
617 1655 646 1702 ut
663 1647 702 1702 ait
717 1647 853 1704 lobaunea
871 1647 980 1708 Beletlu.
1007 1648 1092 1703 lauari
1114 1653 1222 1719 poteret
1239 1661 1289 1704 nou
1305 1647 1368 1700 alieri

336 1751 398 1806 loou
416 1754 481 1819 apta
499 1748 612 1819 reperiri
636 1746 757 1813 valebat,
792 1747 840 1803 eod
865 1747 943 1804 modo
967 1755 1014 1804 aut
1030 1747 1178 1804 excedebat
1193 1746 1367 1820 longitudine·

337 1855 384 1904 eut
400 1846 543 1902 deliniebat
560 1847 641 1900 ninia
659 1845 806 1913 brevitate,
831 1849 856 1900 ai
876 1847 983 1918 quaudo
1008 1863 1070 1904 rero
1088 1844 1233 1903 secundun
1257 1847 1309 1900 loei
1323 1845 1366 1901 eui·

338 1947 455 2021 gentiam
474 1948 557 2016 ipsae
576 1944 772 1999 rationabiliter
790 1945 990 2013 recreassent,
1017 1946 1090 2003 adeo
1112 1946 1205 2002 breuia
1234 1945 1368 2009 ridebatur.

338 2045 409 2119 quod
430 2043 535 2100 omniuo
563 2044 709 2116 incongrua
731 2043 888 2100 habebatur.
925 2045 965 2101 ob
988 2045 1040 2101 bor
1056 2045 1190 2120 indignati
1208 2044 1323 2100 arrideat
1337 2045 1369 2112 ip·

338 2160 394 2201 saun
418 2146 628 2213 reprobaverunt
652 2149 679 2196 et
695 2158 777 2213 super
795 2144 924 2215 quondan
943 2144 1044 2213 laeua,
1070 2152 1100 2201 ut
1119 2151 1193 2202 estet
1210 2159 1279 2215 pona
1295 2149 1368 2198 baua

339 2244 471 2308 euntibus,
488 2243 667 2314 proJooornnt.
702 2241 807 2314 Regina
822 2250 908 2300 autem
924 2243 1068 2300 Sabaeum
1088 2247 1208 2300 roniaaet
1226 2244 1318 2298 audire
1334 2256 1368 2296 ar·

339 2345 463 2416 pientiam
488 2341 636 2396 Salomonis
658 2347 684 2396 et
707 2343 867 2412 praediolum
890 2343 976 2398 lanum
1000 2346 1114 2401 transire
1137 2344 1234 2410 uellet,
1264 2342 1328 2398 ridit
1350 2347 1368 2395 tn

337 2446 442 2516 spiritu,
466 2439 537 2513 quod
554 2439 673 2494 salrator
691 2441 779 2496 mundi
799 2445 824 2495 in
843 2443 916 2514 ligno
934 2442 1136 2512 suspendendua
1160 2443 1258 2509 iuerat,
1276 2452 1303 2498 et
1320 2443 1369 2496 ideo

338 2559 418 2614 anper
444 2539 507 2594 illud
532 2540 630 2611 lignum
654 2541 768 2595 trnnalre
793 2541 894 2607 noluit,
924 2541 972 2598 aed
996 2543 1081 2613 ipsura
1104 2545 1226 2612 protinus
1250 2541 1370 2596 adorant.

338 2641 366 2697 lu
389 2641 508 2714 hystoria
533 2647 620 2694 minen
646 2638 808 2694 scholastica
831 2640 945 2712 legitur,
981 2640 1053 2714 quod
1082 2641 1248 2714 praedictum
1283 2643 1371 2714 lignun

339 2743 432 2814 regina
457 2738 530 2794 Saba
552 2723 578 2792 in
607 2739 683 2792 dorna
709 2729 794 2792 saltus
820 2739 903 2807 uidit,
931 2756 1041 2812 eumque
1063 2739 1098 2795 ed
1118 2739 1223 2795 domun
1241 2757 1317 2795 auam
1335 2755 1371 2794 re·

336 2839 440 2903 diisset,
458 2839 588 2892 intimarit
607 2836 752 2902 Salomoni,
770 2837 840 2911 quod
858 2843 885 2894 iu
903 2837 950 2894 illo
968 2841 1042 2912 ligno
1061 2839 1165 2911 quidun
1175 2839 1373 2910 arependen'dna

336 2945 424 3006 earet,
449 2952 497 3007 per
517 2939 593 3007 eujus
610 2944 718 2990 mortem
735 2937 894 2994 ludaeorum
914 2953 1022 3010 reguum
1041 2936 1126 2994 deleri
1144 2937 1265 2996 deberet.
1301 2939 1372 2994 Sale·

336 3053 396 3091 mou
420 3037 504 3108 igitur
525 3035 688 3106 praedictum
715 3027 815 3108 lignun
839 3036 901 3092 indo
925 3038 1033 3092 auatullt
1061 3045 1089 3093 et
1112 3041 1139 3092 iu
1162 3037 1373 3109 prolundiaeinia

336 3143 422 3191 torrae
440 3133 588 3190 virueribua
605 3133 671 3188 illud
688 3132 806 3206 dener-gt
825 3135 897 3190 feeit.
932 3134 1031 3191 Postea
1047 3137 1187 3206 probatioa
1204 3139 1311 3208 piaoiua
1327 3137 1373 3190 ibi·

335 3233 555 3298 denotantem,
576 3232 622 3287 ubi
640 3231 742 3286 Natrnei
760 3234 862 3289 baedae
880 3232 1038 3301 abluebant,
1057 3245 1083 3292 et
1100 3253 1154 3291 ueu
1172 3236 1261 3292 aulaea
1278 3253 1312 3292 er
1329 3236 1374 3292 dr-

334 3343 429 3388 acenau
449 3331 554 3404 angeli,
580 3332 628 3387 sed
653 3337 731 3387 etiam
755 3347 787 3388 ea
814 3334 910 3389 uirtute
935 3335 1019 3404 ipaiua
1043 3335 1110 3408 ligni
1128 3335 1243 3391 trarlitar
1262 3335 1301 3390 ibi
1319 3334 1373 3388 deri

333 3437 360 3486 et
380 3446 468 3502 aquae
487 3434 685 3486 commotionem
704 3439 731 3486 et
751 3431 907 3487 hebraerum
933 3435 1102 3490 rurationem.
1138 3437 1376 3505 Appropiuqaaate

335 3546 396 3584 vero
418 3532 543 3599 passione
570 3529 668 3584 Cbrlsti
689 3530 852 3602 praedictum
879 3532 977 3604 lignun
1002 3543 1192 3603 auperuataase
1210 3535 1375 3604 perhibetur.

334 3628 396 3682 tun
413 3636 500 3684 autern
518 3628 585 3683 illud
602 3629 698 3684 ludaei
716 3629 855 3696 vidissent,
875 3633 960 3700 ipauru
979 3639 1140 3701 aeceperunt
1156 3640 1183 3688 et
1200 3647 1308 3688 eruoen
1325 3632 1373 3686 do-

332 3730 402 3782 nino
425 3734 599 3796 paraverunt,
630 3731 689 3798 ipae
710 3737 796 3784 autera
824 3742 887 3782 crux
913 3729 1014 3785 llbrieti
1036 3745 1069 3785 eu
1094 3737 1208 3802 qauuor
1229 3733 1373 3804 generunt

330 3825 463 3898 lignorum
489 3825 573 3880 luieae
604 3824 773 3896 perhibetur,
800 3829 903 3882 seilicet
927 3828 1047 3899 palmea,
1071 3831 1206 3901 effraeni,
1236 3829 1326 3886 oliuae
1347 3838 1373 3886 et

331 3923 414 3978 aedri.
448 3923 523 3980 Unde
540 3941 649 3980 renus:
667 3926 754 3996 ligna
770 3929 855 3980 erueia
874 3926 1101 3996 palum-aeduus,
1120 3943 1272 3999 oppreeaua,
1290 3930 1372 3984 aliua.

329 4021 359 4078 ln
383 4038 460 4078 orreo
484 4026 552 4077 onin
579 4023 628 4078 luit
652 4024 718 4080 bueo
743 4025 907 4097 quadruplex
925 4025 1075 4082 differentia
1092 4027 1239 4099 iignum,
1254 4029 1371 4084 aoilieet

330 4120 430 4193 lignun
448 4130 579 4189 ereetum,
601 4121 701 4195 liguum
720 4129 914 4192 maternum,
935 4125 1028 4184 tabula
1049 4128 1189 4196 supponite
1206 4135 1235 4182 et
1252 4134 1372 4194 uuam.

331 4223 374 4276 eul
393 4236 457 4276 eruut
475 4228 532 4277 erat
552 4219 645 4286 infixa.
675 4221 717 4277 rel
743 4224 885 4278 secundun
904 4223 1060 4296 Gregoriuur
1077 4219 1261 4280 Taroueuaen
1278 4227 1374 4282 tabula

331 4323 497 4384 transversa,
525 4322 593 4390 quie
619 4319 667 4373 luit
683 4323 733 4376 sub
753 4319 866 4391 pedibus
885 4318 999 4382 Christi.
1028 4321 1098 4376 unde
1122 4321 1260 4394 quodlibet
1277 4325 1369 4380 boran

329 4419 414 4490 putuit
426 4432 488 4474 etue
500 4417 612 4489 alieuius
622 4418 815 4489 praedictorum
823 4418 962 4492 lignorum.
971 4419 1042 4478 lianc
1057 4420 1229 4480 differentiora
1237 4423 1370 4498 tignonu
