2918 5302
275 491 338 554 628
387 493 460 572 Cap.
486 491 588 550 exit.
631 492 676 550 De
698 505 797 552 sancto
818 490 956 551 Maecilio
978 500 1007 552 et
1029 494 1114 552 sociis
1135 493 1204 551 sois.

278 655 381 727 quidem
397 655 561 726 euangelium
572 652 667 709 heatus
680 649 818 707 Barnabas
831 665 919 706 accam
940 649 1044 708 terebat
1057 655 1085 708 et
1104 667 1186 724 super
1203 651 1324 709 inhrmoa

277 753 343 809 illud
362 769 462 825 ponens
481 769 571 809 omnes
588 760 641 807 tam
659 748 710 807 hde
727 749 877 818 Barnabae,
898 766 975 823 quam
994 755 1086 809 merito
1105 749 1235 808 ldatthaei
1256 765 1323 806 cou-

278 855 352 908 tlnuo
371 852 510 908 liberabat.

698 1093 904 1105 ——qe—-

607 1339 703 1443 itt.
734 1339 841 1438 titi.
872 1341 988 1439 titt.)

332 1493 405 1564 lle
429 1493 596 1564 sancto
618 1489 844 1563 lllnuritlo
877 1491 957 1562 ¹)et
978 1487 1123 1562 sociis
1147 1485 1267 1557 suis.

346 1657 487 1712 Mauritius
515 1659 611 1712 dicitur
637 1673 653 1711 a
677 1659 776 1723 ι)ιιιιιιι
802 1662 828 1711 el
855 1659 909 1723 eis,
931 1655 1001 1727 quod
1026 1655 1120 1710 dicitur
1146 1667 1251 1707 uomens
1279 1651 1322 1705 uel

229 1803 234 1812 ,
281 1755 371 1822 duras,
392 1764 417 1811 ct
431 1774 470 1823 us,
485 1757 555 1826 quod
569 1759 757 1827 interpretator
772 1755 927 1811 consiliator
938 1755 979 1810 rel
995 1756 1132 1810 testinans.
1160 1751 1207 1806 vet
1222 1751 1323 1804 dieitur

279 1873 297 1910 a
315 1872 440 1923 mauron,
464 1855 534 1928 quod
559 1855 700 1910 secundum
718 1855 858 1910 isidorum
876 1869 974 1927 graece
997 1853 1093 1909 dieitur
1110 1855 1222 1923 nigrum.
1257 1849 1322 1919 lpse

279 1971 391 2028 namque
410 1955 503 2009 hahuit
519 1953 716 2010 amaritudinem
740 1971 788 2026 pro
812 1953 926 2009 incolatu
950 1954 1073 2008 miseriae
1102 1959 1128 2006 et
1157 1940 1321 2018 ³)dilatidne

280 2057 400 2126 patriae,
433 2054 481 2109 ιιιιι
511 2069 618 2109 uomens
646 2059 730 2124 ⁴iper
751 2055 942 2124 superfluorum
968 2053 1159 2123 abjectionem,
1186 2050 1268 2104 dorus
1293 2054 1322 2104 et

280 2153 368 2209 homas
391 2171 439 2224 per
458 2162 643 2210 tormentorum
672 2155 914 2224 ⁵)perpesslcnem,
942 2152 1097 2207 consiliator
1120 2167 1169 2222 per
1190 2149 1319 2204 conmili-

279 2261 366 2308 tonum
387 2254 611 2320 exhortationem,
637 2253 766 2308 festinans
790 2269 837 2323 per
862 2253 991 2308 lentorem
1014 2259 1041 2307 et
1062 2249 1189 2306 bonorum
1209 2266 1319 2322 operam

280 2353 538 2423 multiplicationem,
569 2355 647 2424 niger
671 2368 719 2423 per
744 2354 786 2406 sut
808 2350 1013 2423 despectionem.
1048 2349 1142 2406 ilorum
1167 2352 1319 2421 passionem

278 2455 386 2524 scripsit
405 2461 431 2507 et
448 2454 600 2524 compilavit
616 2452 709 2508 beatus
729 2448 875 2506 Eucherius
888 2451 1074 2524 Lugdunensis
1091 2449 1318 2521 archiepiscopus.

349 2559 377 2610 Ι.
395 2553 534 2607 Mauritius
561 2555 586 2607 in
610 2553 793 2608 sacratissima
818 2551 939 2624 legione,
965 2565 1033 2622 quae
1060 2549 1190 2606 Thebasa
1211 2549 1317 2616 dicitur,

279 2651 331 2706 dun
350 2653 486 2707 exstitisse
504 2651 668 2723 perhibetur.
702 2651 770 2708 llictl
788 2659 875 2707 auten
893 2657 955 2706 aaut
972 2649 1093 2706 Thebani
1111 2652 1246 2706 asinitate
1257 2665 1317 2716 sua,

277 2764 346 2821 quae
371 2747 482 2805 Thebae
507 2757 657 2822 noncupata
683 2757 730 2806 est.
767 2743 814 2806 ll'at
838 2757 923 2807 autea
950 2753 1009 2822 ipsa
1034 2751 1110 2822 regio
1142 2752 1167 2804 in
1194 2751 1317 2820 partibas

277 2851 388 2905 orientis
406 2849 475 2904 altra
494 2850 558 2906 ines
576 2849 708 2918 Arabiae,
733 2850 830 2906 habilia
849 2850 960 2922 opibus,
986 2849 1115 2904 fructibus
1133 2850 1244 2918 lertllis,
1270 2866 1315 2905 ar-

275 2949 386 3004 horihus
407 2948 582 3006 delectabilis.
617 2949 786 3008 llahitatorcs
806 2967 867 3006 vcro
887 2950 958 3006 illius
975 2951 1093 3023 regionis
1112 2950 1234 3005 dieantur
1255 2965 1317 3006 esso

276 3051 364 3121 magni
381 3051 548 3120 corporibus,
567 3051 647 3105 arsula
659 3053 767 3118 strenui,
785 3052 811 3106 lu
830 3049 901 3106 hello
922 3051 1070 3116 tutamini,
1089 3049 1179 3104 callidi
1198 3051 1317 3121 ingenio,

274 3152 408 3220 sapientia
432 3149 640 3218 locupletissimi.
675 3149 738 3221 ipsa
767 3156 853 3206 antem
876 3151 969 3206 otnttas
994 3151 1014 3204 C
1039 3155 1133 3220 portas
1156 3148 1263 3216 hahuit,
1289 3156 1316 3205 et

273 3263 356 3319 super
379 3247 465 3302 llilun
490 3248 611 3315 havium,
635 3251 680 3320 qui
706 3249 740 3306 de
766 3248 892 3320 paradiso
917 3247 1054 3322 egreditar
1070 3254 1097 3303 et
1115 3247 1188 3318 Gyen
1207 3248 1313 3314 dicitur,

272 3346 325 3402 elta
345 3347 407 3412 luit,
433 3344 465 3402 de
484 3362 537 3418 qna
554 3347 662 3402 dicitur:
687 3363 748 3406 ecee
767 3356 841 3406 uetus
860 3347 971 3404 Thehea
996 3352 1096 3404 ceuton
1119 3349 1193 3418 jacet
1216 3347 1314 3403 obruta

272 3449 367 3519 portis.
403 3446 448 3500 llis
472 3446 590 3503 lacobus
620 3447 703 3503 irater
727 3445 826 3504 domini
852 3447 960 3503 verbam
985 3445 1079 3502 salutis
1103 3445 1268 3517 praedicauit
1286 3453 1314 3504 et

272 3547 347 3603 hdem
367 3545 465 3602 Christi
485 3547 603 3618 perfecte
622 3563 668 3602 ecs
688 3547 785 3602 docuit.
821 3545 1006 3618 llpoeletisnus
1025 3551 1112 3602 autem
1131 3544 1312 3602 ethlaalmia-

272 3661 336 3714 nus,
356 3647 401 3717 qui
419 3654 563 3715 coeperunt
578 3659 648 3700 anno
667 3645 766 3702 domini
784 3643 960 3714 cclxxiiii,
980 3645 1098 3702 uolentes
1117 3644 1192 3700 iden
1212 3643 1313 3701 Christi

270 3749 375 3816 penitas
395 3747 556 3813 exstirpare,
575 3745 643 3800 tales
664 3745 792 3816 epistolas
813 3761 861 3817 per
878 3761 969 3800 omnes
987 3746 1148 3815 prouinciae,
1168 3746 1194 3798 in
1213 3744 1310 3816 quibua

268 3844 405 3898 christiani
424 3841 609 3910 morahantnr,
627 3845 838 3903 hananiseruut.
872 3843 901 3900 Sl
921 3841 1022 3914 aliquid
1041 3843 1209 3900 determinari
1228 3861 1309 3916 opor-

270 3949 338 3998 teret
361 3950 408 3998 ant
432 3943 496 3996 seiri
520 3951 546 3998 et
569 3949 641 3998 totns
666 3944 777 4000 mundus
800 3959 833 4000 et
857 3957 909 4000 aaa
934 3949 1009 4014 parte
1027 3952 1205 4016 congregatus
1225 3953 1309 4015 esset,

317 4150 340 4200 ι)
353 4145 407 4190 'dria
426 4144 505 4188 ultima
526 4143 638 4188 voeabula
657 4143 764 4190 omittunt
783 4143 837 4190 titii
855 4159 900 4190 ree.
985 4147 1010 4201 ι)
1028 4145 1068 4190 Ed.
1089 4149 1121 4190 Pr.
1140 4144 1228 4190 mauri
1248 4147 1308 4192 maie

265 4241 344 4298 offert,
358 4245 464 4299 quoniam
478 4244 613 4288 hebraicam
624 4229 684 4311 w·
697 4259 786 4292 amam
799 4245 837 4292 uel
849 4231 923 4324 '¹10'
937 4250 1015 4302 (meaa
1033 4261 1122 4294 amarus
1142 4261 1159 4293 a.
1174 4249 1203 4292 rai
1218 4253 1308 4302 amam)

266 4329 308 4370 lroe
327 4328 378 4374 loco
397 4329 525 4374 necessario
550 4329 614 4374 radix
638 4329 790 4376 illiusmari
808 4347 859 4378 esse
877 4334 954 4380 debet
1030 4337 1053 4388 ι)
1071 4332 1116 4380 stit
1136 4331 1306 4380 dilectione

264 4399 348 4476 locunt.
449 4400 472 4450 ι)
486 4398 572 4442 verber
590 4411 641 4454 per
659 4421 684 4432 -
697 4399 708 4444 l
713 4399 788 4446 idam
801 4402 885 4448 omittit
899 4402 939 4448 ud.
953 4409 987 4449 l'r.
1074 4405 1096 4458 ι)
1109 4399 1166 4444 Aliis
1179 4413 1305 4458 perpsa-

263 4479 384 4510 sionem.
1282 4499 1283 4502 =
