2866 5310
296 465 366 546 Cap.
388 451 543 527 lxxxix.
590 467 634 527 De
651 473 757 538 ,saneto
779 463 864 524 Petro
887 465 1029 544 apostolo.
1117 463 1177 526 ³73

146 627 170 679 al
197 625 263 681 sirit
288 623 441 696 ieiunetur,
459 631 568 700 surgat,
594 625 753 683 ambulatet
776 625 911 698 loquatur,
944 625 1061 698 alloquin
1085 626 1178 680 relatis

144 725 301 796 plantaras
312 742 382 794 esse,
400 727 471 800 quod
484 733 561 799 eaput
573 729 669 783 mortui
682 733 872 793 enumeratum
888 731 1028 797 separetur
1045 723 1141 797 Syneon
1160 739 1178 779 a

144 824 257 896 leetulo,
272 833 302 884 ut
319 826 396 899 plene
413 825 536 908 figmenta
551 826 657 900 dyaboli
674 825 846 884 denudentur.
873 825 1018 896 Separatur
1031 826 1112 899 igitur
1127 823 1177 896 Sy·

144 941 206 980 arou
229 941 246 981 a
267 923 366 984 laetale
390 931 419 983 et
437 941 504 998 puer
526 925 667 984 innobilis
684 929 825 994 remansit,
849 925 1042 983 Petrusautem
1061 923 1177 996 alonge

143 1031 218 1082 stans
231 1033 258 1084 et
269 1027 390 1083 oratione
403 1025 635 1084 iaetaexelarnarit
648 1026 752 1084 dicans:
770 1026 935 1092 ateteroens,
953 1027 980 1082 tu
996 1025 1100 1080 uomina
1111 1023 1176 1080 lesu

144 1123 242 1182 cineri
250 1123 381 1184 Nazareni
394 1143 475 1203 sarge
488 1133 515 1184 et
522 1125 637 1196 ambula,
655 1127 855 1183 etstatirurirns
863 1127 977 1183 surrexit
984 1133 1010 1181 et
1022 1123 1174 1179 ambulavit.

142 1225 206 1284 Cura
223 1233 309 1284 ιιιιιι
326 1227 440 1302 populna
459 1226 539 1286 vellet
556 1227 692 1300 Spmoneru
709 1225 845 1299 lapidare,
864 1227 902 1281 ait
918 1224 1024 1282 Petrus:
1047 1225 1113 1280 satis
1132 1229 1174 1278 est

141 1327 181 1382 illl
197 1325 232 1384 ad
250 1343 377 1398 poenam,
400 1327 470 1402 qued
493 1339 524 1384 se
547 1329 574 1383 tu
590 1330 647 1382 suis
665 1328 765 1384 artibus
784 1327 914 1401 agnoseit
924 1331 1090 1396 superatam,
1116 1337 1172 1378 ma-

139 1429 227 1501 gister
247 1435 335 1486 autera
355 1435 449 1486 aester
471 1440 521 1483 nos
546 1425 652 1496 docuit,
683 1435 712 1484 ιι
740 1443 788 1499 pre
821 1425 896 1482 malis
922 1425 992 1481 bons
1022 1423 1172 1482 reddamus.

139 1527 211 1584 illuit
222 1535 309 1586 antem
323 1527 434 1600 Spmon:
447 1531 552 1595 scitota,
571 1541 629 1596 ros,
645 1519 722 1586 Petne
730 1537 756 1586 et
763 1527 853 1596 Paule,
871 1543 923 1584 non
938 1526 1014 1582 robis
1028 1527 1171 1596 continget,

138 1627 210 1701 qued
225 1631 329 1700 eapitis,
348 1635 377 1686 ut
388 1627 506 1685 martirio
521 1643 566 1684 uos
585 1626 826 1702 dignereoronare.
861 1629 905 1684 iiii
921 1627 1029 1684 Petrus:
1048 1623 1172 1680 adueniat

137 1728 224 1808 uobis,
243 1727 314 1801 quod
324 1731 452 1802 supinus,
467 1729 516 1784 tiisl
530 1735 616 1785 autea
631 1745 759 1802 uunquam
771 1728 840 1787 leue
852 1732 898 1799 ait,
913 1731 976 1802 quia
994 1739 1172 1800 quaecumque

137 1827 270 1900 loqueris,
289 1831 415 1886 mentiris.
448 1827 524 1886 Tune
541 1829 652 1903 Syenen,
670 1837 699 1886 ut
716 1833 754 1885 ait
772 1836 879 1886 sanetus
898 1826 1053 1894 Marcellus,
1069 1815 1117 1881 l'vit
1134 1824 1169 1879 ad

136 1926 239 1984 domun
255 1927 378 1986 Marcelli
396 1927 520 2003 diselpull
537 1933 596 2005 eJ'ua
614 1931 759 2006 ligavitque
776 1931 912 1986 maximum
929 1945 1017 1986 canera
1030 1927 1063 1983 ad
1074 1927 1169 1981 estium

137 2029 195 2101 ejus
214 2029 306 2085 donus
324 2029 429 2086 dieras:
448 2045 515 2087 nune
532 2030 644 2097 ridebo,
665 2033 688 2087 si
705 2030 815 2097 Petrus,
839 2032 883 2104 qui
902 2029 935 2084 ad
953 2037 980 2085 te
998 2030 1086 2085 uenire
1105 2041 1168 2082 een·

136 2133 238 2198 saeuit,
256 2128 361 2204 ingredi
378 2133 482 2202 peterit
517 2131 582 2188 Post
600 2131 731 2203 paululum
750 2135 820 2189 reuit
837 2131 930 2188 Petrus
953 2137 980 2187 et
1000 2130 1071 2185 laeto
1090 2129 1168 2200 signu

137 2232 222 2286 erneis
239 2245 327 2287 eanem
346 2229 441 2299 soluit,
458 2233 533 2288 eania
548 2239 634 2289 autern
655 2231 775 2288 omuibus
793 2232 855 2287 aliis
873 2231 995 2297 blandus,
1015 2229 1098 2284 solum
1116 2226 1165 2298 Sp-

135 2347 234 2387 monem
253 2331 475 2404 persequebatur,
501 2335 546 2406 qul
564 2331 765 2404 apprehendens
783 2348 841 2389 eum
862 2330 895 2388 ud
914 2341 1016 2388 terram¹
1028 2327 1120 2384 subter
1136 2341 1166 2384 ae

134 2430 234 2504 delerit
257 2439 283 2488 et
306 2448 363 2488 eum
389 2433 557 2506 strangulare
578 2433 700 2501 uolebat,
715 2447 861 2490 ,aeeurrena
884 2437 970 2489 auteur
991 2429 1084 2488 rerem
1106 2427 1166 2484 eaui

133 2529 263 2599 clamarit,
280 2549 312 2587 ne
323 2535 348 2590 el
362 2539 478 2601 aoeemt,
497 2539 523 2589 et
540 2535 613 2590 rania
632 2533 734 2606 quidem
752 2549 848 2605 eorpus
864 2533 923 2606 ejus
941 2549 992 2588 ιιι
1012 2530 1099 2595 laesit,
1116 2525 1165 2583 sed

134 2639 221 2690 restes
245 2633 312 2689 adeo
337 2633 480 2702 lacerarit,
507 2641 536 2690 ut
562 2634 609 2689 illa
632 2633 716 2690 nudus
740 2637 842 2706 positus
865 2637 1027 2700 remaneret,
1050 2628 1164 2703 popalus

131 2744 216 2789 auteur
240 2739 267 2791 et
291 2737 401 2791 maxima
426 2737 500 2806 pueri
526 2750 582 2790 eura
607 2749 672 2790 caua
694 2733 792 2790 ιιιιὶιι
817 2739 879 2806 pest
895 2751 952 2790 eura
969 2733 1163 2794 eoneurrerunt,

131 2831 215 2890 donee
231 2834 302 2890 illurn
321 2836 397 2908 qussi
414 2833 501 2906 lupum
519 2834 552 2890 de
568 2836 675 2890 eirltaie
691 2833 822 2908 iurgarent.
846 2833 939 2908 enpn
959 2831 1096 2906 opprobrii
1114 2843 1163 2900 pu-

130 2932 218 2992 dorem
237 2951 289 2990 non
307 2935 395 2992 terena
413 2949 571 3007 perannum
588 2949 714 3008 nusquam
733 2937 892 3008 comparuit,
916 2930 1059 2992 Marcellus
1076 2935 1161 2985 autem

129 3033 195 3091 laea
221 3035 347 3091 enimenin
370 3033 461 3092 ridens
479 3033 604 3108 deinceps
623 3034 702 3092 Petro
727 3035 856 3092 adhaesit.
890 3035 1093 3092 l’oeteaautem
1110 3028 1161 3100 Sp-

127 3151 188 3190 ιιιι
206 3135 311 3192 rediens
327 3139 418 3192 lterum
432 3133 582 3192 tollereris
599 3137 739 3192 amicitiam
756 3144 798 3194 eat
816 3143 944 3209 receptus.
963 3135 1059 3206 symon
1071 3129 1162 3208 igitur,

127 3234 255 3295 atrelert
271 3233 337 3305 Leo,
355 3234 478 3310 populum
495 3239 653 3310 eonroeauit
668 3242 695 3294 et
712 3253 742 3294 se
758 3253 775 3293 a
796 3233 922 3294 Galilaeis
940 3237 1059 3309 grauiter
1076 3229 1160 3287 ellen-

127 3351 182 3391 sam
200 3336 336 3410 perhibuit
354 3343 382 3394 et
400 3338 458 3394 ideo
477 3337 576 3406 urben,
594 3353 669 3410 ιιιιι
684 3341 753 3395 tueri
769 3337 884 3406 solebat,
903 3353 933 3394 sa
950 3334 1074 3391 deserere
1091 3327 1159 3386 relle

126 3436 193 3492 diult
210 3445 236 3493 et
254 3435 321 3496 diem
340 3445 473 3505 statuere,
500 3435 668 3510 quaerelam
694 3437 804 3496 deberet
821 3438 998 3504 miserabere,
1026 3435 1089 3507 qula
1106 3445 1158 3486 ιιι

125 3534 285 3611 dignabatur
308 3541 437 3596 interris
460 3537 573 3610 amplius
596 3537 726 3598 babitare.
761 3540 867 3597 statute
891 3542 973 3614 igitur
997 3535 1042 3592 die
1066 3534 1158 3588 turrta

125 3639 255 3694 exreinan
274 3639 323 3708 rel,
341 3638 481 3695 seeundum
495 3636 598 3706 Linum,
618 3637 775 3711 Capitolium
788 3640 925 3697 adscendit
937 3647 965 3694 et
980 3637 1041 3698 indu
1059 3651 1090 3691 ae
1108 3631 1156 3687 de-

118 3723 217 3811 'Jlelene
234 3747 375 3796 eoronatus
400 3738 477 3795 lauro
498 3739 588 3796 rolare
610 3741 706 3812 eoepit.
740 3739 814 3798 illuit
832 3747 918 3797 autem
936 3737 1033 3796 Paulus
1049 3732 1085 3792 ad
1105 3731 1155 3794 Per

121 3845 204 3897 irum:
223 3849 306 3897 ιιιιι
325 3847 367 3897 ιιι
383 3855 461 3898 orare
481 3847 508 3897 et
526 3846 596 3895 tuum
615 3847 656 3897 est
674 3843 820 3914 imperare,
837 3841 956 3914 dixitque
975 3837 1058 3894 llere:
1075 3849 1157 3891 rerar

122 3939 334 4008 aethioissam
356 3956 403 3997 res
429 3947 514 3997 autem
537 3939 692 3998 seductores
712 3944 786 3998 estis.
821 3941 914 3999 Petrus
933 3946 1019 3996 autem
1036 3936 1103 3993 dixit
1121 3933 1155 3990 ad

120 4037 242 4097 Paulum:
266 4039 363 4110 l’sule,
389 4045 464 4118 erige
486 4047 566 4115 eaput
585 4048 612 4099 et
634 4041 702 4099 ride.
738 4041 854 4115 itumque
877 4041 1009 4099 elevasset
1032 4043 1112 4109 eaput
1129 4043 1157 4092 et

119 4140 232 4221 uidisset
248 4141 386 4216 Spmoneua
405 4143 549 4210 uolantem,
572 4143 639 4199 dlrit
656 4142 691 4199 ad
710 4142 828 4200 Petrum:
851 4141 944 4210 Petra,
971 4138 1034 4212 qaid
1051 4151 1153 4207 ιιιιιι,

120 4239 216 4309 perdee
234 4243 304 4315 quod
323 4245 452 4315 soeplstl,
474 4243 531 4316 jaan
555 4245 623 4300 enim
642 4251 719 4302 roeat
738 4257 788 4297 noa
805 4241 933 4298 deminus.
969 4239 1045 4296 Tuae
1059 4237 1154 4296 Petrus

118 4342 169 4395 ait:
188 4341 283 4414 adiuro
304 4357 367 4413 rea,
385 4343 475 4416 angeli
494 4341 644 4412 sathanae,
662 4345 706 4418 qui
724 4358 781 4401 eum
800 4344 826 4398 tn
844 4349 908 4399 aera
925 4339 1016 4409 iertis,
1035 4357 1086 4415 per
1103 4339 1153 4394 de-

115 4439 208 4498 minum
225 4449 342 4501 mestruas
360 4443 448 4503 lesum
468 4442 609 4514 Christum,
629 4450 658 4502 ut
677 4445 760 4518 ipsura
779 4444 890 4517 amplius
911 4459 962 4499 ιιι
981 4443 1082 4510 ieratis,
1102 4440 1149 4499 set
