2918 5302
330 443 391 508 652
454 445 526 523 Cap.
550 442 662 528 CXLV.
704 442 748 502 De
776 449 874 502 sancto
896 441 1036 502 illebaele
1058 442 1247 522 archangelo.

329 599 462 658 mendices
477 605 664 671 etporlsretur.
673 596 707 654 ab
719 597 816 670 angeio
827 599 944 654 insinnn
952 598 1085 656 ihrsbno.
1106 600 1208 664 eutero
1222 599 1372 655 bonoraudi

329 706 399 766 sent,
413 699 534 771 qniaipsi
543 705 604 754 eunt
618 700 763 754 orationum
778 703 925 754 nostrarum
939 697 1008 769 apud
1017 698 1097 756 Deum
1106 706 1370 778 repraesentatores.

328 797 382 868 ipsi
401 813 512 869 usuque
529 799 613 867 prino
631 798 766 851 crationes
785 802 889 851 nostras
906 797 963 853 ileo
983 804 1201 868 repraesentant,
1220 798 1295 854 Teb.
1310 797 1372 854 itii:

328 896 433 970 quade
458 896 555 951 erebus
578 912 635 951 cum
664 897 785 968 lacrymis
811 902 837 951 ot
863 895 1013 967 sepeliebas
1042 902 1172 963 morines,
1206 913 1260 970 ege
1289 897 1372 952 uirtuti

328 991 474 1054 erasissem
492 1003 563 1051 tuam
584 995 698 1050 domino.
733 994 853 1050 Secunde
872 994 967 1050 ibidem
986 995 1131 1066 pronubis
1153 995 1288 1069 alligant,
1313 995 1372 1054 lob.

327 1095 452 1154 xxxiii:
475 1097 499 1150 sl
520 1095 598 1150 inerit
617 1110 665 1164 pre
684 1110 717 1149 ee
736 1093 848 1165 angelus
868 1094 978 1167 loquens
1005 1097 1105 1164 ¹)nnus
1130 1095 1164 1151 ds
1183 1095 1324 1166 millibus,
1346 1103 1373 1152 ut

327 1199 463 1256 annuntiet
475 1195 587 1249 bominis
601 1196 769 1264 nequitatem,
788 1194 956 1249 miserebitur
972 1195 1031 1266 ejus
1043 1199 1094 1252 etc.
1128 1193 1194 1250 lteus
1208 1194 1329 1251 Zscbar.
1340 1194 1373 1252 l.:

326 1302 355 1353 et
365 1295 503 1368 respondit
514 1293 625 1366 angelus
637 1291 856 1354 dominietdixit:
867 1290 970 1349 dominc
978 1295 1148 1361 exercituum,
1162 1311 1251 1368 esque
1259 1311 1315 1368 quo
1324 1311 1373 1351 neu

327 1395 495 1453 misereberis
506 1391 652 1450 ierusalem
666 1397 693 1446 et
704 1389 890 1459 erbtumludn,
904 1390 1000 1463 quibes
1012 1393 1096 1448 iratus
1110 1391 1159 1450 esi
1172 1395 1226 1452 isto
1237 1397 1298 1469 jaus
1311 1411 1373 1466 sep-

325 1497 487 1568 tuagesimus
498 1507 581 1548 annus
595 1496 645 1546 est
665 1489 1059 1546 ‘lertiolieisententismnebls
1069 1495 1232 1562 renuntiant,
1249 1494 1372 1563 Danu,

325 1595 504 1661 ubidicitur,
523 1589 593 1664 quod
611 1587 717 1644 Gabriel
737 1587 771 1644 ad
790 1604 847 1645 uem
866 1589 959 1644 solans
977 1589 1058 1645 disti:
1076 1591 1110 1646 nb
1128 1593 1245 1649 murillo
1264 1611 1371 1665 pressu

326 1701 427 1750 tucrum
448 1697 609 1766 ²)egressus
626 1693 666 1744 eut
680 1703 777 1756 sermo,
794 1685 903 1743 illoesa:
922 1689 1012 1758 idest,
1027 1693 1159 1746 sententie
1172 1692 1273 1762 alluo,
1286 1699 1315 1750 et
1327 1710 1370 1751 ss·

326 1796 429 1867 quitur:
453 1809 504 1866 ego
523 1796 608 1845 uniens
627 1790 695 1855 reni,
715 1793 745 1842 ut
756 1787 896 1842 indicarem
909 1788 967 1854 tibi,
986 1790 1313 1861 qnistlrdesirlerierum
1332 1809 1370 1851 es.

325 1895 365 1952 Ile
390 1892 433 1949 bis
458 1890 545 1948 tribes
569 1887 633 1942 dicit
657 1885 808 1944 Bernerdus
833 1903 914 1958 seper
936 1891 1077 1944 cauticum:
1103 1890 1229 1946 discurrit
1255 1893 1370 1966 angelus

325 1993 426 2049 medies
453 1993 521 2046 inter
544 1988 665 2045 dilectum
694 1993 721 2043 et
745 1987 867 2043 dilectem
896 1994 958 2044 rein
973 1987 1109 2059 olerone,
1142 1989 1265 2048 celerent
1288 1991 1368 2059 dene,

326 2094 423 2149 excitet
441 2093 533 2156 lstnn,
557 2088 648 2160 piscat
666 2087 745 2162 illem.
782 2085 864 2143 Sesto
882 2084 1028 2142 lsenorenrli
1046 2097 1121 2156 sunt,
1146 2091 1211 2162 quis
1236 2089 1290 2162 ipsi
1308 2095 1370 2148 sunt

325 2193 398 2264 regis
415 2190 518 2245 aeterni
536 2187 694 2243 nobilissimi
714 2186 820 2251 milites,
838 2186 978 2242 secundun
998 2187 1067 2258 qnod
1088 2187 1184 2244 dicitnr
1199 2188 1262 2246 lob.
1280 2189 1367 2246 xxi:

325 2288 448 2362 nunquid
466 2294 508 2345 est
525 2301 647 2342 numerus
665 2286 774 2340 militem
794 2287 873 2357 elusi
908 2285 981 2341 Sicut
1004 2295 1089 2342 autern
1114 2287 1232 2344 ridemus
1252 2292 1281 2344 in
1298 2290 1368 2345 mlli-

325 2389 396 2444 tibes
418 2389 532 2459 nlirejns
557 2389 645 2460 regis,
677 2385 747 2459 quod
777 2385 881 2456 quidam
912 2401 1000 2442 oerum
1026 2403 1131 2458 semper
1153 2391 1180 2442 iu
1204 2389 1268 2443 anie
1291 2393 1368 2463 regis

325 2494 517 2545 commorantur
538 2495 565 2544 ei
587 2503 677 2560 regem
699 2487 834 2540 asseriani
857 2490 884 2540 et
907 2485 943 2568 ud
965 2488 1024 2558 ejus
1048 2487 1174 2544 honoreus
1196 2493 1222 2544 ei
1241 2488 1366 2544 solatium

325 2595 441 2646 cessioni.
476 2586 586 2651 Quidam
611 2594 697 2642 nutem
715 2587 838 2640 ciriteies
857 2590 883 2641 ei
901 2585 1105 2660 essislia'regnt
1124 2585 1287 2655 custodient,
1307 2589 1364 2660 qui-

326 2691 385 2744 dem
408 2703 472 2742 sero
495 2689 568 2760 regis
593 2688 712 2741 inimices
735 2691 904 2757 expugnent,
927 2687 964 2740 itu
985 2691 1011 2741 et
1029 2685 1120 2740 boren
1138 2686 1247 2740 utilitum
1266 2687 1367 2742 Christi

326 2788 431 2861 quidem
457 2789 484 2841 in
507 2785 568 2842 auia
591 2787 680 2858 regia,
713 2784 815 2839 scilicet
842 2785 870 2838 in
896 2785 972 2840 coelo
998 2801 1119 2856 empyreo
1145 2801 1252 2856 semper
1277 2802 1367 2858 regem

327 2904 417 2961 regum
444 2887 579 2941 asseriani
605 2892 631 2940 et
652 2883 686 2938 ad
713 2885 772 2955 eles
797 2881 922 2939 bonorem
945 2885 1049 2939 centies
1074 2884 1195 2939 laetitiae
1216 2891 1242 2941 et
1260 2884 1367 2956 gloriae

325 3003 429 3058 semper
457 2989 564 3040 cantant
592 2983 726 3038 dieentes:
758 2988 878 3051 sunctes,
911 2989 1033 3050 nuncies,
1061 2990 1169 3038 sanetus
1193 2991 1243 3039 etc.
1287 2985 1367 3042 item:

325 3085 474 3141 benedicite
500 3089 527 3138 et
551 3083 660 3137 ciaritss
686 3087 712 3138 et
735 3083 868 3152 sapientia
892 3089 942 3138 eie.
978 3082 1089 3153 Apocal.
1108 3081 1162 3140 i'ii.
1197 3082 1251 3139 iiiii
1278 3092 1367 3141 autem

325 3185 477 3242 custodiunt
493 3184 629 3247 eiritstos,
651 3179 803 3236 suberbsus
820 3185 847 3237 ct
865 3181 941 3236 silias
962 3187 989 3238 ei
1005 3189 1102 3237 cestra
1137 3181 1178 3236 liii
1192 3183 1305 3250 scilieet,
1322 3185 1368 3256 qni

326 3282 404 3338 nobis
426 3289 488 3337 sent
512 3279 547 3335 nd
572 3279 716 3336 custodian
740 3279 876 3351 deputati,
905 3280 1085 3338 custodientes
1108 3286 1203 3337 statum
1223 3283 1367 3355 uirginum,

326 3384 522 3448 continentium,
543 3379 744 3454 coniuguteresu
762 3385 790 3434 et
808 3386 896 3434 castre
908 3380 1074 3454 religienum,
1094 3379 1190 3435 iscius
1204 3379 1266 3439 iiii:
1285 3397 1369 3454 snper

325 3499 415 3543 mures
435 3490 512 3550 tuos,
536 3480 695 3547 Jerusalem,
721 3461 845 3536 constitui
863 3478 988 3535 custodes
1005 3487 1055 3535 eto.
1090 3480 1146 3537 iiiii
1164 3495 1227 3534 rere
1245 3479 1295 3536 Dei
1315 3483 1368 3536 ini-

327 3587 419 3650 mices,
438 3582 466 3636 id
478 3585 519 3638 esi
531 3579 683 3644 daemones,
698 3584 859 3653 expugnant,
877 3578 986 3650 Aperui.
1001 3577 1063 3634 iiii:
1076 3579 1171 3636 iustum
1184 3587 1225 3636 est
1236 3580 1367 3652 proelium

328 3698 448 3757 urngnusn
469 3683 494 3736 ln
513 3681 604 3744 eeeie,
628 3678 715 3734 idest
734 3677 873 3733 secundun
890 3693 967 3733 unum
986 3681 1187 3750 expositionem,
1206 3681 1231 3734 ln
1250 3681 1369 3737 eeclesia

329 3783 459 3838 militanti.
478 3778 594 3837 Mirhsel
607 3783 634 3833 et
644 3777 734 3850 engeii
748 3779 807 3849 etue
820 3776 1020 3850 preeliabentur
1034 3793 1089 3833 cum
1103 3778 1226 3834 dracone.
1246 3779 1367 3850 Septimo

329 3889 356 3941 ei
372 3883 463 3938 ultime
481 3878 630 3935 honorandi
647 3883 721 3945 sunt,
745 3878 809 3950 quie
826 3877 876 3948 ipsi
895 3882 956 3933 sunt
971 3875 1156 3933 tribulatorum
1173 3879 1367 3948 consolatores,

330 3981 441 4039 zachar.
459 3979 495 4036 i:
512 3979 640 4052 angelus,
666 3979 710 4049 qni
728 3975 888 4048 loquebatur
904 3976 930 4030 in
950 3991 990 4032 use
1009 3962 1092 4032 iarba
1109 3975 1180 4033 bona
1198 3983 1225 4035 ei
1242 3980 1367 4036 console-

329 4085 409 4139 teria.
442 4079 506 4135 lien
525 4075 656 4136 Tob.V.:
676 4075 738 4131 terti
756 4078 843 4132 unimo
864 4082 1013 4135 etioteetc.
1047 4075 1080 4132 lli
1097 4076 1147 4133 ison
1166 4076 1264 4135 larient
1280 4079 1367 4137 tribus

331 4180 427 4236 modis:
446 4179 529 4250 prino
548 4175 723 4233 conlertando
742 4182 768 4233 et
785 4175 951 4245 roborando,
973 4175 1041 4236 Dan.
1061 4176 1103 4247 X,
1120 4177 1182 4245 ubl,
1199 4191 1255 4234 oum
1271 4177 1366 4236 Daniel

381 4390 403 4447 i)
416 4389 457 4439 ld.
472 4397 506 4439 i’r.
518 4391 585 4446 lenire
598 4407 680 4436 enurn
695 4390 729 4436 de
744 4390 904 4437 similibus.
954 4391 977 4446 2)
990 4391 1036 4436 siti
1049 4390 1207 4444 ingressus.
