2866 5310
226 500 296 580 Cap.
317 497 404 559 Lxx
452 497 497 558 De
528 495 634 558 letania
658 497 761 575 majori
782 506 811 556 et
833 495 946 555 minori.
1043 491 1104 560 tlt

62 671 116 714 ιιι
132 661 206 715 terra
222 657 325 714 audiret
342 664 369 714 et
390 654 490 713 vexilla
507 655 625 723 uideret,
646 657 685 710 sle
702 651 852 720 daemones,
871 655 915 726 qui
932 659 993 709 sant
1010 653 1036 707 in
1055 653 1107 708 isle

63 763 129 814 atre
145 757 304 831 caliginose,
324 755 493 815 veliementer
509 759 634 824 metuunt,
652 753 756 828 qaanndo
773 753 852 809 tubas
871 751 988 822 illinisti,
1007 753 1109 808 scillcet

64 871 210 929 campanas
230 857 332 930 pulsari
348 859 465 913 sentiunt
487 861 515 913 ct
540 854 652 922 vexilla,
681 851 710 909 ld
730 860 786 922 cst,
813 869 906 910 eruces
924 853 1106 926 conspiciant:

65 961 95 1012 et
112 957 169 1012 istu
185 956 282 1014 dicitnr
299 973 360 1014 esse
385 959 469 1024 ratic,
493 971 576 1029 quare
600 954 715 1011 eeclesia
737 953 878 1026 campanas
893 946 1034 1009 'consucvit
1049 953 1110 1024 pnl-

66 1071 147 1126 sare,
164 1056 270 1130 quando
286 1061 458 1129 tempestates
475 1057 603 1112 concitari
619 1053 706 1123 ridet,
723 1059 753 1110 ut
769 1053 873 1110 scilicet
890 1041 1047 1122 daemones,
1066 1055 1112 1127 qui

67 1157 123 1214 lucc
147 1157 262 1225 lucium,
284 1154 365 1212 tabas
391 1158 493 1213 aeterni
517 1157 591 1229 regis
611 1154 722 1211 audiant
750 1161 778 1210 et
801 1155 841 1209 sic
860 1155 947 1210 territi
966 1152 1070 1227 iuglant
1086 1159 1113 1209 et

67 1273 86 1314 a
110 1259 279 1330 tempestatis
301 1259 478 1314 concitatione
504 1257 658 1328 quieseant,
691 1255 753 1312 licet
785 1253 840 1310 alia
870 1256 940 1310 ratio
969 1255 1019 1324 sit,
1050 1253 1114 1327 quia

68 1372 216 1430 campanae
234 1361 295 1415 tnnc
312 1356 404 1413 fideles
423 1357 564 1414 admonent
580 1363 608 1413 ct
624 1361 785 1426 provocant,
811 1360 840 1410 ut
864 1369 913 1426 pre
934 1356 1043 1411 instanti
1064 1371 1113 1426 pe-

71 1455 157 1514 ricula
182 1459 296 1514 nradnni
322 1460 456 1515 insistant.
490 1455 571 1514 Aliud
597 1457 675 1512 etiarn
698 1455 820 1512 senilium
846 1455 949 1511 aeterni
975 1457 1049 1529 regia
1074 1461 1116 1511 est

72 1561 133 1630 ipsa
151 1573 217 1615 crux
233 1555 374 1614 secundun
390 1553 470 1613 iliud:
493 1551 592 1613 venilia
615 1559 689 1628 regis
716 1555 847 1627 prodeunt
873 1561 923 1612 etc.
960 1553 1036 1618 Quod
1055 1555 1114 1627 qui-

72 1659 133 1716 dem
160 1658 284 1716 uexillum
307 1656 450 1716 daemones
474 1655 553 1714 ualde
571 1659 672 1725 timent,
698 1653 840 1712 seecundum
858 1652 931 1729 qued
950 1653 1017 1710 dicit
1034 1653 1117 1727 Cirp-

72 1765 223 1816 adstamus:
239 1756 402 1832 ubieunque,
420 1759 519 1831 inquit,
536 1757 678 1814 daenacnes
696 1759 799 1829 signum
817 1738 974 1811 dominicum
993 1753 1118 1821 viderint,

73 1859 182 1934 tugiunt
191 1863 311 1916 timentes
323 1857 453 1923 haculum,
469 1874 521 1931 qne
537 1857 643 1932 pingam
661 1863 832 1929 acceperunt:
849 1862 877 1912 et
895 1853 962 1912 haec
979 1847 1021 1912 es's't
1039 1856 1118 1922 ratic,

73 1975 161 2032 quare
177 1959 204 2016 in
223 1959 379 2032 quibusdam
397 1955 519 2015 ecclesiis
536 1961 655 2028 tempere
672 1959 838 2032 tempestatis
856 1971 920 2012 crux
945 1955 979 2012 de
1003 1956 1120 2011 eeclesia

74 2057 227 2116 extrahitur
251 2065 279 2116 et
298 2059 451 2130 tempestati
468 2060 625 2131 cppeniinr,
650 2065 680 2115 ut
705 2058 807 2114 scilicet
830 2056 972 2113 daemones
996 2055 1120 2111 ventilent

75 2161 172 2214 summi
200 2160 272 2232 regis
296 2159 403 2216 rideant
425 2162 453 2214 et
476 2159 564 2216 territi
589 2157 701 2230 ingiant.
734 2156 798 2214 ldcc
827 2159 910 2231 igitur
929 2171 994 2214 crux
1012 2157 1038 2211 iu
1056 2171 1119 2228 pre·

76 2259 203 2318 cessione
220 2258 339 2316 dclertur
355 2265 382 2316 et
398 2271 542 2330 campanae
560 2259 707 2330 pulsantur,
725 2264 754 2314 at
773 2257 916 2314 daemones
935 2258 963 2312 in
980 2258 1039 2329 ipso
1059 2262 1123 2313 alre

77 2361 241 2416 exsistentes
265 2359 352 2416 territi
375 2357 480 2433 fugiant
503 2363 531 2415 et
555 2371 572 2414 a
595 2366 689 2414 nestra
704 2357 876 2414 intestatione
894 2355 1033 2414 desistant.
1071 2347 1122 2414 Ve-

77 2457 170 2514 xillum
194 2463 282 2514 antem
307 2457 406 2516 ibidem
431 2457 550 2517 delentur
574 2464 685 2530 prepter
706 2455 958 2529 repraesentandam
986 2457 1125 2524 uictoriam

80 2560 286 2615 rasnneetienis
310 2564 337 2615 et
359 2561 497 2615 uictoriam
521 2558 705 2614 adscensicnis
731 2557 848 2625 christi,
878 2561 923 2632 qul
946 2571 1004 2613 ean
1028 2573 1127 2631 magna

80 2657 185 2730 praeda
200 2657 292 2714 caelos
308 2657 457 2727 adscendit,
474 2659 543 2715 unde
562 2675 611 2731 per
627 2663 691 2714 ntra
708 2658 831 2716 vexillum
848 2657 975 2714 incedens
993 2661 1035 2715 cst
1050 2654 1127 2712 Chri-

81 2765 141 2816 stus
159 2759 186 2815 ln
203 2757 306 2814 caelant
325 2757 501 2828 adscendens,
523 2766 550 2816 et
566 2761 636 2815 sicut
660 2759 799 2828 vexillum,
824 2758 896 2832 qued
912 2761 939 2814 ln
955 2759 1128 2830 precessione
1186 2783 1187 2788 ¹

82 2857 220 2926 defertur,
246 2856 384 2915 multitude
410 2857 525 2916 fidelium
547 2862 681 2934 seqnitur,
709 2860 748 2916 sic
773 2858 904 2918 Christum
923 2857 1126 2915 adscendentem

83 2973 181 3034 magna
197 2965 346 3016 sanctoruni
365 2958 488 3018 cellectio
512 2961 660 3018 connitatur.
695 2959 795 3016 Cantus
815 2967 912 3026 autem,
930 2961 976 3033 qui
993 2960 1032 3016 ibi
1054 2957 1129 3024 iniit,

83 3059 237 3134 significant
261 3066 354 3115 cantas
383 3063 411 3117 et
433 3059 527 3116 landes
554 3058 724 3134 asngelurnn,
755 3059 801 3133 qui
826 3059 932 3116 Cleriste
960 3059 1131 3117 adscendenti

85 3159 260 3216 ebriaverunt
276 3165 304 3216 et
320 3161 405 3232 ipsum
423 3176 480 3217 canu
499 3174 549 3216 sua
566 3160 696 3234 sacietate
720 3175 804 3233 nsque
822 3161 850 3216 in
868 3160 970 3217 caelum
988 3176 1046 3217 cum
1065 3161 1132 3218 mul-

85 3263 124 3316 tis
141 3260 266 3316 lendibus
284 3259 471 3331 perduxerunt.
505 3257 535 3316 ln
554 3259 709 3333 quibusdam
727 3267 815 3316 entem
833 3261 954 3318 ecelesiis
976 3269 1003 3319 et
1020 3264 1132 3318 masline

86 3363 116 3418 iu
134 3361 258 3419 ecclesiis
276 3357 422 3417 Gallicanis
439 3359 603 3417 consuetude
622 3359 744 3429 liabetur,
764 3361 836 3433 qued
855 3361 936 3418 draca
954 3363 1059 3436 quidam
1076 3379 1134 3419 ιιι

88 3461 172 3535 lenge
198 3459 285 3516 eanda
301 3466 328 3517 et
344 3460 445 3528 indata,
470 3459 548 3534 piena
573 3459 678 3516 scilicet
701 3459 781 3531 palea
797 3459 840 3519 sel
858 3461 948 3535 alique
966 3462 1015 3518 tali
1031 3461 1137 3519 dachus

89 3559 185 3618 dieisua
203 3560 295 3633 prinis
312 3566 374 3617 ante
391 3575 494 3617 crucem
512 3567 539 3618 et
555 3562 636 3617 tertie
660 3575 717 3617 cana
741 3559 828 3617 cunda
849 3576 935 3619 neena
952 3567 1015 3634 past
1032 3577 1136 3619 crucem

91 3659 228 3728 desertura
251 3675 302 3733 per
320 3659 390 3734 quud
407 3659 587 3734 significatur,
616 3660 688 3734 qnod
712 3661 739 3716 in
761 3663 846 3733 prima
865 3661 987 3721 dicante
1004 3664 1092 3738 legen
1110 3673 1137 3722 et

91 3760 255 3826 insecundo
273 3759 323 3817 sub
342 3760 403 3834 iege
421 3760 550 3833 dyabulus
569 3764 597 3818 iu
613 3761 664 3818 lec
682 3760 777 3817 munde
794 3763 926 3835 regnavit,
944 3765 972 3820 in
990 3767 1070 3822 tertie
1087 3781 1136 3821 au·

90 3872 144 3919 ten
170 3860 216 3918 die
239 3860 343 3917 scillcet
370 3864 476 3935 gratiae
498 3879 548 3935 per
570 3865 721 3936 passionem
745 3861 845 3918 Christi
866 3861 900 3920 dc
918 3877 968 3920 sue
986 3881 1071 3938 regnu
1089 3881 1136 3922 ex·

92 3961 186 4036 paiens
205 3961 265 4018 init.
299 3957 400 4017 Rursus
418 3961 445 4016 ln
462 3965 523 4034 lpse
539 3965 713 4036 precessione
732 3965 845 4018 emnium
868 3970 1020 4022 sanmennn
1040 3967 1140 4035 pariter

94 4060 427 4137 paimeinlapustuismus.
455 4057 1063 4138 Quareauteantunemgsnnus‚plureseaasae
1078 4074 1141 4121 sant

94 4165 219 4235 superins
231 4163 395 4235 assignatae.
430 4163 496 4220 Sunt
515 4171 601 4220 auten
619 4165 647 4221 et
662 4164 733 4221 nilne
751 4179 849 4228 causae
865 4161 1016 4238 generales,
1032 4173 1142 4239 prepter

96 4279 164 4338 quas
184 4261 256 4320 Deae
274 4262 423 4331 ordinarit,
447 4270 477 4319 ut
500 4271 605 4320 sanctes
630 4279 749 4331 eremus,
774 4263 1008 4346 scilieetpncpter
1024 4273 1141 4322 uestram
1165 4267 1167 4272 ’

95 4365 229 4436 inopium,
254 4370 406 4420 sancierant
424 4362 536 4437 giarium
555 4369 583 4421 et
600 4363 650 4420 liei
669 4364 850 4422 reverentiam.
885 4363 977 4422 Sancti
994 4367 1062 4422 enirn
1079 4371 1143 4422 unta

96 4463 301 4539 supplicantium
321 4466 390 4522 scire
408 4470 529 4536 pessunt,
547 4465 610 4538 quia
625 4467 653 4522 in
671 4463 718 4522 ilie
736 4473 844 4524 amerus
862 4465 971 4540 specula
981 4467 1141 4542 intelligunt,
