2866 5310
215 487 287 568 Cep.
308 486 409 548 thtt
452 483 498 546 De
518 494 617 546 cuncto
639 485 726 547 Petro
754 485 878 546 mentre.
1000 477 1061 570 285
1174 499 1176 504 ·

38 645 173 714 uiderent,
199 645 303 717 quitum
329 643 363 701 de
386 646 421 700 iis
445 645 552 699 notiore
575 641 715 700 tunnensis
740 642 811 699 tecto
832 641 937 699 silentio
959 643 998 698 eie
1015 655 1062 698 ees

38 747 186 818 elinquitnr:
204 746 254 798 riri
272 744 383 811 iratres,
403 743 525 815 numquid
542 759 594 798 uon
611 743 738 810 audietis,
755 741 869 814 qualiter
885 741 989 814 quidum
1007 741 1062 796 irn-

38 863 67 901 er
86 844 122 899 rie
139 843 232 899 urdine
251 844 459 914 praedicaturo·
475 846 578 898 nomine
595 841 678 898 frater
694 840 787 898 Petrus
812 856 896 912 nuper
918 841 952 896 ch
969 841 1062 897 deien·
1153 828 1155 833 ¹

38 947 129 1000 ionem
153 942 216 998 ciet
231 941 387 999 catholicae
410 945 447 998 sit
471 941 504 996 ab
529 942 669 997 haereticis
690 941 843 996 interiectus
867 941 999 1014 multaque
1017 958 1065 1013 per

38 1061 86 1099 ,ιιι
105 1043 224 1098 dominns
244 1044 322 1120 signu
338 1040 468 1098 ostendet
503 1037 577 1096 Nune
600 1041 682 1112 igitur
705 1039 800 1096 deuote
818 1041 876 1112 ejus
892 1043 1064 1111 patrocinium

38 1144 215 1216 npioremus,
241 1146 303 1215 quin
329 1157 428 1213 spero,
453 1139 524 1214 quot
547 1155 564 1196 c
590 1146 682 1194 nostru
705 1153 871 1223 nequequam
887 1140 1065 1210 pustulessone

38 1243 220 1299 ¹ruudnbirnur.
255 1242 408 1297 'Assentinnt
432 1242 546 1296 universi
570 1239 675 1295 bcutum
700 1238 804 1296 Petrum
829 1241 857 1293 in
880 1242 923 1294 sut
939 1241 1063 1296 auxilium

38 1343 134 1398 teretis
153 1343 274 1414 precibus
292 1343 454 1396 uincentes.
486 1338 545 1395 iliis
563 1341 601 1394 sie
619 1338 755 1394 orantibus
774 1354 833 1394 mor
851 1346 964 1396 antenna
981 1343 1065 1410 ncne,

38 1461 56 1498 ιι
73 1457 129 1515 qne
146 1443 231 1498 reinnr
249 1440 420 1512 appenditur,
435 1439 521 1495 cereis
539 1441 657 1494 nonensis
672 1439 827 1510 tots-piens
841 1441 1010 1510 conspicitur,
1028 1442 1067 1495 its

38 1542 101 1616 prod
125 1543 210 1598 omnis
232 1540 381 1596 obscuritas
406 1543 522 1610 ipsorum
547 1553 681 1594 cereorum
704 1536 818 1593 nireirtii
837 1538 942 1611 fulgore
960 1539 1068 1612 fugetur

38 1657 136 1714 rcnqne
159 1641 208 1696 iiic
230 1646 283 1696 tem
305 1639 455 1712 caliginose
480 1641 508 1694 in
523 1638 593 1694 diem
612 1638 782 1693 eicrissimcnr
801 1644 980 1694 commutetur.
1013 1637 1066 1695 lie·

38 1741 175 1814 spicientes
193 1739 314 1796 viderunt
331 1739 461 1811 quendem
478 1737 645 1794 seminabitu
665 1736 772 1792 fratrum
792 1737 1003 1808 praedicatorum
1022 1755 1067 1794 su-

38 1857 78 1897 rer
95 1841 184 1897 retu·
202 1845 329 1904 stentem,
354 1837 387 1893 dc
403 1853 456 1910 que
473 1837 538 1894 nulii
556 1837 661 1891 dubium
678 1837 742 1904 init,
768 1839 830 1908 quin
854 1831 948 1893 beatus
972 1815 1067 1894 Petrus¹

38 1941 173 1996 emtiterit
192 1937 255 1994 (inm
274 1954 339 2011 crgo
351 1937 480 2008 procuret!
497 1943 594 1994 nautae
609 1936 718 1993 Jonuern
733 1935 875 1991 incolumes
888 1936 1067 2007 circuissent,

38 2040 66 2095 ni
92 2039 197 2094 domurn
222 2037 331 2094 tretrum
354 2035 564 2108 praedicatorum
581 2042 709 2093 renonent
733 2042 760 2092 et
776 2035 832 2091 Deo
848 2041 877 2092 ct
893 2036 972 2093 boetio
987 2036 1068 2094 Petro

38 2142 135 2214 gentius
160 2136 304 2192 reserentes
330 2135 428 2192 eisdem
446 2134 572 2190 frutribus
596 2137 679 2190 totins
695 2135 815 2190 miraculi
830 2137 924 2192 seriem
940 2151 1068 2194 numere·

38 2245 102 2294 nent.
121 2266 155 2278 -
170 2265 205 2278 -
221 2263 256 2276 -
279 2240 319 2295 t).
339 2234 436 2292 Mulier
452 2234 581 2307 quaedem
597 2236 625 2289 tn
641 2233 766 2290 Flendrie
783 2251 839 2290 eum
854 2236 910 2307 jem
927 2239 982 2292 tres
999 2236 1069 2291 titios

38 2344 150 2394 nomnen
167 2337 316 2408 peperisset
331 2341 359 2391 et
375 2350 408 2391 cn
425 2337 475 2390 trec
494 2349 512 2389 e
529 2337 586 2390 viro
605 2332 668 2390 odiu
691 2331 852 2402 haberetur,
878 2336 984 2407 rogarit
1005 2349 1068 2390 sen-

38 2444 102 2492 ,ιιιιι
118 2434 237 2502 Petrum,
262 2434 360 2490 nisibi
378 2435 404 2489 in
421 2435 545 2489 cuutiium
563 2433 646 2490 tieret.
681 2435 744 2491 tium
771 2449 835 2507 ergo
854 2440 972 2507 quartum
989 2432 1069 2489 filium

38 2539 198 2608 peperisset,
222 2535 344 2592 similiter
366 2539 482 2590 mortuns
506 2539 547 2590 est
572 2539 707 2605 repertus.
737 2533 818 2598 Quem
838 2540 922 2591 meter
938 2534 1070 2604 occipiens

38 2637 67 2692 ui
83 2633 230 2708 regendum
245 2642 362 2690 sunctum
371 2632 476 2690 Petrum
491 2640 573 2689 totum
592 2649 622 2689 se
637 2635 755 2700 eontulit,
774 2649 841 2700 enm,
858 2631 980 2689 utilium
994 2649 1069 2688 suurn

38 2738 192 2794 reviviscere
210 2733 325 2802 fuceret,
352 2734 475 2805 precibus
493 2733 597 2789 devotis
615 2747 735 2788 exorsus.
771 2733 833 2789 cum
852 2734 935 2806 igitur
950 2732 985 2788 ed
1002 2733 1071 2805 hop-
1110 2731 1112 2735 ’

38 2841 136 2894 usurum
153 2839 274 2904 portetur
292 2832 402 2900 fuisset,
426 2837 452 2888 et
468 2839 497 2887 ut
513 2831 646 2888 iohannes
664 2839 819 2900 noceretur,
838 2831 969 2889 definitum
987 2841 1070 2900 esset,

38 2934 170 3000 merone,
188 2948 244 2988 cnm
262 2933 320 3004 eius
337 2949 431 2988 nemen
447 2933 535 2987 dicere
553 2930 651 2998 debuit
667 2934 790 2987 nesciens
804 2931 871 2986 dixit
880 2930 983 3000 Petrus,
1000 2932 1071 2988 nudo

38 3035 100 3092 illuri
118 3049 214 3090 nomen
230 3031 394 3104 postmodum
410 3047 442 3088 ex
457 3030 597 3086 devotione
611 3033 697 3086 suncti
709 3029 781 3087 Petri
794 3045 899 3102 semper
911 3034 1026 3088 retinuit
1036 3063 1070 3075 -

38 3167 67 3177 -
85 3165 120 3177 -
143 3139 205 3194 w.
219 3133 249 3188 in
266 3133 403 3202 provincis
422 3131 570 3186 Teutonico
589 3129 658 3201 apud
677 3129 830 3201 Trejectum
847 3129 970 3187 mulieres
988 3147 1070 3203 quse-

38 3235 94 3290 iem
113 3232 233 3289 ridentes
250 3232 285 3286 eu
302 3231 439 3287 ecclesium
458 3231 565 3286 irstrun
583 3229 794 3302 praedicatorum
818 3231 845 3284 in
868 3228 970 3286 honere
987 3234 1077 3287 suncti

38 3335 107 3390 Petri
121 3333 236 3388 murtiris
255 3347 375 3403 magnum
393 3345 546 3386 concursum
565 3329 622 3386 ieri
637 3330 802 3402 populorum,
822 3329 884 3385 dnm
898 3330 951 3400 ipsi
968 3331 995 3385 in
1012 3331 1070 3403 pia-

38 3433 270 3489 teu‘ccnrietercnt
287 3435 314 3487 et
331 3429 441 3498 iterent,
460 3429 625 3485 adeuntibus
643 3432 681 3484 ete
698 3429 836 3486 dicebant:
854 3445 915 3486 eece
932 3432 979 3485 isti
991 3447 1070 3502 prue-

38 3533 167 3588 iicutores
185 3547 285 3588 currem
305 3529 406 3585 modum
424 3528 544 3586 lucrandi
561 3535 697 3596 nonerunt,
722 3545 781 3585 num
795 3537 825 3586 nt
836 3543 956 3603 magnum
968 3532 1073 3600 possint

38 3633 170 3704 pecuniam
187 3631 320 3686 enmutmc
338 3638 365 3684 et
381 3629 438 3686 tutu
456 3627 596 3685 aedificare
606 3627 715 3698 pniatic,
734 3643 811 3683 unum
830 3644 926 3684 nurum
938 3609 1070 3684 merti'renr

38 3735 196 3786 inuenerunt.
230 3728 295 3784 Itum
316 3729 386 3785 iunco
410 3735 437 3786 et
463 3728 560 3783 ciniis
583 3728 713 3792 dicerent,
742 3743 804 3783 ecoe
828 3728 916 3782 subite
940 3728 1011 3783 flium
1027 3734 1070 3783 tc-

38 3837 88 3886 ιιιιιι
105 3832 235 3903 nemine
251 3836 401 3884 cruentatur
418 3834 446 3884 et
462 3828 549 3900 digiti,
568 3827 663 3899 quihus
676 3825 745 3880 iilum
756 3825 922 3898 torquebunt,
940 3829 1070 3900 sumine
1117 3847 1118 3850 ¹

38 3921 95 3985 mon
113 3929 268 4000 replentur..
292 3928 367 3992 Quod
385 3927 424 3982 itti
441 3926 559 3982 ridentes
586 3931 613 3980 et
634 3925 793 3980 admirantes
810 3924 910 3998 digitus
928 3925 1071 3998 diiigenter

38 4033 188 4102 extergent,
204 4043 237 4084 ue
253 4026 323 4082 forte
338 4029 365 4081 iu
380 4029 415 4083 iis
433 4019 575 4082 occidisset
591 4025 682 4096 alique
696 4025 847 4078 inscissura.
881 4024 936 4079 Sed
950 4039 1007 4080 cunr
1026 4025 1066 4080 ct-

38 4129 107 4200 gttus
124 4128 228 4182 ommno
245 4141 324 4184 renus
340 4127 525 4198 conspicerent
543 4131 569 4180 ct
592 4121 662 4179 titum
685 4123 726 4177 uic
747 4122 975 4196 sanguinolentum
994 4124 1069 4182 rido-

38 4231 106 4293 rent,
121 4232 265 4283 trementer
284 4240 316 4281 co
332 4229 499 4297 poenitentes
517 4223 604 4280 dicero
622 4229 777 4294 coeperunt:
796 4237 867 4290 rere,
886 4225 948 4295 quie
958 4225 1068 4293 pretiosi

38 4327 149 4381 martiris
170 4327 294 4398 sangnini
315 4325 492 4392 detraximus,
517 4323 593 4379 nobis
619 4322 670 4379 hoe
687 4323 824 4394 sangnine
847 4321 997 4378 miraculum
1015 4329 1069 4377 tnnr

38 4423 187 4496 rtupendnm
206 4427 301 4483 euenit
335 4424 476 4482 Currentcs
495 4422 625 4498 igiturest
643 4421 864 4481 domuerintrum
883 4423 965 4494 priori
982 4422 1070 4478 omniu
