2798 5302
231 511 305 589 Cap.
334 509 382 569 tlt.
431 509 478 569 De
499 520 596 570 sancto
624 509 738 570 'l'home
760 514 960 574 cantuariensi.
1070 516 1111 578 67

72 671 209 743 dyaconus
228 669 323 725 lectum
375 669 416 726 hd
435 681 528 740 preces
546 671 633 724 tanen
649 670 735 741 ipelue
753 673 872 744 episcopi
888 675 961 746 regie
979 675 1108 732 concello

71 773 138 826 mere
161 773 295 842 suscepit,
317 775 358 823 ut
377 767 532 840 prudentia,
562 782 615 841 qua
633 775 690 824 erat
707 769 860 840 praeditus,
890 771 1062 845 malignorum
1082 777 1109 829 ln

71 869 210 926 ecelesiam
228 867 381 941 prohiberet
397 869 525 935 insultus,
556 884 632 940 quern
650 867 718 924 odeo
736 885 783 924 reu
799 868 906 938 dilexit,
938 877 966 925 ot
984 878 1044 942 pust
1061 873 1108 930 le-

70 985 173 1025 eeeeum
192 968 385 1041 erehleplecopi
403 984 461 1022 eun
479 971 505 1022 in
523 967 699 1023 cathedralem
712 966 836 1024 honorem
853 974 1033 1039 procuraverit
1045 971 1107 1027 suh-

70 1070 167 1126 limsri.
186 1069 235 1134 Qui
251 1068 315 1126 licet
332 1070 468 1140 plurimum
486 1072 631 1134 metatoret,
652 1066 756 1124 undem
772 1065 831 1136 (ad)
849 1067 1014 1125 obedientiae
1032 1085 1110 1142 prae-

70 1175 176 1240 ceptum
193 1166 314 1226 humeros
331 1169 471 1241 supposuit
489 1167 522 1222 ed
541 1165 706 1238 pommern.
757 1166 852 1223 Subito
874 1175 961 1224 euleu
980 1171 1006 1224 in
1026 1173 1108 1226 rlrun

72 1267 217 1340 porterum
240 1267 350 1322 alterum
375 1273 537 1338 permoratur
553 1272 579 1322 el
595 1281 659 1322 cero
675 1268 734 1339 ejua
751 1265 837 1322 cilicio
856 1273 883 1324 et
894 1268 1004 1340 jejuniis
1023 1285 1107 1327 mace-

72 1374 157 1423 ratur.
193 1367 251 1422 Non
268 1366 351 1422 solum
370 1369 438 1421 enim
450 1365 561 1420 cilicium
580 1379 628 1438 pre
646 1365 910 1432 condeladelerebet,
929 1368 976 1422 sed
987 1375 1013 1425 et
1027 1370 1108 1426 lemo-

71 1469 142 1523 ralls
150 1467 255 1522 cilicina
273 1481 355 1538 usque
367 1465 401 1520 ad
410 1466 533 1536 poplitem
543 1465 691 1538 bajulabet,
711 1469 875 1522 sanctitatem
889 1474 973 1523 autern
985 1483 1058 1523 suum
1069 1473 1109 1524 lta

71 1566 207 1622 subtiliter
225 1565 383 1632 occultabst,
402 1570 429 1620 et
448 1565 523 1620 selru
541 1580 646 1637 sempor
664 1565 811 1622 honestatis
828 1569 927 1640 rigore,
946 1565 994 1622 enh
1012 1568 1107 1625 decen·

70 1669 112 1721 tia
128 1669 239 1722 realium
257 1672 284 1721 et
308 1671 438 1737 apparatu
454 1664 602 1721 ulonslllnm
621 1665 793 1721 concordaret
809 1679 865 1721 cum
883 1665 998 1722 moribus
1016 1670 1106 1742 einge-

70 1766 165 1822 lorum.
207 1764 343 1822 Tredeeinr
360 1778 503 1835 pauperum
520 1763 601 1836 pedes
620 1765 737 1837 quotidie
754 1767 870 1821 curratis
886 1765 998 1838 genibus
1015 1767 1107 1822 oblue-

69 1866 120 1920 bat
137 1872 164 1922 et
182 1865 294 1922 reiectos
318 1865 388 1917 ditiis
411 1862 518 1920 cuilibet
533 1863 569 1921 IV
591 1864 725 1937 argentela
741 1864 898 1921 remittebat.
949 1862 1004 1920 llex
1020 1873 1105 1922 auteur

70 1966 107 2020 ad
127 1967 286 2020 uoluntatem
303 1979 376 2018 asem
394 1965 420 2017 ln
437 1962 618 2019 detrimentum
634 1962 763 2019 ecolesimo
776 1965 860 2036 ipsum
879 1963 984 2020 hectore
1002 1965 1102 2021 niteba-

69 2070 124 2132 tur,
143 2065 235 2120 iulans
251 2071 280 2121 ut
296 2061 507 2130 corrumpimur,
525 2077 592 2135 quas
608 2068 701 2117 contre
718 2062 865 2118 libertatem
882 2063 1010 2120 ecclesiae
1028 2082 1105 2137 prae-

70 2163 229 2220 decessores
245 2165 286 2220 enl
304 2161 460 2229 hehucrant,
479 2161 513 2217 nh
531 2160 622 2219 eodem
640 2161 761 2218 aimllller
777 2163 948 2218 hrnarentur.
983 2163 1033 2228 lint
1046 2166 1106 2221 deu

70 2267 177 2319 omnino
195 2262 437 2327 monumentor,
474 2267 567 2318 contra
585 2277 615 2318 ee
631 2265 698 2317 lrarn
715 2265 789 2335 regia
806 2267 833 2318 et
849 2265 993 2334 principum
1008 2279 1107 2336 proro-

69 2367 150 2421 rarit.
187 2364 304 2430 Quudam
320 2369 406 2417 eutem
432 2363 488 2417 vico
511 2365 551 2416 elo
570 2367 627 2435 ipse
643 2378 700 2418 cnm
718 2361 779 2417 eliis
797 2364 929 2435 episcopis
947 2377 963 2418 s
979 2380 1044 2437 rege
1061 2379 1105 2419 ar-

70 2471 160 2530 tatus,
189 2469 220 2517 ut
235 2465 313 2519 etlam
331 2463 382 2517 eibi
399 2462 489 2516 mortis
506 2466 661 2519 seutentiam
678 2465 834 2529 minaretur,
865 2478 1016 2536 memorum
1034 2468 1106 2520 viro-

70 2579 127 2618 rum
153 2563 278 2635 deceptus
303 2561 420 2617 consillia
451 2561 608 2618 verbotenus
634 2576 769 2617 mrerrsum
794 2560 916 2632 praebuit
938 2571 999 2618 roto
1022 2568 1104 2638 regie.

71 2663 168 2720 Verum
189 2679 222 2720 ex
239 2661 289 2718 hoc
308 2662 399 2717 ridens
417 2661 560 2716 animarum
578 2661 721 2734 pericnlum
733 2662 876 2730 imminere,
895 2677 924 2718 ee
936 2663 1019 2734 ipsum
1031 2671 1105 2734 poet-

70 2763 175 2818 arodun
197 2765 223 2817 in
249 2762 435 2834 poenitentiam
459 2763 569 2840 grauius
583 2762 719 2818 ¹cruciarit
743 2767 770 2815 et
794 2759 828 2816 ah
852 2761 945 2817 elterls
969 2761 1056 2816 oliicio
1075 2779 1104 2821 ee

69 2864 225 2934 suspendit,
261 2876 397 2934 quousque
419 2875 553 2915 acumem
577 2861 700 2940 pontilice
722 2862 825 2915 restitui
850 2865 999 2916 mercretur.
1052 2862 1104 2920 lle-

69 2965 153 3035 qulrit
169 2961 283 3034 denique
301 2975 365 3028 reu,
383 2968 412 3017 ut
430 2961 500 3034 qnod
517 2960 599 3017 verbo
615 2959 736 3028 dixerut,
755 2963 854 3031 scripto
873 2959 1045 3028 combureret,
1061 2968 1103 3019 cni

69 3063 183 3119 viriliter
200 3061 360 3118 contradixit
377 3066 404 3116 el
420 3076 438 3116 e
454 3063 528 3116 eurla
545 3067 658 3117 erectam
675 3058 727 3116 sibi
745 3059 868 3132 bajulare
884 3076 985 3116 crucem
1003 3062 1101 3119 dieces-

68 3165 116 3229 eit,
134 3159 340 3218 exclamantibus
358 3161 444 3232 impiis
461 3168 553 3216 contre
568 3175 641 3216 eun:
657 3164 744 3233 eapite
761 3159 853 3228 iurem,
870 3161 1022 3232 euspendite
1041 3181 1102 3235 pro-

67 3261 190 3317 ditorem,
235 3259 268 3316 lit
286 3275 346 3316 ecce
364 3260 415 3315 cleo
429 3262 520 3333 magni
544 3275 667 3332 proceres
692 3268 719 3316 et
741 3257 833 3315 lidelee
850 3258 885 3313 ed
904 3275 960 3316 eum
978 3260 1044 3318 lueis
1062 3265 1099 3318 la·

68 3363 165 3432 cunule
190 3359 324 3416 uesle‘ntee
347 3359 396 3415 enb
417 3361 567 3431 juramento
589 3365 728 3426 asserunt,
765 3357 835 3431 qnod
859 3361 886 3412 ln
911 3362 968 3431 ejue
994 3369 1101 3419 nortem

68 3460 145 3514 multi
162 3475 286 3532 proceret
303 3462 514 3532 conjurerernnt
549 3459 695 3532 dirigitur
711 3457 760 3514 llel
777 3457 905 3516 eccleciae
924 3463 1009 3533 nagia
1025 3478 1102 3532 quam

69 3560 123 3616 sibl
140 3567 257 3616 metuere
280 3559 370 3633 lugam
394 3559 451 3614 lnilt
474 3566 500 3615 et
518 3558 630 3616 Senoula
654 3571 671 3612 e
695 3571 766 3630 pepe
788 3557 940 3613 hleuendro
964 3569 1101 3634 susceptus

71 3667 99 3716 et
116 3661 144 3714 ie
164 3661 325 3716 monestede
348 3657 541 3716 Pontiniacenel
565 3655 759 3713 commendetue
783 3657 946 3727 postmodun
971 3662 997 3715 lu
1019 3659 1102 3718 Fren-

68 3763 139 3816 eiam
154 3775 238 3831 saque
254 3757 367 3815 derunt
401 3757 457 3814 hex
475 3774 538 3813 vero
557 3757 615 3812 dum
635 3756 742 3813 homan
759 3760 889 3825 misisset,
909 3765 937 3812 nt
953 3759 1036 3833 legstl
1054 3777 1101 3818 re-

67 3863 166 3926 nirent,
184 3861 228 3932 qui
246 3857 296 3914 boe
315 3860 447 3931 negotium
466 3855 618 3925 dlllinirent,
635 3859 740 3912 omnino
758 3858 889 3928 repulaem
907 3862 1007 3929 patitur
1022 3866 1049 3916 et
1065 3859 1099 3917 oh

68 3961 120 4016 beu
137 3963 164 4017 le
180 3961 245 4014 irem
261 3964 353 4014 contre
369 3956 593 4028 archiepiscopum
609 3956 721 4027 emplius
736 3957 888 4012 concitator.
923 3955 995 4014 Unde
1014 3962 1101 4016 omniu

67 4060 228 4132 «praeerant
246 4055 438 4130 archiepiscopi
455 4064 481 4113 et
498 4071 619 4123 suornm,
651 4055 760 4126 dlrlpull
783 4062 809 4111 et
827 4060 908 4110 totam
927 4057 984 4126 ejus
1002 4072 1100 4130 prege-

34 4211 38 4218 .
65 4161 136 4216 ulem
152 4157 250 4214 exsilio
263 4156 458 4224 condemnent,
475 4169 639 4228 nequaquan
657 4153 778 4211 delercne
796 4145 936 4210 corid'illonl
954 4157 995 4212 rel
1013 4160 1098 4215 serni.

65 4257 153 4316 ordini
172 4257 213 4312 rel
230 4257 321 4313 aelati.
353 4255 414 4328 lpse
433 4262 518 4312 sutem
537 4269 585 4325 pro
604 4267 677 4326 rege,
696 4259 723 4309 et
742 4270 793 4324 pro
806 4269 890 4327 regno
907 4256 1097 4328 Angllaerpm-

63 4355 130 4414 tidie
146 4355 285 4414 uenias
312 4353 453 4412 Revelatur
471 4359 557 4410 auten
574 4351 784 4424 archiepiscopo,
802 4351 872 4425 qaod
893 4354 926 4410 ad
944 4369 1017 4408 suan
1026 4361 1099 4409 esset

62 4457 202 4513 ewulm
225 4455 356 4512 rediturus
379 4459 407 4510 et
424 4453 458 4509 ad
477 4451 606 4509 Christum
624 4467 680 4508 cern
697 4451 785 4523 palme
803 4455 911 4508 martirii
929 4455 1097 4526 migraturus.

851 4549 889 4604 5-
