2828 5302
320 459 382 524 liti
573 459 644 538 Cap.
665 455 770 516 xxxi.
817 457 863 517 De
883 443 1110 536 septuagesima.

321 617 517 696 reprimationis,
538 615 608 688 quod
626 622 728 687 tempus
747 619 932 687 repraesentat
949 613 1062 670 ecelesia
1078 627 1096 668 u
1110 615 1251 669 nativitate
1263 612 1358 670 Christi

320 733 403 791 usqne
421 715 456 770 ad
475 717 714 789 septuagesimam,
751 717 870 786 sequitur
891 712 981 769 uiliore
999 713 1032 768 de
1050 710 1256 780 festivitatibus,
1292 724 1358 784 quae

319 819 443 875 eueniant
461 813 532 869 inira
551 821 652 886 tenipus
671 813 840 880 deviationis,
856 812 925 885 quoii
945 815 1041 884 inrepit
1059 811 1094 867 ab
1111 811 1195 868 idon
1213 818 1239 868 ei
1255 810 1360 868 durarit

319 911 405 989 usqne
420 913 453 970 ael
465 913 585 986 Moysen,
604 913 673 986 quari
694 919 796 985 ternpus
817 911 1359 985 repraesentateoolouiasoeptrrsgesino

318 1030 402 1089 seuque
419 1013 454 1070 ari
472 1013 580 1086 paseha.

733 1255 946 1272 Μ

709 1497 803 1594 titi.
853 1496 967 1594 llll.

595 1651 671 1721 lle
700 1648 1074 1739 septuagesimo.

367 1817 569 1889 Septuogeoiora
580 1817 669 1889 signat
681 1822 782 1888 tempus
794 1814 961 1882 deviationis,
974 1815 1142 1886 sexagesima
1150 1821 1252 1887 tempus
1262 1811 1357 1872 eidne-

317 1918 409 1984 tloniu,
425 1917 644 1988 quinquagesima
654 1920 758 1986 tompus
773 1915 945 1980 remissionis,
965 1913 1279 1987 quodragostnemnprr
1288 1931 1355 1986 poe-

318 2014 609 2084 nitentiaespiritaaiis.
627 2013 768 2074 lnclroaiur
781 2015 1071 2085 autonsrptrageeino
1082 2012 1245 2082 ariominiea,
1264 2016 1354 2087 inqua

315 2119 451 2171 oaotatm:
468 2113 759 2182 circumdederamus,
778 2120 805 2170 ut
821 2114 976 2180 terminatur
991 2115 1018 2168 in
1037 2112 1150 2168 sabbato
1167 2119 1230 2182 pout
1241 2113 1352 2184 paseha.

315 2213 438 2270 instituta
456 2219 498 2269 eat
513 2219 599 2268 ιιιιιιιιι
618 2215 815 2286 septuagesima
831 2216 939 2283 propter
955 2217 1011 2267 tres
1028 2215 1144 2270 ratiormu
1173 2215 1261 2281 (siout
1276 2215 1352 2269 inre·

315 2316 386 2368 nitur
402 2314 429 2368 in
443 2311 549 2368 Summa
566 2311 599 2367 rie
618 2311 705 2366 oiiicio
723 2313 844 2384 magistri
866 2309 994 2370 iohannis
1012 2309 1135 2383 Belotlr),
1170 2313 1272 2370 scilieet
1287 2329 1352 2384 pro·

314 2420 375 2486 pter
392 2412 586 2478 redemtionem,
605 2414 727 2483 quonlam
744 2413 828 2467 saneti
844 2416 935 2483 patres
953 2415 1116 2478 statuerunt,
1132 2417 1160 2466 ut
1177 2418 1287 2483 propter
1303 2427 1351 2468 re·

312 2514 474 2568 serationem
491 2509 545 2567 diei
561 2512 740 2578 morosioris,
774 2512 802 2565 in
819 2524 873 2582 qua
889 2515 983 2566 notura
999 2517 1091 2566 nostra
1108 2511 1197 2569 coelos
1213 2510 1352 2568 sescentis

313 2617 340 2667 ei
357 2625 439 2682 supro
454 2609 550 2666 choros
569 2610 722 2682 augelorum
740 2609 881 2665 sublimatu
900 2613 958 2674 esi,
994 2624 1098 2680 semper
1119 2613 1180 2681 ipsa
1198 2613 1288 2680 quinta
1305 2609 1350 2665 elie

313 2711 447 2767 solennis
466 2715 494 2766 et
510 2708 622 2766 oelelrris
639 2707 783 2766 haberetur
800 2714 827 2766 et
843 2711 869 2766 in
887 2724 919 2766 ea
933 2711 1063 2782 jejunium
1079 2725 1132 2766 nou
1150 2709 1349 2776 observaretur,

314 2812 377 2882 quin
392 2811 419 2864 Ιιι
438 2809 570 2880 primitius
588 2807 800 2882 eoelesiaaeque
822 2807 956 2863 sollemnis
973 2815 1047 2876 erat,
1084 2811 1153 2865 siout
1168 2809 1253 2879 prima
1269 2807 1349 2876 ieris,

312 2906 382 2963 uuile
398 2914 427 2962 et
442 2912 503 2963 tuno
518 2907 654 2962 sollemnis
672 2908 808 2977 processio
824 2904 904 2962 labet
920 2907 954 2961 od
972 2907 1221 2979 repraesentandum
1238 2922 1347 2978 prooes-

313 3007 413 3062 sionem
430 3005 616 3078 dissipalarum
637 3007 678 3062 rel
695 3008 812 3078 ipsorum
829 3007 994 3080 angolorum.
1025 3007 1088 3066 ideo
1109 3010 1136 3063 iu
1155 3008 1266 3080 uulgare
1283 3023 1347 3078 pro-

312 3104 428 3161 uerbium
446 3120 549 3161 versun
566 3110 624 3173 eut,
658 3110 687 3159 at
703 3103 754 3161 diei
773 3104 917 3161 dominioae
936 3105 1038 3163 dionius
1053 3113 1167 3178 cognate
1184 3107 1242 3162 elles
1260 3106 1348 3174 loris,

313 3207 375 3276 quia
389 3205 533 3275 antiquitus
553 3203 870 3276 intemperantissime,
899 3205 948 3262 soil
967 3205 1037 3262 leste
1053 3211 1201 3262 sanctorum
1220 3221 1347 3277 superue-

312 3309 405 3359 nerunt
422 3309 449 3358 ei
468 3297 662 3360 celebraretur
680 3303 825 3360 lostuorat
846 3321 1002 3374 onerosum,
1037 3305 1099 3362 ideo
1122 3305 1275 3363 solemnitas
1297 3300 1347 3359 illa

309 3405 432 3458 uersauit.
482 3399 513 3457 ln
529 3403 714 3460 redentionem
736 3419 802 3475 ergo
820 3403 924 3460 illorum
942 3404 1041 3464 dierum
1057 3407 1142 3462 senoil
1159 3411 1250 3476 patres
1267 3419 1346 3460 onam

184 3557 187 3564 ,
310 3504 481 3572 septimanam
501 3502 642 3558 christiin
659 3500 821 3560 obstineutie
838 3503 994 3562 addiderunt
1010 3513 1038 3562 et
1055 3505 1277 3577 sepiuugesinam
1295 3519 1342 3560 uu·

309 3606 444 3656 caverunt.
478 3600 540 3657 Aila
557 3607 598 3658 est
614 3608 725 3673 propter
740 3605 972 3674 significationem,
1009 3606 1130 3677 quoniam
1147 3619 1196 3675 per
1212 3602 1263 3658 lroo
1276 3611 1343 3659 tonn-

309 3715 359 3770 pus
375 3699 538 3772 significatur
552 3700 685 3768 deviatio,
708 3703 827 3758 exsilium
844 3709 872 3760 et
887 3702 1023 3758 tribulatio
1038 3705 1120 3758 totius
1136 3701 1243 3757 humani
1260 3718 1345 3775 geno-

308 3797 399 3853 risela
419 3797 503 3853 Adanu
526 3814 609 3870 usque
633 3800 666 3855 ad
691 3801 766 3856 finem
789 3801 885 3858 nundi.
937 3803 1013 3867 Quod
1032 3801 1136 3873 quidem
1153 3801 1274 3856 exsilium
1292 3802 1344 3857 suia

305 3895 470 3952 revolutione
490 3903 589 3969 septem
608 3899 706 3956 dierum
724 3904 861 3974 peragitur
879 3907 905 3958 et
924 3899 974 3960 sub
991 3901 1154 3956 revolutione
1170 3907 1270 3972 septem
1283 3901 1343 3957 rnil-

303 3991 366 4062 itan
391 4009 517 4051 annorum
542 3997 698 4054 includitur:
733 4016 781 4070 per
804 4002 975 4074 septuaginta
999 4003 1067 4058 euim
1089 3997 1147 4056 elles
1170 4003 1344 4074 septuaginta

301 4098 427 4147 eenteuaa
453 4108 578 4150 ιιιιιοιιιιιι
602 4098 780 4172 intelligimus.
833 4099 875 4156 Ab
901 4101 976 4156 loitio
996 4105 1082 4156 eutem
1100 4098 1341 4171 nuntiassent

302 4188 503 4248 adscensionem
529 4211 576 4250 serr
598 4197 680 4252 miliia
705 4215 829 4255 annorum
854 4207 1033 4272 computamus
1057 4206 1084 4255 ei
1100 4205 1162 4254 tunc
1181 4215 1244 4254 aero
1263 4201 1342 4272 apulei-

300 4287 364 4358 quii
384 4295 508 4364 temporis
525 4297 658 4367 sequitur,
676 4314 759 4370 usquo
778 4298 812 4354 sd
829 4299 904 4355 inem
921 4299 1008 4354 mundi
1025 4299 1075 4356 aula
1091 4301 1203 4370 septimo
1220 4300 1340 4356 millena-

300 4387 341 4442 rio
360 4391 616 4463 conprehendimus,
643 4399 718 4468 eujus
736 4401 871 4455 terminum
890 4399 964 4455 solae
981 4396 1052 4457 Deus
1070 4402 1151 4458 nouit
1184 4395 1240 4456 Nos
1257 4400 1341 4474 igitar
