2866 5310
316 511 389 591 Cap.
413 511 528 572 CLXX.
570 511 615 572 De
637 521 735 572 sancto
759 513 915 573 Clemente.
1073 509 1133 574 tat

98 671 209 744 eteotrn
232 670 351 739 rideret,
375 671 425 729 sori
446 688 504 729 nnn
526 673 552 726 ta
574 687 608 729 en
625 687 688 744 apes
706 676 790 730 onnia
807 671 948 741 deiceret,
971 671 1004 728 ari
1032 674 1134 730 iennn

100 769 179 827 rediit
197 777 224 828 et
240 775 320 827 toton
339 771 410 828 itinn
429 789 522 830 annon
541 774 568 828 tn
585 773 649 830 tieto
665 780 692 830 et
709 789 830 830 moerore
846 773 928 828 inxit
963 773 1028 830 Post
1039 789 1134 831 nonna

99 873 183 943 igitar
199 879 291 943 aperto
311 873 376 927 nori
395 887 485 930 onnes
503 875 650 945 anticipans
668 873 701 931 nd
720 873 805 929 ioenrn
824 875 929 930 coortis
944 875 1031 942 renti,
1056 873 1080 931 si
1100 874 1133 930 tie
1228 913 1230 918 -

99 971 153 1027 iiio
177 972 246 1030 torte
270 972 377 1046 attqnod
403 975 542 1046 vestigium
565 975 682 1031 invenire
706 981 805 1045 posset.
842 975 904 1030 Corn
929 990 994 1047 orgo
1013 981 1074 1030 note
1091 980 1134 1032 to·

99 1070 193 1128 noirro
219 1073 302 1128 saneti
328 1073 470 1130 etonentie
495 1089 525 1130 so
549 1074 575 1128 in
600 1076 746 1130 orationem
770 1071 904 1142 desiisset,
928 1090 1041 1148 anrgena
1066 1075 1136 1144 stitit

100 1171 224 1230 inianten
253 1174 280 1230 tn
308 1171 383 1240 ioco,
411 1172 456 1228 nbi
486 1189 544 1229 onn
575 1173 719 1248 reliquerat
756 1175 936 1234 dormientem.
985 1175 1135 1234 heatinana

99 1281 186 1330 arten
215 1289 273 1330 eon
305 1289 367 1330 esso
395 1271 560 1340 deinnotorn,
588 1276 702 1330 accersit
730 1276 854 1346 propios,
885 1278 962 1350 qnasi
990 1274 1136 1332 eoiieetnra

99 1389 195 1445 corpus
215 1374 349 1440 erantne,
372 1370 419 1429 seii
442 1387 499 1428 onor
522 1389 579 1429 eon
598 1373 767 1431 dormientem
786 1379 971 1447 cognovisset,
996 1376 1135 1431 exeitatnnr

102 1453 230 1531 reiooiter
247 1469 427 1545 spectantibus
446 1473 550 1544 popnits
570 1475 722 1531 ineoinnrero
743 1475 768 1530 in
782 1475 850 1532 ninia
863 1473 961 1538 ierarit
977 1482 1013 1544 ei,
1030 1474 1136 1530 obinan

99 1587 148 1652 per
168 1573 239 1630 tiinrn
257 1588 352 1630 annrnn
370 1572 458 1640 inerit,
479 1573 624 1645 requisivit.
660 1572 708 1631 itio
725 1581 810 1631 notent
828 1591 858 1632 se
872 1577 975 1633 rrosnire
991 1574 1137 1648 respondit,

99 1675 123 1730 ai
143 1688 227 1731 annno
252 1676 358 1747 integer
381 1675 568 1745 praeterierat,
594 1674 642 1730 sert
667 1681 765 1732 tanton
788 1678 864 1732 nnius
889 1679 974 1733 noetis
997 1678 1085 1748 spatio
1107 1691 1137 1733 aa

98 1777 219 1831 snortter
238 1772 396 1830 dormivisse
413 1771 532 1844 potabat.
568 1774 723 1833 Ambrosios
740 1778 766 1832 to
781 1777 945 1849 prestatione
959 1778 998 1832 sio
1010 1777 1062 1832 nit:
1079 1789 1137 1830 eon

100 1875 282 1948 iniquissimas
304 1881 459 1946 perseeutor
481 1873 586 1929 bratone
612 1871 768 1933 Clementem
792 1879 886 1949 poenis
911 1879 1018 1934 afficere
1036 1891 1053 1931 a
1070 1872 1136 1947 dyn-

99 1973 164 2032 hoio
182 1980 339 2046 cogeretur,
359 1990 409 2030 non
428 1975 453 2028 et
472 1979 625 2030 tornentrrnr
646 1977 749 2044 intulit,
767 1978 814 2033 red
834 1975 1007 2050 triumphum
1021 1979 1138 2049 jactator

101 2091 167 2148 ergo
186 2076 278 2130 martir
298 2075 325 2130 in
351 2073 492 2140 iinotihns,
519 2082 549 2130 nt
570 2083 749 2148 mergeretur,
776 2085 801 2134 et
825 2093 857 2134 ex
885 2077 934 2134 hoe
958 2077 1078 2148 pertenit
1103 2073 1138 2132 ad

100 2177 259 2245 posonium,
277 2174 347 2232 onte
366 2171 461 2229 Petrna
479 2176 608 2247 nagister
627 2177 685 2248 ejos
703 2176 872 2248 pervenitad
893 2176 1004 2236 corion.
1042 2175 1137 2244 ¹)An·

100 2273 193 2332 berun
218 2288 283 2348 ergo
306 2275 333 2329 to
352 2272 474 2330 flnstthnr
493 2270 613 2330 Christos
639 2277 791 2348 npprobana
811 2283 910 2334 nantes
928 2277 1086 2334 Gienontenr
1103 2273 1139 2330 art

100 2374 212 2446 patrnam
231 2372 412 2432 victoriando
431 2372 563 2446 proinotio
582 2382 705 2443 revocat,
725 2375 829 2433 Petrum
848 2378 881 2434 ad
899 2376 1027 2433 coelestin
1043 2389 1137 2448 regno,

100 2476 127 2530 in
150 2473 242 2530 eodeni
271 2474 398 2530 sternento
430 2490 464 2530 na
490 2482 667 2547 mergeretur,
691 2477 789 2536 eierat.
822 2475 914 2534 iieiert
929 2474 987 2532 Leo
1007 2472 1139 2530 ostiensis

102 2577 259 2646 episeopus,
282 2573 354 2648 qood
379 2581 513 2645 tenpore,
538 2592 590 2648 prro
608 2575 722 2634 hiieheei
740 2579 884 2650 inperator
907 2580 1024 2644 ’inorae
1041 2571 1140 2630 lionae

102 2675 215 2746 tegebat
235 2674 386 2746 inpertrn,
411 2673 539 2730 snoerdos
563 2676 668 2748 quiden
692 2679 796 2734 nornine
819 2673 1010 2747 Philosophus,
1034 2675 1080 2746 qni
1103 2671 1138 2728 oin

103 2787 227 2830 sunnon
252 2775 386 2847 ingenitor
409 2787 427 2830 a
450 2777 565 2846 pneritis
590 2776 677 2833 inerat
698 2780 737 2832 rio
761 2783 884 2844 roeatna,
910 2791 966 2832 onor
991 2772 1138 2830 Tereonnnr

102 2875 271 2946 pervenisset
285 2881 313 2931 et
325 2872 358 2930 tie
376 2870 428 2942 his,
447 2888 516 2946 qnae
533 2883 673 2932 narrantur
690 2879 716 2932 tn
731 2875 848 2948 hystoria
864 2875 1014 2940 Clementia,
1032 2871 1137 2928 hahita·

102 2980 176 3030 tores
194 2975 402 3048 interrogasset,
428 2975 491 3047 qnia
507 2974 626 3034 eirenae
645 2980 733 3049 potios
752 2990 828 3050 qoem
846 2973 987 3047 indigenae
1006 2977 1091 3040 erant,
1108 2986 1139 3029 ae

103 3069 206 3130 nescire
231 3073 346 3152 protensi
374 3079 442 3130 enni.
484 3075 618 3147 siqnidem
647 3075 797 3132 intraeuinn
830 3077 923 3130 ronrtni
952 3087 1075 3130 recessus
1102 3071 1137 3129 oh

102 3174 207 3246 enipan
224 3173 423 3231 inhahitanttnrn
438 3175 540 3247 jandin
557 3187 710 3234 consereret
728 3185 756 3234 et
772 3175 806 3231 ob
825 3177 954 3230 inonrsnnr
967 3172 1138 3229 borharornn

104 3280 224 3345 tenpore
242 3273 336 3331 narini
355 3291 477 3332 reeesaua
496 3279 652 3332 venientium
676 3275 797 3348 ternpinnr
822 3275 980 3330 destructum
1002 3274 1089 3329 inerat
1113 3277 1140 3327 et

104 3374 185 3429 aroino
202 3389 258 3430 onro
278 3389 389 3445 corpore
407 3377 514 3430 rnartnts
532 3376 655 3432 incrinus
676 3375 771 3434 olrrnts
788 3380 852 3440 erat,
872 3371 1039 3445 exigentibus
1054 3347 1149 3442 onipta

104 3472 314 3530 inhabitantium.
357 3473 442 3546 Snper
470 3491 522 3546 qno
552 3478 661 3531 nirotus
692 3473 869 3546 Philosophus
899 3479 926 3528 et
955 3471 1082 3527 secedens
1105 3467 1139 3526 th

104 3574 285 3640 eiritaoninnr,
309 3575 412 3630 nonina
430 3572 586 3646 Georginra,
605 3578 670 3633 'cunr
696 3580 823 3648 episcopo
846 3579 872 3628 et
897 3569 969 3627 olere
992 3577 1020 3627 nt
1040 3567 1139 3642 popnio

105 3672 273 3730 annotini
292 3673 468 3746 quaereottnor
488 3689 578 3730 sarrae
599 3675 726 3749 roiiqnios
743 3675 778 3730 ad
796 3671 923 3738 toeniam,
943 3672 968 3726 tn
987 3683 1040 3742 pra
1056 3670 1140 3724 serti-

105 3771 213 3828 rnaioant
230 3787 292 3828 esse
311 3787 407 3844 oorpne
425 3775 551 3834 nartirtr.
586 3776 649 3830 Corn
669 3776 768 3848 hymnis
787 3781 813 3830 et
831 3770 994 3830 orationihus
1009 3767 1140 3823 fodientes

107 3872 199 3932 ritrinn
222 3873 386 3930 renotatione
408 3875 563 3928 invenerunt
585 3889 681 3946 eorpus
708 3884 890 3936 stercorari,
912 3885 968 3926 oon
986 3882 1038 3940 qne
1056 3867 1141 3923 inerat

106 3975 132 4027 in
153 3987 225 4029 mare
243 3974 397 4045 projeetnn,
415 3978 442 4027 et
458 3969 663 4052 deportaverunt
680 3975 835 4033 Tersonnn.
870 3969 971 4028 Deinde
989 3966 1141 4040 praedictos

105 4071 286 4144 Phiiosophns
312 4085 368 4128 enar
394 4087 506 4144 corporo
531 4077 615 4129 naneti
635 4073 775 4131 Cionentis
792 4073 899 4130 itonam
919 4071 989 4126 renit
1010 4073 1038 4124 et
1054 4067 1142 4122 moitis

106 4174 223 4230 ortensis
240 4171 372 4229 nirnooits
393 4173 419 4227 tn
436 4171 564 4242 eeclesia,
588 4190 656 4248 qnae
678 4191 745 4232 nono
771 4174 868 4228 dicitnr
888 4171 974 4228 saneti
992 4167 1142 4236 Clementis,

107 4270 252 4330 honorifico
275 4287 372 4344 eorpus
396 4271 551 4329 onitooatnn
570 4273 627 4332 toti.
662 4275 691 4330 io
718 4272 830 4349 quatiens
856 4271 980 4328 ohroniea
996 4274 1083 4325 anien
1100 4267 1141 4342 ie·

158 4423 236 4504 qm
248 4431 283 4473 t’r.
297 4423 357 4470 rosio
368 4425 544 4470 Amirroriur
557 4423 608 4469 iooo
622 4424 771 4470 sonbernon
785 4421 858 4468 onon.
932 4422 956 4473 2)
969 4413 1009 4463 tri.
1021 4421 1057 4463 Pr.
1069 4413 1142 4461 maier

108 4505 238 4546 sonnino,

878 4569 936 4626 w*
