2842 5286
241 483 314 563 Cep.
336 482 409 544 etv,
453 483 498 542 De
521 477 729 542 resurreetione
752 479 871 543 domini.
1012 479 1073 544 289

29 641 149 696 miritis
166 643 295 712 proemio,
313 648 341 696 ut
358 643 426 698 siout
444 655 534 696 omnes
549 642 634 712 ipsum
652 642 832 696 rusurrexisse
848 639 1072 718 fideieeoeognos·

28 747 138 807 cenni,
161 741 200 794 itu
218 743 245 795 in
264 757 293 796 se
313 743 379 812 ipsis
402 743 430 796 iu
449 739 500 796 ine
517 737 604 795 mundi
624 740 742 810 praemis
758 742 960 798 resurrectionis
980 755 1072 813 speru-

29 844 97 894 rout
135 837 222 894 idem:
239 855 292 894 non
309 839 369 910 pius
392 855 470 912 quum
487 839 634 896 tritiuensur
658 853 718 896 esse
736 844 845 895 merten
865 840 962 908 uetuit,
981 857 1029 907 ne,
1049 844 1073 896 si

29 940 58 992 in
77 939 127 994 iiio
152 941 310 994 resurreetio
328 939 494 1007 differretur,
516 941 544 994 in
561 938 638 996 nobis
657 941 761 996 omnino
781 938 975 1011 desperaretur.
1010 939 1074 997 ineo

31 1036 166 1094 hermus
193 1054 266 1110 spem
297 1041 497 1094 resurrectionis
530 1045 639 1095 nostrus
669 1039 839 1096 considerate
866 1040 954 1111 glorie
976 1043 1073 1110 ospitis

31 1141 130 1194 noemi
169 1139 386 1210 Cinnaquietum
405 1139 506 1194 soiiieet
524 1146 633 1209 propter
656 1138 719 1208 qnid
737 1141 892 1196 resurrexit.
924 1138 1073 1206 Sciendum,
1134 1145 1137 1151 '
1237 1209 1240 1216 .
1342 1156 1350 1171 ·

32 1237 108 1308 quod
125 1244 236 1309 propter
251 1243 366 1308 quatuor
384 1252 495 1310 magnes
512 1238 640 1293 ntiiiietes
659 1244 765 1292 nostres
784 1240 908 1298 surrexit.
942 1235 990 1294 Est
1008 1243 1076 1295 enine

32 1339 95 1407 ejus
114 1338 272 1392 resurreetio
297 1351 412 1406 operans
434 1335 648 1408 justificationem
673 1343 854 1406 pennatorum,
878 1339 976 1392 decens
999 1341 1076 1394 noui-

35 1443 118 1490 tate·
134 1449 263 1501 *morum
286 1449 418 1506 genereus
440 1452 513 1506 spem
541 1436 574 1491 de
604 1439 755 1506 receptione
779 1438 1025 1494 remunerandorum
1051 1444 1078 1493 et

33 1548 151 1588 esesnes
168 1536 385 1589 resurrectionem
403 1537 525 1590 omnium.
560 1533 599 1590 De
616 1537 700 1604 primo
717 1533 825 1591 Romen,
841 1535 889 1592 it':
907 1537 1019 1592 nuditus
1036 1543 1077 1592 est

35 1639 147 1704 propter
158 1631 255 1688 deiiots
264 1637 357 1686 nostre
366 1640 393 1690 et
404 1635 550 1689 resurrexit
566 1639 676 1704 propter
697 1636 722 1699 ¹)
726 1634 940 1702 justificationem
951 1643 1076 1692 nostrern.

36 1732 76 1788 ite
101 1731 217 1786 senentio
239 1729 348 1786 Romen.
372 1731 422 1788 t'i:
450 1735 517 1787 sient
541 1731 661 1786 Christus
684 1733 830 1786 resurrexit
851 1747 869 1787 s
893 1735 1003 1789 mortuis
1030 1751 1078 1806 per

35 1832 152 1904 giurism
170 1833 271 1901 petuis,
298 1833 337 1885 its
354 1837 382 1886 et
399 1845 448 1886 uos
465 1832 493 1884 in
510 1833 629 1887 nouitate
647 1831 718 1885 niteo
736 1828 905 1888 ambulemus.
941 1831 980 1890 De
998 1835 1077 1890 tertio

36 1929 57 1986 i.
76 1928 148 1984 Pete.
172 1927 207 1984 ii:
236 1930 282 2000 uui
304 1935 413 2002 propter
436 1944 557 2002 maguum
584 1928 789 1984 misericordium
812 1944 886 1988 sunm
911 1935 1080 1990 messuisset

36 2043 88 2084 uos
104 2031 132 2082 iu
151 2044 223 2099 spem
243 2032 316 2085 vitae
332 2046 382 2100 per
397 2030 614 2086 resurrectionen
629 2027 728 2084 censii
745 2031 892 2086 senensis.
926 2030 966 2086 De
984 2038 1079 2104 quarto

36 2125 58 2184 Ι.
77 2127 139 2182 tior.
158 2125 222 2183 xi:
245 2127 366 2184 christus
389 2129 508 2184 donnus
531 2129 677 2184 resurrexit
699 2130 843 2186 emortuis
864 2131 996 2200 primitius
1016 2130 1079 2186 tior-

38 2227 189 2294 mientium‚
214 2229 335 2298 quonism
353 2228 457 2300 quidem
475 2243 524 2299 per
540 2226 669 2282 hominem
687 2215 757 2282 mons
777 2234 804 2284 et
821 2244 870 2300 per
888 2229 1017 2285 honinem
1036 2245 1080 2286 re·

38 2327 171 2382 sumtis
188 2333 357 2383 mertuorum.
392 2325 425 2381 Et
440 2325 582 2383 nomnium
600 2325 681 2398 quoi,
697 2329 851 2397 sioutpstet
868 2343 917 2400 per
932 2328 1080 2400 preesiiets,
1114 2347 1116 2352 ¹

39 2424 163 2481 Christus
181 2427 208 2478 in
225 2441 275 2480 sue
291 2427 483 2482 resurreetione
499 2431 613 2497 qnutsor
636 2423 729 2479 hebuit
747 2429 864 2497 propris.
898 2425 1011 2482 Primum
1029 2433 1081 2494 est,

40 2523 113 2596 quod
132 2530 225 2579 nostru
243 2527 403 2582 msumentio
420 2539 504 2597 usquo
521 2524 633 2580 inirem
646 2523 776 2592 differtur,
794 2541 844 2580 suu
863 2542 925 2582 rere
943 2526 986 2582 tiis
1001 2525 1083 2582 tertis

40 2621 178 2678 ooieiuretn
195 2629 244 2678 est.
280 2622 427 2679 &eundum
444 2625 507 2696 quie
524 2639 572 2678 nos
591 2639 640 2694 por
658 2623 731 2678 iiium
751 2627 934 2696 resurgimus,
952 2625 998 2681 iiis
1016 2639 1081 2681 uere

41 2738 91 2794 per
109 2736 149 2778 se.
187 2719 446 2778 nossessiones:
464 2722 595 2793 quomodo
618 2721 704 2794 potuit
720 2721 879 2794 suijutorIum
904 2727 946 2779 sui
962 2725 1083 2795 eorporis

41 2836 172 2895 quuerere
191 2819 347 2887 suseitensii,
365 2822 409 2893 qui
428 2821 496 2875 uites
514 2822 675 2876 suscitarit?
693 2819 811 2890 Tertium
829 2829 880 2889 est,
898 2825 962 2893 quis
981 2823 1083 2878 unsin-

41 2921 199 2989 etnernmur‚
216 2918 264 2976 seri
281 2935 379 2990 eorpus
394 2918 452 2998 ejus
464 2919 664 2976 ineinernrinne
679 2920 773 2990 potnit.
809 2921 1001 2989 (transirent,
1020 2922 1085 2993 quis
1154 2928 1160 2936 ‘

42 3037 93 3084 sun
111 3022 272 3078 memetio
290 3025 332 3076 est
348 3025 456 3074 nostrus
468 3020 670 3074 resurrectionis
687 3033 770 3074 euuss
777 3019 904 3088 erneisus,
924 3019 1084 3092 exempisrie

42 3127 70 3180 et
87 3119 295 3176 ssersmeetuiiu.
336 3117 376 3174 iie
399 3119 484 3191 prims
509 3131 592 3172 osnes
615 3116 714 3173 (iiosse
731 3135 812 3189 super
834 3117 947 3175 Preion:
970 3120 1006 3174 sd
1024 3134 1084 3174 ues-

42 3239 135 3298 perum
153 3217 334 3277 demerentur
346 3216 482 3273 tetusete.
506 3216 675 3273 Resurrectio
691 3215 790 3272 cinisii
808 3224 850 3274 est
867 3233 950 3273 esum
966 3217 1085 3274 efficiens

43 3321 247 3380 resumeutieuts
273 3319 376 3372 enimse
400 3317 427 3371 in
451 3319 587 3388 praesenti
610 3322 638 3372 et
659 3319 780 3392 eorporis
805 3319 831 3372 in
852 3317 949 3374 tutuno.
984 3317 1024 3372 lie
1041 3333 1085 3374 se·

42 3420 130 3478 eunde
144 3419 166 3476 i.
183 3419 244 3476 (ior.
261 3416 324 3474 xi:
342 3417 367 3471 si
385 3414 735 3472 cornuumaueniens.
773 3415 814 3474 De
830 3419 911 3472 tertis
928 3415 1037 3475 Romen
1050 3415 1087 3481 vi

43 3527 74 3578 ut
90 3518 223 3592 quomens
241 3515 360 3572 (insistes
374 3521 423 3573 ete.
461 3513 538 3571 cine
555 3521 666 3581 sextum,
685 3515 786 3571 retituet
803 3519 926 3587 quotiens
943 3531 1087 3589 resurgens

44 3620 214 3692 opposuerit,
242 3614 381 3671 nennium
406 3620 463 3680 est,
488 3612 558 3690 quoi
580 3614 641 3686 ipss
668 3613 712 3670 its
736 3615 940 3672 rerurrectionis
962 3617 1088 3687 sppuruit

44 3720 162 3792 qusque
185 3717 288 3772 niuibus
309 3719 370 3782 ²)et
394 3715 456 3769 sitis
480 3711 575 3788 dieitur
601 3711 774 3786 sequentibus
798 3714 876 3768 etiem
904 3715 1020 3786 quinque
1047 3716 1086 3768 ui·

43 3817 130 3874 uibus.
171 3815 259 3872 Primo
283 3815 351 3871 enim
375 3814 500 3885 apperuit
517 3811 621 3870 Meuius
639 3811 826 3885 nogentsous.
860 3811 922 3869 toi.
936 3809 1006 3880 ΧΧ,
1025 3813 1087 3868 item

44 3916 131 3974 inuret
158 3915 224 3970 uite
248 3929 361 3986 surgens
389 3912 469 3970 iesus
497 3927 573 3968 mune
603 3914 688 3984 prime
713 3908 820 3966 sebini
848 3911 975 3983 apperuit
1003 3913 1088 3983 primo

43 4014 150 4074 Mutine
167 4012 344 4086 Megistense
368 4018 436 4081 ete.¹
461 4025 529 4084 pune
553 4016 642 4083 typum
665 4013 737 4082 gerit
759 4011 959 4079 poenitentium.
997 4009 1090 4066 Voiuit

44 4119 132 4169 sutem
163 4114 248 4184 primo
283 4126 412 4183 nppnrere
440 4109 544 4167 iiisriee
572 4107 752 4180 negotiosae
782 4111 899 4181 quinque
928 4108 962 4165 ie
989 4111 1086 4170 esusis.

44 4211 132 4268 Primo
150 4213 215 4284 quis
231 4209 367 4266 sententies
386 4207 532 4283 erispoius,
565 4207 630 4265 Leo.
649 4207 708 4264 iiii:
730 4205 842 4263 tinioso
858 4209 961 4267 suntsi
979 4213 1088 4280 pesestu

47 4345 423 4363 ω

95 4431 118 4482 t)
131 4427 172 4472 sut
185 4431 218 4472 Pr.
233 4425 285 4481 teste
299 4422 456 4480 iustitium.
528 4425 552 4479 2)
563 4421 639 4470 verbe
652 4427 680 4468 et
694 4441 717 4457 -
731 4419 851 4468 risibus
864 4419 949 4468 emittit
961 4419 1003 4466 lui.
1015 4425 1049 4468 i’r.
