2866 5310
317 495 387 571 Cap.
411 490 542 551 Lxxni.
593 491 636 552 De
668 499 766 546 aeneio
786 487 896 566 spiritu.
1059 485 1120 545 829

81 658 108 705 et
124 651 293 706 renovatione
310 651 420 720 opiriuns
438 651 531 703 ruentis
550 663 623 703 meae
642 648 765 718 percepi,
783 650 920 717 uteunque
939 649 1052 716 aperient
1072 645 1119 702 rie·

82 750 151 802 ouria
169 749 227 820 ejus
247 755 316 804 etex
336 749 453 802 oontuiiu
472 746 563 801 horunr
582 749 694 802 ornniunn
713 747 807 816 expavi
822 743 1009 802 multitudinem
1020 750 1121 816 magni·

81 845 180 902 tudinis
207 849 275 918 rjus.
309 845 378 901 Uaro
395 845 553 901 Bernartius.
589 843 684 900 Missio
702 851 789 899 autent
808 843 920 898 visibitis
937 853 991 908 eat,
1019 859 1076 899 rann
1096 849 1121 899 in

82 945 171 1018 utiquo
188 949 266 1018 riguo
285 945 383 1000 visibili
402 943 556 999 ostenditur.
593 939 625 997 Ei
647 942 804 1009 nomnium,
829 942 899 1012 quod
919 945 943 996 in
967 943 1121 1014 quintuplici

83 1047 173 1114 speeie
187 1045 287 1100 nisibiii
303 1047 413 1115 spiritus
430 1049 537 1096 sanetus
558 1047 716 1094 monstratus
735 1047 783 1096 ert.
817 1039 903 1095 Primo
922 1043 949 1096 iu
966 1044 1056 1110 speeie
1075 1058 1120 1097 ro·

83 1141 186 1200 iuniore
210 1158 292 1214 super
314 1143 445 1198 christun
470 1139 647 1210 irnptizatunn;
670 1139 757 1194 iuuat
780 1137 990 1196 tinnuerunt
1014 1143 1121 1211 spiritur

84 1247 191 1297 uncino
207 1241 342 1312 oorporaii
360 1242 448 1312 speeie
467 1242 537 1294 siout
555 1238 675 1293 roiuurba
687 1239 713 1292 in
726 1239 820 1309 ipsunt.
854 1237 977 1294 Seouutio
990 1243 1016 1295 in
1033 1243 1123 1312 aporia

85 1340 162 1396 aubin
173 1341 278 1396 iuoidue
297 1356 378 1410 nuper
389 1339 521 1394 Christum
538 1337 766 1418 tranrsignrnturu;
782 1337 865 1395 Muti.
884 1337 970 1394 xvii:
989 1340 1074 1396 adhue
1090 1357 1123 1396 oo

86 1441 210 1513 toquente
228 1454 290 1495 enee
308 1437 392 1494 nubes
412 1435 500 1492 lueida
519 1435 751 1492 oiuniruurros.
787 1433 835 1494 Uiri
849 1436 914 1492 dieii
928 1434 1039 1494 Gioure:
1057 1443 1125 1496 sieut

86 1541 232 1611 baptizatio
251 1537 355 1592 donnino
376 1537 415 1592 sie
435 1543 462 1591 et
485 1533 654 1608 gioriioatio.
684 1533 837 1606 Myrtoriuu
863 1544 974 1612 rnuotno
998 1540 1124 1594 trinitatis

88 1639 205 1695 ostendit
221 1639 330 1708 spiritua
349 1643 456 1692 sauctus
475 1636 512 1691 iiri
532 1635 558 1688 in
577 1633 723 1698 eutonius
739 1633 781 1690 irie
795 1636 820 1688 in
837 1634 905 1690 uuio
923 1636 1020 1693 lueida.
1055 1637 1124 1695 Ter-

89 1740 126 1793 tio
146 1739 172 1792 in
189 1738 279 1808 operte
296 1735 390 1800 linius;
415 1731 519 1790 ioirauu
544 1731 610 1788 xii:
637 1733 783 1787 insufflanit
808 1740 835 1789 ot
852 1733 919 1790 dixit
938 1738 987 1802 iis,
1010 1738 1126 1809 neeipitr

88 1837 207 1907 spiritum
230 1840 347 1890 rnnotuur
373 1840 422 1892 oto.
458 1831 558 1895 Quarto
584 1833 724 1903 irnperio
748 1834 828 1905 ignia.
863 1833 958 1898 Quinto
985 1836 1011 1890 in
1035 1839 1126 1908 aperie

89 1935 205 2006 tinguae.
222 1931 255 1988 Ei
268 1935 296 1986 in
310 1932 362 1988 inno
377 1933 475 2003 riupiint
489 1933 579 2002 rpecir
592 1934 717 2003 apparuit
731 1931 923 1990 hodiernndio.
958 1932 1021 1988 ideo
1039 1941 1126 1992 auteur

90 2037 115 2088 in
135 2018 185 2088 inan
204 2032 360 2104 quintnpiioi
377 2032 468 2101 aperio
486 2045 571 2085 reruni
591 2036 750 2084 rronrtrntur
769 2037 827 2098 eoi,
853 2039 882 2088 ut
903 2033 980 2090 rietur
1003 2032 1126 2108 iutritigi,

90 2132 159 2204 quod
177 2130 269 2186 hurum
289 2146 374 2186 rerum
394 2131 572 2200 proprietates
590 2139 715 2199 operetur
732 2133 757 2186 iu
779 2131 920 2199 eordibur,
945 2134 1041 2204 quibua
1065 2133 1127 2188 iiiu-

90 2231 168 2285 bitur.
203 2229 289 2286 Primo
301 2234 460 2284 monstratus
477 2229 561 2283 estin
580 2231 670 2298 speeie
684 2229 828 2286 ooiuoniuue.
865 2230 1127 2304 tioiurnirugenriinnr

92 2345 139 2401 pro
163 2335 241 2384 ennio
265 2328 362 2394 habet,
389 2326 451 2384 ieiie
470 2335 558 2396 earet,
586 2331 610 2382 in
637 2328 810 2385 iornrrinitrun
838 2337 930 2401 petrae
952 2337 1047 2388 manet.
1082 2333 1129 2390 Sio

92 2431 201 2500 spiritns
219 2434 325 2483 nanetus
344 2428 422 2494 titos,
448 2443 515 2498 quos
535 2426 634 2500 replet,
653 2427 717 2484 inoit
733 2443 782 2498 pro
801 2430 857 2483 ruir
878 2431 995 2499 peeoatia
1012 2447 1128 2504 genere,

92 2527 136 2583 is.
155 2526 231 2582 Liii:
256 2529 389 2599 rugiemus
414 2528 490 2596 quasi
517 2530 571 2582 urai
596 2542 686 2582 ornnes
709 2535 736 2583 rt
751 2527 982 2598 quaairoiunirne
999 2530 1126 2587 meditan-

93 2635 293 2700 nongentenos.
329 2624 447 2682 Corinth.
468 2624 538 2682 iiiii:
562 2628 619 2696 ipse
644 2629 755 2700 spiritns
780 2625 898 2696 pontuiut
919 2643 968 2700 pro
985 2627 1063 2684 nobie
1079 2645 1128 2703 ge-

93 2728 197 2782 nitibus
216 2723 454 2791 inenarrabiiibnn,
480 2724 507 2778 id
528 2731 583 2791 ort,
606 2741 655 2780 uos
674 2724 839 2795 poaiuiuutrr
857 2733 885 2782 ei
901 2735 1036 2800 geneniru
1055 2728 1129 2787 iuoit.

93 2825 214 2886 Secundo
232 2827 290 2880 niue
307 2822 370 2879 talio
388 2822 569 2878 amaritudinis
591 2839 659 2879 osne.
695 2823 813 2896 Sapient.
831 2823 894 2880 iiii:
914 2841 930 2880 o
950 2841 1027 2900 quern
1045 2828 1130 2884 bonan

94 2933 121 2982 ei
136 2926 226 2981 oneris
243 2930 299 2988 ert,
324 2920 443 2988 domine,
469 2923 579 2992 apiritus
603 2929 663 2977 tuns
682 2924 709 2978 in
725 2923 811 2980 uobis.
844 2922 908 2980 item
927 2925 987 2982 nori.
1005 2923 1065 2982 vti:
1083 2941 1131 2980 ro·

93 3032 168 3079 eatur
185 3023 292 3087 suanir,
317 3019 464 3092 benignus,
494 3019 621 3076 hunuanus
639 3038 672 3077 eu
690 3038 739 3089 eo,
764 3021 835 3094 quod
853 3038 967 3090 enarer,
991 3023 1133 3098 benignu,
1171 3069 1173 3072 .

95 3124 221 3177 inunnnoe
239 3120 334 3174 iuoiut:
352 3133 448 3174 roanos
467 3120 492 3173 tn
511 3135 651 3186 neronono,
670 3120 800 3193 benignos
819 3123 846 3176 tn
864 3122 943 3179 eorde
961 3131 988 3178 rt
1004 3121 1132 3178 innuanos

95 3225 230 3291 inopere.
266 3217 359 3273 Tertio
378 3219 404 3272 iu
423 3227 516 3289 petrae
534 3216 722 3286 iorurninibea,
750 3219 776 3274 iri
796 3227 853 3290 eet,
876 3224 903 3276 in
923 3221 1022 3276 Girrinii
1041 3221 1131 3278 ruino-

96 3322 168 3376 riiunn
186 3318 317 3374 habitare.
351 3317 452 3373 Curtio.
469 3315 505 3372 ii:
525 3332 606 3388 rorgo
625 3319 708 3372 antea
728 3333 795 3386 mea,
814 3334 915 3391 eponae
930 3335 999 3388 moa,
1017 3327 1044 3376 ei
1063 3322 1132 3382 reni.

94 3419 215 3476 roinnbu
233 3430 300 3472 rnen
336 3415 446 3471 Giorru:
473 3415 565 3471 tenens
588 3415 649 3470 uniit
669 3417 756 3487 pnitos
774 3434 847 3474 ineos
873 3420 1005 3475 iniuriuue
1023 3421 1133 3490 spiritus

96 3521 198 3584 raneti3
218 3520 244 3570 in
264 3514 436 3569 toraninibnr
451 3521 553 3584 petrae,
571 3512 681 3569 Giussa:
699 3517 725 3570 in
741 3514 840 3571 Christi
852 3517 1003 3573 uulneribus
1046 3517 1132 3574 Tirre-

96 3633 153 3672 nor.
177 3615 277 3670 uitiaur
301 3614 410 3683 rpiritus
434 3615 490 3667 oris
514 3613 597 3666 nostri
624 3613 746 3669 Christus
771 3615 891 3670 dominus
914 3622 1007 3688 enptua
1037 3623 1080 3673 est
1109 3619 1135 3670 iu
1253 3623 1254 3628 ’

96 3716 213 3786 pereatis
230 3713 344 3777 uostris,
372 3713 414 3766 ont
435 3709 563 3776 diuinus,
590 3714 616 3766 in
643 3713 734 3768 umbre
757 3720 802 3768 tun
823 3716 938 3770 utronno
957 3717 984 3770 in
1001 3713 1134 3788 gentibus,

97 3814 174 3885 quani
191 3810 277 3865 riioat:
296 3812 406 3880 spiritua
425 3816 543 3878 ranutius,
563 3813 608 3882 qni
628 3819 670 3865 est
686 3813 741 3867 oria
759 3816 861 3878 nostri,
880 3813 951 3886 quod
969 3830 1001 3870 oo
1019 3821 1135 3869 nontrurn

98 3915 140 3968 ert
159 3909 280 3966 iiinriaias
299 3908 434 3976 dominns,
460 3912 522 3981 quia
547 3916 590 3964 eat
612 3926 643 3963 oa
667 3918 781 3965 nostrum
807 3918 835 3967 et
859 3927 921 3968 euro
947 3920 1046 3980 nostra,
1072 3913 1137 3968 iacit

99 4024 146 4064 nna
165 4008 254 4064 dicere
273 4007 393 4063 Girriato:
428 4008 453 4062 in
472 4007 642 4086 opimiore,
662 4009 688 4061 id
707 4017 762 4074 ert,
780 4011 806 4064 in
823 4013 950 4080 pnsaionr
968 4018 1022 4078 tun,
1041 4014 1067 4067 iu
1085 4029 1137 4084 qua

99 4107 221 4164 Christus
241 4105 290 4162 init
307 4105 464 4162 tenebrosus
490 4113 515 4160 et
540 4107 695 4178 riespeetus,
722 4091 835 4164 vivemus
860 4111 1014 4186 peringen
1042 4125 1138 4166 mereo·

101 4211 174 4261 rinno.
210 4204 332 4262 Secundo
359 4211 519 4260 monstratur
544 4212 584 4260 rat
611 4208 636 4260 in
664 4208 757 4276 aperto
782 4207 868 4261 uuita.
902 4206 992 4264 iiuhea
1021 4223 1038 4264 a
1068 4215 1139 4265 terra

101 4305 229 4372 eieratur,
240 4303 406 4375 refrigerium
420 4310 577 4374 praestaret
588 4304 700 4376 piurianr
713 4312 837 4378 generat:
853 4309 891 4360 sie
901 4309 1010 4378 spiritus
1023 4314 1138 4366 sanetus.

102 4418 170 4475 quon
184 4402 278 4474 reptet,
297 4409 394 4458 aterna
407 4402 494 4458 eierat
511 4419 561 4473 per
580 4409 734 4459 eontentun
748 4411 917 4460 terrenorum.
954 4403 1048 4463 Ereti.
1070 4403 1139 4463 itti:
