2842 5286
307 429 375 492 '200
540 431 612 512 Cup.
635 433 738 494 xxvi.
780 433 824 494 De
845 441 943 491 saneto
965 433 1116 510 Gregorio.

314 603 372 642 ιιι
387 588 415 641 ln
436 585 549 644 dirersis
567 589 654 645 muudi
679 589 798 662 poerus
824 588 986 662 exemplario
1007 594 1172 654 tenerentur,
1202 584 1347 659 adiungens

314 687 425 742 intutam
439 687 609 762 'saerilegium
633 705 708 756 esso,
734 691 799 744 tenti
825 691 908 761 petris
930 693 972 744 tot
986 693 1013 744 ot
1029 685 1098 743 tutes
1122 685 1208 742 libros
1233 701 1348 750 exurere,
1407 731 1408 734 ,

316 801 396 856 super
413 788 488 859 eujus
506 794 586 859 osput
609 791 668 860 lpse
692 789 809 860 spirituus
834 792 950 844 sonetum
973 785 1194 842 insimilitudine
1217 783 1350 839 ooluuboe

316 883 527 958 frequentissime
546 890 736 959 prospexisset.
776 885 895 944 Tendens
920 902 968 942 eos
991 889 1019 942 ln
1037 886 1105 942 liene
1130 885 1288 942 sententious
1305 881 1349 938 od-

317 980 406 1050 duxtt,
423 991 461 1052 ut,
479 988 503 1041 st
519 986 600 1054 titud,
620 985 689 1060 quod
708 985 826 1055 dixerat,
840 985 1015 1060 jurejurando
1033 983 1187 1042 confirmans
1206 986 1273 1039 ntorl
1290 998 1349 1038 eon-

315 1083 388 1137 tlnuo
406 1087 555 1152 meruisset,
574 1087 627 1157 lpsi
642 1101 659 1140 e
675 1086 800 1142 librorum
820 1073 956 1142 exustione
976 1085 1144 1152 desisterent,
1163 1087 1186 1140 sl
1204 1100 1269 1139 rere
1290 1084 1351 1137 orori

316 1197 368 1236 non
386 1181 530 1252 debuisset,
548 1184 596 1242 sed
615 1192 750 1258 superstes
768 1188 809 1240 sui
827 1189 969 1242 testimonii
988 1187 1147 1250 exstitisset,
1171 1186 1232 1256 ipse
1250 1197 1352 1254 quoque

316 1281 526 1339 combustoribus
551 1295 641 1340 nonus
670 1284 754 1340 daret.
793 1283 888 1341 Fertur
909 1289 976 1342 eninr
1005 1283 1148 1358 Gregorius
1172 1285 1226 1341 sibi
1245 1279 1352 1346 dixisse,

317 1378 397 1452 qnod,
415 1383 439 1434 si
455 1382 606 1438 uttrneulunr
624 1381 657 1438 de
674 1385 776 1440 risione
793 1383 929 1440 columbae
945 1385 1101 1456 publicaret,
1120 1391 1182 1455 post
1197 1381 1248 1437 luoo
1265 1383 1352 1436 rivers

317 1494 369 1534 nou
391 1480 499 1536 ualeret.
539 1480 631 1554 Itnque
655 1496 711 1538 euru
736 1490 866 1554 uppnretu
899 1477 1009 1555 dyoeoni
1033 1482 1231 1558 euangeliorum
1259 1479 1353 1535 libruu

316 1577 440 1650 bajulans
463 1579 623 1636 uenerabilis
646 1579 727 1635 levite
750 1580 844 1636 Petrus
862 1581 1004 1638 oduenlens
1028 1598 1088 1637 nox
1112 1589 1140 1637 ut
1164 1583 1243 1637 ttotls
1262 1594 1353 1634 ssere-

317 1680 415 1732 suuotis
433 1679 577 1752 evangeliis
597 1679 717 1752 Gregorii
735 1683 868 1760 ssootitstt
883 1684 1057 1738 testinnonium
1074 1680 1209 1753 perbibuit
1227 1687 1253 1736 et
1272 1695 1290 1734 s
1306 1678 1353 1734 do-

317 1775 375 1832 lore
392 1757 484 1832 nortis
502 1785 642 1835 extraneus
661 1781 780 1850 spiritum
797 1782 867 1836 inter
883 1780 965 1838 rerba
980 1796 1060 1838 veruo
1081 1779 1258 1836 consessionis
1279 1777 1353 1835 eills·

318 1878 363 1931 rlt.
380 1907 415 1918 —-
432 1908 468 1918 -
484 1873 551 1938 '12
567 1877 683 1941 'Quidam
700 1878 840 1935 nonachus
858 1882 1011 1937 monosterii
1029 1882 1113 1936 sensti
1127 1879 1252 1952 Gregorii
1268 1877 1354 1951 quod-

318 1974 378 2031 dont
396 1992 477 2048 pones
495 1992 526 2034 eo
545 1977 673 2049 peoulluu
692 1981 873 2052 congregorit,
893 1980 987 2036 boetus
1006 1985 1092 2037 oute·
1112 1979 1257 2051 Gregorius
1276 1977 1355 2033 elteri

319 2075 446 2132 uonooho
462 2091 593 2149 apperens
612 2077 688 2145 dixit,
706 2085 735 2133 ut
745 2076 798 2132 sibi
814 2075 1001 2146 denunoiuret,
1018 2079 1089 2153 quod
1101 2077 1232 2151 peouiluur
1249 2076 1355 2149 disper·

319 2184 396 2248 geret
414 2183 440 2232 et
458 2180 644 2248 poeniteutiam
662 2183 765 2251 egeret,
782 2178 845 2250 quie
863 2177 906 2234 dte
923 2181 1005 2234 tertie
1017 2187 1089 2234 esset
1100 2180 1250 2233 moriturus.
1278 2175 1356 2240 Quod

318 2273 365 2330 iile
382 2275 493 2333 audiens
512 2277 678 2334 vehementer
697 2278 810 2349 expavit,
827 2279 1016 2350 poeniteutiam
1034 2281 1091 2352 egit
1102 2284 1128 2334 et
1144 2277 1274 2348 peculium
1294 2276 1356 2332 red-

318 2373 386 2430 didit
401 2392 514 2450 noxque
531 2377 650 2434 iebrlbus
669 2376 737 2433 udeo
754 2383 891 2448 correptus
909 2385 957 2444 ost,
975 2385 1004 2433 ut
1019 2393 1036 2434 e
1053 2375 1168 2432 dlloeulu
1187 2375 1242 2431 diet
1260 2378 1358 2432 tertiae

318 2475 453 2547 usquead
471 2476 561 2532 boroso
579 2479 683 2532 tertium
706 2492 770 2550 pruo
793 2477 873 2532 nlnlo
896 2476 1016 2533 lnoeudto
1034 2475 1150 2550 linguon
1173 2475 1206 2530 nb
1225 2491 1272 2532 oro
1291 2491 1356 2547 pro-

315 2574 413 2646 jloleue
430 2569 545 2631 ultlunrn
564 2575 653 2632 daturo
677 2579 796 2633 emittere
818 2576 959 2632 rideretur.
1001 2574 1054 2632 Sed
1076 2591 1133 2632 ouur
1156 2557 1357 2630 olrournstontor

317 2672 439 2730 nomint
456 2689 544 2730 coron
563 2677 622 2748 ipso
640 2676 799 2748 psallerent,
822 2675 995 2749 psolnodlarn
1013 2675 1117 2731 tundens
1135 2677 1357 2746 interrumpentes

319 2773 345 2829 ol
363 2773 503 2831 detrudere
519 2782 677 2847 eoopsrnnt,
710 2776 755 2833 tlte
779 2784 864 2832 rutero
889 2777 1012 2832 eontinuo
1036 2776 1195 2830 roviriseour
1218 2781 1245 2829 et
1262 2773 1357 2830 oeulos

319 2871 481 2931 subridendo
498 2877 649 2932 roneutlens
674 2876 727 2931 stt:
751 2877 850 2947 puroet
865 2874 943 2930 robis
967 2874 1104 2942 doninus,
1125 2863 1243 2939 iratres,
1273 2887 1357 2945 quere

318 2970 382 3026 tritri
398 2970 540 3031 dstrebers
556 2973 687 3040 uoluistis,
704 2989 763 3030 uuor
783 2973 992 3046 lupedlrueutuur
1010 2971 1072 3028 mibi
1091 2989 1144 3028 non
1159 2971 1286 3027 nodlouur
1305 2987 1357 3044 ge-

317 3073 442 3138 nerastis,
460 3075 523 3146 quis
539 3080 590 3130 tun
609 3073 727 3142 euobis,
747 3089 823 3146 qutun
841 3089 858 3128 tt
875 3073 989 3146 dyabolo
1006 3073 1056 3129 sub
1074 3089 1126 3127 uno
1141 3079 1259 3144 tenpore
1276 3087 1357 3127 seeu-

318 3176 393 3226 sttur
410 3171 568 3240 nesoiebtton,
586 3173 785 3229 outeulutnuise
796 3174 915 3245 primitus
926 3172 1121 3244 responderem,
1141 3172 1189 3228 sed
1207 3174 1231 3226 si
1247 3171 1358 3244 quaudo

318 3269 461 3343 quenlibet
476 3274 631 3345 nigrantem
648 3272 782 3342 videritis,
810 3273 893 3328 sideru
909 3288 962 3328 uon
984 3271 1188 3338 detrsetloneu,
1217 3270 1266 3327 sed
1283 3286 1358 3327 eont-

307 3371 469 3441 ,passionen
486 3372 658 3443 impendatis,
684 3379 775 3444 utpote
794 3373 840 3444 qni
863 3370 899 3428 ed
914 3378 968 3426 torn
985 3370 1099 3428 distrtetl
1113 3369 1211 3450 judlels
1227 3385 1283 3426 sun
1302 3372 1358 3426 eri-

240 3533 241 3536 ,
318 3471 447 3525 minatore
464 3486 513 3526 suo
530 3470 657 3542 J'ndleluur
677 3469 757 3527 rudit
798 3469 862 3526 Neu
886 3469 921 3526 sd
935 3470 1061 3542 judloluro
1086 3487 1143 3526 suun
1160 3469 1274 3543 dpobolo
1293 3473 1359 3526 steti

318 3574 345 3625 et
362 3567 505 3640 adiurante
528 3577 619 3625 teneto
646 3569 776 3644 Gregorio
801 3573 901 3628 eunetis
928 3572 985 3626 suis
1008 3570 1202 3642 obJ'oetioulbus
1224 3568 1293 3624 beno
1313 3586 1356 3624 re-

317 3667 423 3739 spondi,
442 3675 540 3725 tuntum
559 3668 592 3724 de
610 3683 662 3724 uon
680 3670 831 3742 obJ'eetlone
848 3673 983 3726 oonutetus
1001 3667 1109 3734 erubui,
1127 3685 1175 3740 pro
1193 3683 1255 3741 que,
1272 3673 1302 3722 ut
1318 3670 1358 3722 rt-

219 3837 220 3840 *
317 3764 411 3834 distis,
435 3768 526 3825 taliter
545 3784 601 3824 suxu
619 3775 729 3825 rexatus
754 3776 780 3825 et
798 3768 884 3823 udlrue
901 3785 941 3824 nuo
959 3785 1010 3824 non
1030 3771 1104 3839 potul
1119 3767 1242 3826 liberere.
1278 3765 1356 3822 Gunu-

317 3882 368 3938 qne
387 3866 421 3923 de
439 3883 472 3923 es
490 3867 587 3924 iratres
607 3869 779 3939 requirerent,
798 3869 849 3922 sit:
868 3884 920 3923 non
938 3867 1023 3924 ondeo
1043 3867 1141 3933 dicere,
1159 3868 1231 3938 quie,
1248 3880 1304 3921 eun
1324 3869 1360 3921 ed

318 3980 364 4020 ros
383 3981 401 4020 o
418 3965 498 4022 besto
517 3966 647 4041 Gregorio
662 3967 755 4040 jussus
770 3982 825 4022 sunu
839 3969 939 4032 uenire,
958 3965 1087 4038 dyabolus
1104 3965 1138 4022 de
1154 3965 1205 4020 boe
1220 3964 1361 4038 plurimo·

317 4069 360 4119 est
372 4073 541 4138 conquestus,
556 4063 737 4138 putantquod
756 4082 797 4122 rue
808 4064 841 4120 od
859 4051 1053 4137 poorrlteutiuru
1064 4064 1193 4138 Qendsor
1209 4082 1257 4136 pro
1277 4079 1362 4121 csusn

316 4163 364 4218 ills
380 4163 451 4221 lieus
473 4167 631 4233 remitteret,
656 4172 818 4239 quapropter
834 4162 939 4220 beotun
953 4163 1108 4238 Gregorluru
1126 4164 1218 4219 rudem
1237 4162 1308 4229 dedi,
1326 4181 1362 4220 ue

315 4270 468 4318 eouuoturn
492 4263 647 4320 tuluuuisor
675 4263 785 4334 ouilibet
807 4262 960 4320 revelarem.
994 4261 1117 4335 ¹Moxque
1141 4263 1258 4320 olentes
1277 4263 1361 4318 dixit:

317 4376 333 4415 o
352 4359 474 4429 Andros,
492 4361 600 4419 ,ludreu
617 4361 668 4418 hoe
685 4379 754 4419 storo
771 4378 881 4436 perros,
907 4363 952 4436 qui
968 4379 1008 4420 ue
1027 4377 1109 4434 preto
1126 4361 1240 4419 oonsilio
1257 4361 1292 4418 ud
1311 4361 1363 4418 boe
