2984 5316
327 501 390 563 too
562 499 637 578 Cap.
654 497 758 556 Clllll.
799 497 844 555 De
867 503 965 555 sancto
989 485 1150 550 Dominico.

647 757 744 856 til.
768 753 889 854 omn.
923 753 1039 854 noa.)

476 914 566 983 lte
601 913 831 983 annoto
868 906 1230 981 nomtmtoo.

401 1078 550 1135 liominiona
568 1078 665 1135 dieitur
682 1078 761 1150 qnasi
778 1076 876 1132 domini
894 1081 985 1132 enatos
1005 1075 1076 1132 vela
1100 1075 1205 1130 domino
1220 1070 1376 1128 custoditos.

236 1203 238 1206 ’
335 1177 384 1235 Vel
397 1178 494 1234 dioitnn
506 1178 667 1245 liominlons,
687 1183 810 1248 qnantum
824 1175 858 1232 ad
873 1176 1058 1249 etymologiam
1074 1174 1152 1248 lnnjna
1164 1173 1287 1239 nominis,
1306 1169 1379 1244 qnod

336 1286 379 1335 eat
390 1277 519 1334 dominon.
539 1276 641 1332 llloitnn
652 1271 738 1333 antem
749 1283 838 1331 enatos
852 1275 949 1331 domini
962 1275 1047 1330 teilone
1058 1274 1155 1343 modia,
1172 1273 1277 1336 soilioet
1288 1277 1379 1326 onatoe

340 1376 584 1450 ¹Jlnonoriedooalni
593 1394 645 1449 qno
659 1375 692 1431 ad
707 1376 798 1442 llenm,
811 1381 901 1431 enatos
913 1375 1006 1432 vineae
1020 1375 1117 1430 domini
1132 1369 1380 1446 velgregiodomlnl

338 1493 391 1552 qno
403 1478 437 1532 ad
448 1479 601 1550 proximum,
622 1482 712 1531 contos
726 1475 872 1531 volontatis
888 1474 986 1531 domini
997 1477 1054 1531 aive
1067 1479 1267 1546 praeceptorum
1282 1469 1381 1526 domini

339 1575 570 1650 qnondaeipsnm.
590 1574 711 1632 Secundo
718 1573 971 1630 dieltnnllontiniena
985 1577 1061 1648 qnaai
1075 1574 1208 1632 adomloo
1221 1570 1381 1637 onatodltoa,

339 1676 460 1732 dominns
485 1679 552 1732 enim
571 1673 715 1731 onetodivit
732 1676 816 1745 ipsum
835 1682 959 1746 qnantum
981 1675 1017 1730 ad
1034 1675 1166 1746 triplicem
1182 1679 1278 1728 alatum
1296 1686 1382 1736 anum,
1404 1655 1406 1658 ¹

340 1779 368 1832 ln
391 1792 502 1848 qnorum
525 1779 608 1847 primo
634 1773 685 1830 luit
708 1774 808 1838 laiono,
829 1775 855 1830 ln
880 1775 995 1830 secondo
1020 1773 1153 1848 regularia
1169 1775 1328 1839 eanonlona,
1356 1772 1383 1825 in

339 1877 420 1932 tertio
438 1877 478 1930 eir
496 1873 669 1946 apoatollona.
704 1873 768 1929 Nam
788 1877 814 1930 ln
833 1876 916 1947 primo
936 1890 993 1931 eona
1012 1873 1156 1930 onatodlelt
1180 1871 1304 1929 laniendo
1323 1886 1382 1927 enm

340 1974 515 2032 landabiliter
534 1976 671 2044 incipere‚-
682 1974 709 2028 ln
726 1974 841 2030 aeonndo
860 1974 992 2031 lamentor
1008 1971 1152 2047 proicere,
1180 1975 1207 2028 ln
1224 1973 1303 2028 tentio
1321 1987 1383 2042 per-

343 2075 482 2130 lectionem
500 2073 710 2146 apprehendere.
746 2072 839 2146 Tertio
864 2081 953 2146 pateat
980 2073 1031 2129 diei
1051 2073 1200 2130 llomlniene
1219 2088 1267 2144 nor
1284 2077 1383 2143 etymo·

342 2174 441 2248 logiam
465 2173 544 2248 boloe
571 2176 684 2230 nominis
711 2173 839 2230 dominae.
880 2172 1007 2230 Dominus
1038 2189 1150 2246 namque
1183 2171 1279 2242 dicitnr
1304 2173 1383 2243 qnasi

343 2273 447 2329 donana
470 2277 555 2329 minae
584 2272 656 2344 ²)vel
679 2271 780 2328 donans
799 2275 882 2329 minna
902 2273 944 2329 vel
964 2272 1066 2329 donana
1086 2287 1187 2329 monne.
1223 2271 1267 2328 Sto
1287 2270 1383 2327 leeatne

343 2373 495 2454 Dominiona
520 2371 569 2427 loli
592 2372 709 2438 donans,
734 2371 761 2427 ld
785 2379 841 2440 est,
870 2373 1023 2429 oondonane
1049 2375 1133 2429 minae
1159 2387 1208 2443 pen
1229 2371 1383 2444 injuriarum

345 2471 540 2539 dimissionem,
566 2470 669 2528 donam
687 2474 770 2527 minna
789 2489 839 2543 per
854 2473 975 2544 eorporis
993 2475 1211 2550 macerationem.
1238 2474 1303 2545 qnia
1321 2487 1383 2538 oon,-

344 2573 405 2642 poni
424 2586 473 2626 ano
492 2585 598 2642 semper
618 2572 703 2626 minna
722 2570 813 2639 dabat,
832 2586 910 2643 qnam
928 2571 1085 2644 appetebat,
1104 2571 1206 2627 donane
1226 2587 1318 2626 manna
1336 2587 1385 2644 oet

344 2670 477 2725 libertatte
494 2668 679 2746 largitionem,
703 2671 836 2741 quianon
855 2672 940 2726 aolom
958 2687 1008 2728 ena
1024 2671 1185 2744 paoperibus
1203 2670 1312 2740 toilonii,
1336 2670 1385 2728 aed

346 2771 424 2828 etlam
443 2783 473 2823 ae
492 2770 575 2840 ipenm
594 2766 696 2840 ploniea
713 2766 828 2824 vendere
845 2768 938 2826 eololt

412 2868 565 2924 llominione
593 2865 695 2922 ondinla
724 2867 938 2939 praedicatoren
967 2869 1020 2926 dux
1052 2875 1079 2927 et
1108 2877 1185 2943 nater
1215 2869 1321 2925 inolitae
1353 2885 1385 2925 ex

346 2963 620 3042 lllananiaepartllona
639 2967 711 3033 villa,
730 2981 798 3039 qnae
816 2967 915 3025 dioltor
933 2969 1116 3044 ³)i1allanega,
1132 2969 1292 3026 oxonienete
1304 2969 1385 3042 dyoe-

346 3070 417 3125 eeeta
440 3073 516 3138 patre
541 3063 631 3120 l'elioe
654 3071 738 3122 matre
761 3082 824 3123 veno
847 3066 971 3124 lohanna
994 3070 1098 3126 momine
1120 3069 1261 3126 secondom
1281 3084 1385 3126 moneto

347 3167 475 3238 originem
493 3163 576 3221 alnalt.
611 3162 693 3235 coloe
711 3173 795 3222 maten
812 3175 874 3224 ante
893 3169 976 3240 ipsine
996 3175 1080 3224 ortum
1102 3169 1168 3224 vidit
1185 3171 1211 3224 ln
1228 3171 1338 3225 aonnila
1355 3185 1387 3226 ee

348 3263 460 3321 oatolnm
479 3268 627 3334 gestantem
645 3265 673 3318 ln
690 3271 783 3334 ntem,
801 3267 937 3323 ardentem
962 3269 989 3322 in
1010 3284 1057 3324 one
1082 3267 1194 3323 toeniam
1213 3267 1386 3341 bajulantem,

347 3364 394 3437 qnl
412 3376 538 3434 agrasone
557 3377 589 3417 ex
607 3371 683 3419 nteno
701 3368 781 3419 totam
802 3365 889 3421 mnndi
907 3367 1052 3423 machinam
1074 3367 1239 3424 incendebat.
1275 3367 1385 3424 Caldam

348 3465 426 3520 etiam
444 3467 597 3529 matronae,
623 3459 691 3535 qnae
717 3465 801 3535 lpnnm
827 3481 860 3520 ex
886 3481 962 3522 naono
983 3469 1055 3523 lente
1072 3468 1219 3534 lavaverat,
1237 3466 1386 3536 videbator,

347 3558 419 3635 qnod
444 3575 510 3631 noer
527 3557 678 3616 Dominiona
699 3562 803 3618 atellam
821 3564 996 3639 peninlff'dom
1015 3565 1126 3623 haberet
1144 3571 1170 3622 in
1189 3567 1291 3634 leonte,
1317 3581 1386 3638 qnae

346 3667 429 3717 totam
446 3658 538 3715 orbem
554 3643 714 3716 llln'etralnat.
750 3661 816 3718 ltnm
836 3661 923 3720 adino
943 3672 1014 3722 esset
1032 3667 1159 3738 poemlna
1177 3673 1204 3723 et
1215 3668 1264 3721 eno
1277 3669 1387 3722 nntrieie

347 3758 471 3816 onatodla
494 3759 670 3827 constitnloa,
700 3759 882 3832 deprehentne
909 3770 956 3819 eat·
978 3781 1061 3838 saepe
1091 3767 1186 3822 leetnm
1211 3766 1343 3822 dimittere
1361 3775 1389 3822 et

347 3874 430 3931 anper
459 3851 686 3914 nadam'lnnmnm
711 3861 813 3931 jacere.
849 3861 949 3920 Miseno
974 3865 1078 3922 tandem
1102 3865 1246 3922 Potentiam
1272 3865 1305 3920 ad
1329 3873 1387 3922 alu·

348 3956 420 4012 dinm
444 3971 534 4013 amone
562 3959 711 4028 tententiae
736 3961 820 4016 vinnm
852 3978 901 4032 per
924 3962 1076 4020 decennium
1100 3981 1151 4020 non
1176 3967 1302 4038 gnstavit.
1337 3964 1388 4022 llbl

348 4073 406 4114 oona
433 4056 515 4113 iamet
538 4057 629 4112 valida
651 4064 739 4126 eaael,
766 4058 849 4115 libeoe
874 4075 932 4118 anm
956 4068 1025 4119 omni
1049 4064 1208 4136 supellectili
1226 4065 1346 4132 vendidit,
1362 4074 1389 4122 et

349 4157 461 4226 naellam
484 4171 574 4210 eornm
598 4157 762 4229 paupertina
787 4162 918 4233 erogavit.
954 4161 1096 4220 Crescente
1110 4165 1165 4237 jam
1185 4165 1244 4237 ejoa
1264 4165 1333 4222 lema
1351 4165 1387 4222 ab

399 4305 421 4357 ll
436 4304 522 4348 veeban
534 4303 658 4351 honoria
671 4329 698 4342 -
710 4311 809 4351 onatoe
823 4305 907 4352 omittit
921 4307 961 4356 ad.
974 4316 1009 4360 rr.
1085 4314 1108 4367 l)
1121 4310 1208 4358 verinae
1226 4311 1275 4358 vel
1296 4285 1388 4358 -ιῖι

347 4370 471 4483 gaeomnle
489 4370 630 4450 omittittd.
650 4381 683 4422 rr.
759 4375 782 4428 ³)
804 4377 857 4420 lieo.
886 4375 975 4430 lenonio
1000 4380 1146 4435 cutum
1172 4378 1212 4426 nel
1234 4379 1388 4436 calunnia

373 4452 388 4482 Ι
411 4451 535 4488 limil-
