2828 5302
320 502 393 582 Cep.
416 497 505 560 XXX.
548 498 591 559 De
614 507 711 558 cenete
732 499 856 558 tuliano.
1046 494 1105 559 14³
1158 553 1160 558 .

69 658 201 716 audierat.
252 658 328 732 ipses
351 662 433 733 igitur
456 658 570 732 benigne
589 661 705 730 suscepit
722 662 749 714 et
767 674 816 729 pru
833 672 922 714 suere
942 660 989 714 riri
1007 662 1049 714 eni
1068 660 1106 716 le-

70 769 141 816 etun
160 763 194 816 its
210 759 308 816 disten
326 767 352 817 et
370 763 430 832 ipsu
447 759 498 814 stit
522 759 586 815 elilrt
604 759 724 815 lectulum
741 757 889 814 collocavit.
923 756 1002 816 Fectc
1020 767 1105 817 sulen

73 877 149 917 nane
173 860 319 917 enstellanu
341 860 375 916 ed
400 858 536 914 ecclesiane
561 861 678 932 perrexit
701 865 727 914 ct
750 873 810 914 ecee
831 858 951 917 Julianus
968 877 1043 919 nunnne
1062 877 1105 918 ue·

73 965 149 1018 niens
168 963 195 1015 tn
217 959 356 1017 tlrnleunutn
379 963 456 1033 qussi
482 974 587 1016 cuonem
612 973 693 1015 runnu
710 960 870 1014 excitaturus
894 961 1000 1016 lntnnelt
1023 970 1049 1019 et
1067 966 1105 1018 in-

77 1065 184 1118 veniens
201 1062 267 1118 dues
287 1064 386 1134 pnnlten
402 1061 570 1126 desistentes.
588 1073 694 1115 uxerem
710 1075 766 1114 eun
785 1060 906 1115 adultere
923 1076 980 1129 sne,
999 1063 1109 1121 silenter

74 1167 196 1220 extructo
221 1162 312 1234 gladic
335 1161 426 1216 netes
443 1161 544 1232 puriter
560 1141 696 1216 intereunti.
731 1157 828 1215 Eulens
846 1169 931 1216 nutent
950 1162 1052 1218 denunt
1069 1167 1106 1220 sl-

75 1262 115 1318 dit
134 1276 241 1317 nnereen
258 1265 316 1333 ejus
341 1262 375 1317 sb
397 1262 509 1316 ecclesis
531 1265 703 1316 reuertentem
721 1266 747 1315 et
769 1260 902 1316 sdmirnns
925 1264 1108 1337 inter-engenii,

74 1365 181 1436 quinem
200 1369 289 1418 essent
306 1361 354 1429 illi,
373 1364 416 1434 qni
436 1364 463 1416 in
480 1375 529 1415 ene
547 1360 615 1415 lecte
633 1358 782 1428 dormirent,
802 1367 829 1416 et
846 1359 893 1416 tttn
911 1365 962 1416 nit:
986 1371 1108 1435 parentes

76 1465 159 1518 nutri
176 1469 252 1529 sunt,
272 1465 318 1534 qut
336 1476 383 1516 res
402 1459 547 1516 diutissime
565 1463 750 1531 qneoeternnt,
768 1462 899 1518 eleusin
917 1470 1005 1517 vestre
1022 1464 1108 1520 tisis·

76 1579 119 1619 ιο
135 1561 273 1619 cnllccnri.
308 1561 383 1625 Quod
400 1560 444 1617 ille
462 1560 571 1622 audiens
590 1574 674 1632 paene
693 1561 1108 1622 exenintsnllnetussnsrissine

77 1665 140 1720 flere
157 1665 246 1734 coepit
263 1677 295 1716 sc
311 1659 414 1716 dteere:
449 1659 500 1718 lusu
517 1663 596 1716 nntser
614 1659 676 1732 qnid
696 1659 810 1716 luciensi
862 1661 929 1725 Quia
945 1661 1109 1721 dulcissimus

76 1779 150 1821 nene
167 1768 291 1835 purentcs
309 1762 410 1830 occidi;
445 1775 504 1818 ecee
521 1761 652 1833 inpletum
670 1767 711 1817 est
727 1758 833 1816 rcnbunu
851 1764 937 1828 cerri,
963 1763 1032 1835 qued
1050 1766 1108 1820 dnn

78 1867 163 1918 ulture
188 1861 274 1930 uului,
311 1863 471 1917 miserrimus
496 1861 644 1933 adimpleri.
694 1861 753 1918 June
778 1860 837 1916 talu
855 1875 931 1916 soror
949 1862 1108 1933 dulcissima,

78 1965 141 2036 pule
159 1961 193 2017 de
209 1969 316 2018 metere
333 1977 384 2016 nnn
401 1966 547 2036 quiescam,
575 1961 770 2026 denec-scium,
799 1960 868 2031 qued
888 1961 955 2017 ltens
974 1967 1110 2033 poenten-

77 2066 141 2117 ttunn
158 2077 242 2118 nean
261 2064 400 2134 acceperit
433 2062 482 2118 Cui
499 2063 561 2119 ills:
586 2061 674 2128 ubslt,
691 2058 840 2116 dulcissime
860 2060 955 2132 inune,
974 2069 1001 2116 ut
1019 2069 1044 2119 te
1062 2063 1109 2120 de-

77 2177 164 2218 eensnu
182 2168 210 2218 et
226 2166 283 2217 sine
300 2177 341 2219 rue
358 2161 456 2230 nbees,
472 2161 520 2219 esd
540 2176 607 2235 quse
625 2160 662 2216 lul
678 2166 762 2216 tecum
779 2163 912 2233 particeps
930 2164 1038 2234 gaudii,
1062 2182 1110 2222 ern

78 2265 212 2334 particeps
237 2269 265 2317 et
287 2260 396 2318 doloris.
430 2261 504 2318 'l'nnc
522 2263 626 2317 insimul
642 2262 794 2318 recedentes
810 2262 889 2334 justu
906 2262 1035 2333 quoddsnn
1055 2281 1110 2321 nnn·

78 2378 157 2435 guum
175 2363 269 2417 llmnen
280 2405 288 2429 ,
299 2360 350 2440 ¹ulti
366 2362 439 2417 multi
457 2361 692 2433 periclitabantur,
724 2360 855 2433 suellen
873 2360 1005 2434 hospitale
1027 2369 1108 2421 naxi-

78 2467 321 2528 menisminorum,
339 2467 368 2517 ut
383 2461 420 2534 ilrl
438 2463 624 2534 poenitentiam
643 2462 760 2518 lucerent
779 2469 924 2530 stennon,
952 2465 997 2534 qni
1015 2465 1111 2521 uellent

78 2565 192 2618 transire
213 2561 334 2628 nestun,
369 2563 531 2618 incessanter
553 2562 755 2619 ususvelnerent
777 2568 803 2617 et
826 2561 944 2633 hospitio
974 2565 1111 2622 universes

79 2677 212 2734 pauperes
228 2664 384 2733 reciperent.
418 2661 480 2717 Post
500 2662 604 2717 nultum
621 2677 685 2718 rere
701 2665 827 2733 temperis
844 2662 931 2716 incelis
948 2669 1033 2730 nocte,
1052 2667 1111 2722 ‹innt

77 2763 200 2820 tultnnes
218 2762 303 2816 lessus
321 2764 466 2832 quiesceret
485 2767 512 2816 et
528 2763 589 2835 gelu
607 2777 691 2835 grune
708 2767 795 2828 esset,
831 2760 931 2816 suiten
955 2779 1044 2821 necent
1065 2769 1109 2820 nni-

78 2861 232 2920 scrulslliter
248 2861 431 2916 lamentantem
450 2877 481 2917 sut
499 2861 640 2930 lulianum,
652 2863 688 2916 'nt
705 2876 734 2917 ne
752 2859 911 2928 traduceret,
928 2862 1033 2934 lugubri
1048 2881 1112 2922 rece

79 2967 256 3018 innocentem:
293 2961 362 3033 pund
388 2963 432 3019 ille
450 2961 560 3018 eudicus
582 2964 698 3016 concitus
718 2963 832 3016 surrexit
851 2967 878 3016 et
893 2963 949 3033 jen
966 2965 1029 3037 gelu
1047 2964 1111 3022 den-

78 3065 191 3119 cientem
208 3063 343 3118 inveniens
360 3064 386 3115 in
404 3061 504 3118 donnum
524 3077 597 3116 sunm
609 3063 759 3132 porteritet
772 3063 858 3135 ignem
872 3062 1016 3119 accendens
1029 3066 1112 3136 ipsun

78 3164 229 3220 &elucere
248 3162 355 3217 studuit.
389 3161 442 3217 Sed
462 3176 518 3216 curn
534 3162 649 3217 celeliert
667 3176 717 3218 nnn
736 3166 886 3232 percuciet,
913 3175 944 3217 ne
963 3162 999 3218 lbi
1018 3163 1112 3222 deiec-

80 3271 137 3328 τοι,
162 3265 279 3330 timeret,
303 3264 388 3332 ipsum
410 3265 436 3316 in
455 3261 576 3316 lnctnlunn
592 3277 665 3316 suune
684 3262 800 3332 pertenit
817 3267 843 3316 ct
859 3261 1000 3334 diligenter
1016 3279 1112 3336 cespe-

80 3367 145 3420 ruit.
178 3361 242 3417 Post
259 3361 390 3432 pnululunn
410 3359 468 3428 ille,
494 3362 539 3433 qul
555 3364 594 3414 sie
611 3361 726 3416 infirnus
745 3366 771 3415 et
790 3361 866 3431 quusi
884 3360 1005 3432 lepresus
1028 3377 1109 3436 eppa-

82 3469 183 3531 rueret,
201 3460 353 3532 splendidus
371 3460 479 3516 scendet
496 3460 530 3515 ad
547 3460 657 3516 eetlnern
674 3467 701 3516 et
717 3459 816 3532 lnespiti
834 3476 883 3516 sue
901 3461 981 3517 elisit:
998 3462 1112 3531 tullune,

80 3563 203 3620 doninus
221 3563 291 3616 nisit
309 3577 349 3617 nne
366 3562 400 3616 nd
416 3569 452 3631 te,
474 3561 598 3617 mundans
615 3561 673 3629 tibi,
690 3561 761 3633 qued
779 3567 849 3617 tunm
867 3565 1051 3633 poenitentium
1069 3579 1113 3618 sc-

79 3663 199 3734 eepterit
216 3665 243 3716 et
261 3660 337 3738 nulio
358 3668 417 3732 poet
437 3662 562 3717 nundienn
581 3665 607 3716 ln
625 3659 728 3716 donnino
748 3663 898 3734 quiescetis.
950 3661 1046 3735 Sieque
1069 3665 1113 3719 llln

81 3762 215 3833 disparuit
239 3767 266 3816 nt
287 3761 407 3818 lulianus
431 3777 487 3817 enen
513 3776 596 3816 nuere
620 3775 669 3816 sun
693 3768 753 3832 pest
777 3761 902 3816 nedicunt
927 3761 1020 3834 plenus
1037 3762 1114 3820 benis

80 3859 208 3933 operibus
231 3867 259 3914 et
284 3861 448 3918 eleemosinis
474 3864 500 3916 ln
518 3862 621 3918 donnino
639 3863 776 3934 nequierit.
799 3889 834 3902 —-
852 3893 886 3904 -
903 3891 938 3904 ·-
959 3865 994 3922 ὅ.
1013 3861 1070 3918 Fuit
1087 3871 1114 3919 et

81 3962 153 4016 nlius
168 3960 299 4027 lulianus,
319 3977 368 4015 nnn
387 3962 490 4033 quiden
509 3969 615 4017 sanctus
633 3961 681 4017 sed
698 3961 933 4028 sceleratissimus,
951 3963 1052 4018 seilicet
1067 3963 1113 4020 lu·

80 4063 170 4116 liunus
188 4065 321 4132 apostute.
368 4061 413 4116 llic
430 4061 549 4118 tullense
567 4065 640 4132 prius
660 4063 708 4116 lult
725 4061 865 4116 nonachus
884 4069 911 4118 et
924 4075 1034 4135 megerae
1053 4063 1113 4118 reli-

81 4163 171 4233 gionis
188 4160 333 4224 simulator,
351 4161 478 4231 quaedem
498 4169 583 4216 autern
602 4161 694 4218 mullet·
711 4168 758 4230 (ut
774 4160 855 4217 nelert
873 4165 999 4234 rnnglster
1013 4163 1115 4219 leien-

82 4276 130 4316 nes
146 4258 238 4315 Beletln
257 4261 283 4314 in
302 4261 407 4315 Summe
425 4261 456 4318 de
475 4261 562 4315 cilicio
580 4261 729 4332 ecelesiae)
748 4259 848 4316 hebens
864 4266 919 4317 tres
935 4262 1004 4317 ellus
1024 4263 1115 4334 plenas

81 4363 157 4428 nuri,
176 4375 266 4415 aurern
283 4359 346 4414 illud
366 4361 392 4414 in
410 4361 516 4415 erilieiiu
534 4360 644 4416 ellurum
660 4363 763 4429 cinere,
788 4377 821 4416 nc
838 4368 994 4432 appareret,
1012 4365 1116 4434 spensti

83 4468 109 4514 et
128 4459 277 4530 prnedietes
297 4458 503 4527 attestatum,
541 4475 616 4532 quen
636 4463 826 4517 sanctissinum
845 4458 972 4517 hominene
991 4463 1115 4518 sentiens·-
