2798 5302
288 454 329 515 40
371 456 443 534 Cap.
465 453 513 511 Vl.
557 452 600 510 De
623 451 767 511 nativitate
787 449 895 510 domini
917 452 1006 510 nostri
1029 451 1098 510 Jesu
1122 452 1240 513 Christi.

290 614 360 688 qnod
378 617 509 684 insopita
531 612 622 682 hlopse
645 616 672 666 et
694 607 831 682 prophetis
855 617 881 666 et
904 609 1109 684 darenturque
1132 612 1167 667 ad
1185 612 1321 682 aduentu

290 714 388 770 Christi
407 717 433 767 in
450 727 569 778 caruem,
607 710 677 782 qnod
699 717 800 780 tempus
821 716 1004 780 repraesentat
1022 710 1136 767 ccclesia
1153 711 1188 768 ab
1212 713 1324 768 adventa

290 825 373 884 usque
392 811 425 866 ad
442 815 604 866 nativitatem
622 807 718 864 domini
743 799 879 865 iuclusirc.
932 809 1056 881 Sequitur
1074 810 1107 868 de
1126 812 1324 876 festivitatibus.

292 927 360 984 qnae
377 915 499 967 eueniunt
514 911 704 979 intratempus,
722 906 792 979 quod
809 910 902 978 pertin
921 913 1067 966 continetur
1086 911 1135 966 sub
1149 919 1269 985 tempore
1285 927 1325 969 ra·

291 1011 491 1072 conciliationis,
511 1012 606 1080 purtim
624 1008 672 1063 suls
691 1014 807 1078 tempore
825 1009 1055 1080 peregrinationis,
1075 1009 1146 1083 quod
1164 1018 1267 1083 tempus
1286 1029 1327 1068 re-

292 1117 446 1181 praesentat
462 1111 574 1180 ecclesia
590 1123 606 1163 a
623 1109 760 1162 nativitate
778 1121 862 1177 usque
879 1107 913 1162 ad
929 1113 1169 1184 septuagesimam,
1199 1115 1267 1167 sicut
1284 1129 1327 1167 sn-

293 1225 343 1282 pra
361 1213 387 1264 iu
405 1210 518 1283 prologo
538 1209 632 1264 dictum
650 1213 698 1262 est.

361 1309 490 1363 Nativitas
507 1309 602 1364 domiui
621 1311 703 1361 nostri
722 1305 785 1363 lesu
805 1306 899 1362 Christi
919 1309 1056 1364 secundum
1075 1325 1192 1379 carnem,
1227 1318 1255 1365 ιιι
1272 1314 1328 1384 qul·

296 1408 353 1462 dam
372 1411 459 1480 cluunt,
496 1408 632 1479 completis
658 1408 692 1460 ab
717 1405 800 1462 hdam
821 1410 933 1479 quicuque
951 1409 1064 1464 millibus
1082 1411 1201 1471 ducentia
1220 1409 1330 1466 xxviii

296 1510 371 1562 annia
389 1508 432 1562 rei
450 1507 588 1563 secundum
613 1505 680 1561 alios
699 1505 734 1562 Vl
754 1506 866 1560 millibus
886 1508 926 1561 rol
946 1508 1084 1564 secuudum
1103 1509 1244 1566 Eusebium
1264 1510 1329 1566 Cae-

295 1603 438 1663 sariensem
463 1609 489 1662 in
515 1605 652 1672 Chronicls
683 1607 739 1662 suis
765 1607 878 1677 quinque
903 1607 1017 1662 millibus
1049 1614 1188 1681 uorrgeutis
1215 1617 1332 1682 tenpore

298 1706 435 1763 Octauiani
458 1705 625 1778 inperatoris
650 1705 722 1760 lacta
745 1710 786 1760 est
810 1711 838 1760 et
861 1709 1020 1777 conputatio
1046 1715 1132 1765 auten
1158 1725 1206 1767 sex
1224 1710 1332 1765 millium

297 1822 423 1862 annorum
438 1810 545 1862 lucente
564 1805 612 1860 luit
630 1804 792 1862 ahlcthodio
810 1809 896 1877 potius
914 1808 1020 1876 upstlce
1037 1821 1113 1880 quem
1129 1807 1262 1866 chronice.
1281 1809 1333 1867 Vc-

298 1908 385 1962 nieuto
403 1914 487 1962 auteur
507 1909 564 1977 ipso
585 1905 637 1958 tillo
656 1905 704 1960 Del
721 1907 748 1958 in
766 1920 879 1971 carnem,
896 1912 971 1960 ιιιιι
985 1921 1051 1978 pace
1070 1910 1207 1964 unsarans
1222 1910 1333 1965 naudus

297 2005 441 2078 gaudebat,
460 2013 488 2062 ut
505 2007 553 2061 toti
571 2007 629 2061 orbi
650 2006 739 2059 unicus
757 2004 929 2060 nummorum
946 2008 1091 2077 imperator
1104 2009 1213 2080 paetino
1230 2012 1334 2081 praesi-

299 2104 381 2160 deret.
432 2104 478 2161 llic
500 2105 585 2160 dictus
610 2112 652 2160 est
670 2099 831 2161 Octauianus
846 2119 863 2158 a
880 2107 963 2175 prium
981 2108 1162 2177 impositione,
1199 2107 1335 2164 Caesare

298 2203 369 2260 tuuc
388 2206 512 2272 Caesare,
531 2206 605 2276 cujus
626 2204 673 2258 luit
693 2219 783 2274 nepos,
802 2204 936 2276 Augustus
954 2205 988 2258 ab
1006 2212 1146 2278 augmento
1155 2209 1193 2263 rei
1202 2207 1334 2280 publicae,

299 2301 444 2374 Imperator
462 2320 478 2359 a
493 2305 629 2376 dignitatis
647 2303 761 2370 honore,
795 2305 838 2375 qui
865 2301 898 2357 ad
922 2303 1095 2359 differentium
1114 2306 1224 2374 allorum
1243 2323 1334 2381 regum

303 2401 350 2456 luit
370 2407 452 2472 primo
471 2405 521 2460 hoc
539 2407 641 2459 nominc
659 2405 805 2474 insignitos.
839 2402 903 2458 uno
922 2405 990 2457 sicut
1007 2405 1079 2458 nasei
1099 2405 1189 2471 uoluit,
1212 2413 1241 2460 at
1259 2407 1335 2462 nobis

302 2515 392 2573 pacem
410 2507 535 2575 temporis
554 2512 581 2558 ot
598 2501 688 2574 pacem
706 2495 869 2557 aeternitatis
887 2502 1023 2569 tribueret,
1042 2506 1080 2558 sic
1091 2503 1180 2570 uoluit,
1200 2505 1335 2562 ntnihilo-

302 2603 387 2656 minus
413 2609 496 2658 ortum
519 2618 592 2658 suum
619 2619 670 2674 pau
687 2604 811 2672 temporis
830 2602 982 2657 illustraret.
1028 2603 1128 2659 Caesar
1145 2606 1227 2677 igitur
1243 2606 1335 2678 Augu·

303 2707 359 2754 stus
377 2706 500 2758 uniuerso
518 2702 672 2773 praesidens
689 2699 747 2756 orbi
766 2703 834 2758 scire
852 2701 950 2768 uoluit,
982 2707 1046 2773 quot
1069 2705 1237 2775 prouinciae,
1273 2714 1337 2778 quot

303 2803 439 2862 civitates.
459 2809 522 2878 quot
538 2808 641 2864 castra,
670 2807 733 2873 quot
751 2801 847 2866 uillae,
873 2799 1071 2873 quothonulnee
1089 2805 1190 2857 inloto
1209 2802 1275 2860 orbe
1294 2821 1337 2860 es·

303 2905 371 2966 sent,
388 2903 512 2972 stjussit‚
531 2907 560 2956 ut
576 2900 670 2956 dicitur
687 2903 713 2954 in
731 2899 855 2971 hystoriis
872 2891 1047 2968 scholasticis,
1065 2908 1094 2957 ut
1111 2917 1200 2958 omues
1220 2902 1337 2961 lsorniues

303 2998 338 3053 ad
351 2999 450 3067 urbam,
470 2999 539 3057 unde
553 2999 695 3055 trahebant
713 3000 851 3072 originem,
868 3007 1012 3072 pergerent
1030 3007 1056 3057 et
1075 2981 1185 3074 quilibet
1203 3001 1338 3058 denarium

304 3105 457 3170 argenteum
474 3099 539 3172 (qui
558 3099 664 3154 ualebat
688 3098 775 3153 decere
794 3115 910 3154 nummos
929 3099 1053 3168 usuales,
1083 3098 1151 3156 unde
1169 3106 1197 3158 et
1214 3101 1338 3159 denarius

246 3211 249 3220 ¹
305 3197 454 3269 dicebatur)
472 3198 588 3270 praesidi
608 3201 759 3270 prouinciae
778 3197 895 3265 tradens,
913 3213 942 3253 ae
962 3197 1093 3255 subditum
1109 3215 1218 3256 romano
1229 3203 1340 3273 imperio

306 3297 480 3366 profiteretur.
531 3299 595 3354 Nam
621 3305 647 3355 ot
673 3313 794 3353 'nummus
814 3300 958 3370 ¹trisagiuepu
988 3298 1143 3370 proterebat
1166 3300 1291 3357 Caesarie
1313 3310 1341 3358 et

305 3394 522 3466 subscriptionem
540 3401 659 3453 nominis.
711 3395 854 3453 Dicebatur
872 3403 958 3453 auteur
982 3397 1113 3468 professio
1141 3405 1168 3456 st
1185 3399 1338 3474 descriptio,

306 3493 353 3550 sed
372 3495 477 3551 diversa
494 3498 713 3554 consideratione.
738 3495 873 3552 Prolessio
892 3500 960 3553 enirn
977 3496 1121 3568 dicebatur,
1141 3502 1203 3572 quia
1219 3499 1340 3571 quilibet,

292 3595 412 3664 'quando
430 3597 557 3653 reddebat
580 3597 697 3670 praesidi
717 3598 868 3668 provinciae
888 3601 959 3653 censi
978 3602 1071 3668 caput,
1100 3598 1186 3653 idest
1205 3597 1341 3655 denarium

306 3693 388 3760 illum,
407 3698 451 3766 qui
469 3700 508 3752 sic
528 3698 687 3761 uocabatur,
706 3693 821 3768 ponebat
838 3704 918 3768 super
931 3695 1014 3768 caput
1032 3712 1106 3752 suum
1124 3703 1151 3752 et
1167 3701 1277 3768 proprio
1289 3716 1342 3756 -ore

308 3793 489 3864 profitebatur,
506 3812 537 3852 aa
556 3813 615 3854 esse
632 3796 763 3851 achileum
780 3812 888 3852 romano
905 3797 1025 3868 irnperio,
1043 3795 1112 3851 undo
1126 3797 1265 3856 dicebatur
1279 3815 1342 3871 pro

307 3892 401 3960 lessio,
420 3894 448 3949 ld
465 3902 510 3952 est.
522 3898 630 3968 proprio
641 3873 694 3951 'ora
713 3895 812 3962 turio,
831 3902 858 3950 st
875 3895 956 3952 debat
970 3897 1022 3954 boc
1038 3911 1126 3952 coram
1146 3900 1216 3954 omni
1233 3899 1342 3970 populo.

308 3981 456 4065 Descriptio
476 4003 561 4050 autem
578 3994 724 4060 dicebatur,
746 3997 809 4066 quia
826 4011 947 4050 uumerus
966 4012 1064 4064 corruo,
1083 4000 1127 4070 qul
1146 4013 1251 4053 censum
1270 4000 1343 4070 eapi-

309 4096 342 4147 tis
363 4093 491 4160 iurabant,
510 4101 582 4149 certo
600 4093 823 4150 determinabatur
838 4110 946 4149 numero
963 4102 991 4150 et
1008 4095 1179 4168 redigebatur
1190 4099 1343 4170 inscriptis.

309 4193 379 4248 llaec
404 4201 490 4249 autem
515 4193 657 4264 descriptio
681 4197 764 4266 primo
793 4193 862 4247 lacta
885 4199 924 4247 est
949 4208 966 4249 ι
991 4193 1114 4265 praeside
1133 4196 1225 4268 Syriae
1245 4196 1344 4252 cinno.

272 4302 275 4308 ’
308 4291 395 4346 Prima
412 4291 521 4360 dieitur,
547 4300 575 4346 ut
591 4295 617 4348 iu
635 4293 726 4348 iisdem
744 4291 869 4364 hystoriis
889 4292 1053 4348 scholasticis
1071 4293 1198 4360 habetur,
1220 4303 1343 4368 quantum

307 4392 341 4445 ad
361 4391 482 4446 ilianum.
525 4391 592 4455 tinia
611 4395 677 4448 cuin
698 4391 801 4450 iudaea
817 4395 842 4448 in
862 4392 983 4449 umbilico
1003 4397 1090 4452 terrac
1109 4401 1217 4452 nostrae
1236 4393 1343 4451 habita-
