2918 5302
149 458 221 538 Cap.
245 456 376 517 cxxxi.
419 456 463 514 De
485 454 630 514 nativitate
650 455 754 513 isesias
774 451 883 510 binriue
903 449 1029 528 virginis.
1070 446 1131 510 oei

99 612 169 668 tribu
189 618 256 668 erat.
290 609 381 671 Voluit
399 611 466 668 enin
478 611 607 674 doninus,
625 616 654 666 tut
666 607 813 664 baetribus
826 575 1013 680 pristie'gtatae
1026 608 1135 675 propter

100 711 243 766 tristeriun
266 710 301 765 ed
325 711 433 767 inriceru
458 696 643 775 miscerentur,
668 709 729 780 quie
748 707 781 762 de
798 708 834 762 iis
851 706 970 761 doninus
987 705 1135 758 nesciturus

102 813 175 876 erut,
193 811 239 881 qui
258 825 319 865 rere
335 826 383 865 rex
400 815 427 865 et
444 806 570 866 sacerdos
590 823 638 878 pro
656 806 733 863 nobis
751 821 781 862 ιι
799 808 883 876 ipsun
901 804 1009 860 oiierrct
1025 808 1053 859 ιι
1069 801 1134 857 bde-

100 906 143 962 ies
162 922 226 962 suos
245 909 271 964 in
288 908 389 964 maiitin
406 908 485 979 hujus
503 909 574 961 ritae
591 910 739 978 pugnantes
757 908 864 977 regeret
880 908 907 960 et
924 909 985 974 post
1001 905 1136 958 uictoriam

102 1012 251 1061 coronaret
287 1005 362 1070 Quod
380 1009 457 1062 etiam
478 1021 511 1062 etr
528 1007 632 1061 neruine
650 1003 763 1072 Christi,
781 1002 808 1057 id
826 1007 867 1058 ιιι
884 1001 992 1070 inuncti,
1010 1001 1136 1068 innuitur,

103 1106 165 1176 quia
189 1104 241 1160 soii
266 1105 421 1162 sacerdotes
445 1111 471 1160 et
494 1119 577 1178 reges
598 1111 624 1160 ct
641 1102 787 1175 propbetas
805 1103 832 1156 iu
849 1100 911 1174 iege
928 1102 1010 1156 reteri
1026 1102 1137 1172 inunge·

104 1203 215 1272 bantur,
233 1202 302 1259 undo
320 1212 347 1260 et
364 1220 413 1259 uos
431 1219 448 1259 a
465 1194 569 1260 Christo
589 1202 724 1258 ebriatisoi
742 1201 853 1256 dicimur
875 1207 903 1256 ei
925 1216 1010 1273 genus
1028 1200 1137 1255 eiectnnr

106 1307 133 1357 et
165 1303 192 1372 ¹)
202 1303 293 1373 regaie
321 1303 496 1360 sacerdotium
525 1301 696 1374 appellantur.
748 1298 803 1356 Sed
836 1305 863 1357 et
891 1298 961 1373 quod
990 1296 1137 1367 dicebatur,

106 1399 177 1473 quod
198 1401 323 1458 tuuiieres
347 1409 433 1458 innuen
460 1417 524 1458 suae
548 1402 635 1456 tribus
659 1398 808 1455 bominibus
827 1400 1017 1472 jungerentur,
1041 1397 1140 1452 dictura

106 1499 190 1555 inisse
220 1506 336 1568 constat,
362 1517 395 1557 ne
427 1500 577 1556 distributio
602 1503 712 1556 sortium
736 1497 949 1557 contunderetur.
985 1495 1054 1564 outo
1076 1513 1140 1554 tero

106 1599 215 1656 ieritica
230 1600 315 1656 tribus
333 1606 431 1656 suriest
449 1601 517 1655 iuter
535 1605 657 1656 caeteros
676 1615 728 1654 uon
745 1596 879 1666 babebat,
899 1597 1022 1654 mulieres
1041 1595 1076 1653 ds
1095 1596 1141 1652 iiia

107 1700 177 1754 tribu
185 1698 285 1756 nubere
297 1705 429 1772 poterant,
446 1701 489 1755 cui
498 1697 630 1755 solebant.
650 1696 799 1770 iipotorisur
811 1703 897 1752 nutent
907 1697 1142 1768 uedsitutisrirgi-

109 1800 149 1854 nie
161 1796 255 1854 beatus
267 1797 449 1871 Hieronymus,
461 1805 491 1855 ιι
501 1800 527 1853 in
539 1797 652 1871 prologo
665 1797 756 1864 reieci,
769 1794 981 1852 adolescentulus
992 1798 1018 1850 in
1029 1794 1142 1868 quodam

109 1894 200 1952 iibciio
209 1897 286 1970 iegit,
304 1897 353 1954 sed
365 1898 541 1970 postmultum
554 1899 697 1968 tenporis,
716 1901 745 1951 ut
754 1911 784 1951 ιι
795 1895 893 1950 ibidem
904 1895 1006 1967 tegisse
1022 1892 1143 1960 rccuiuii,

110 1999 194 2066 prino
213 2001 324 2068 rogatus
341 1999 533 2071 transscripsit.
567 1994 685 2054 Joacbitu
708 2010 820 2066 namque
838 2011 871 2051 ex
890 1991 1011 2050 Gaiiiaeu
1033 1999 1060 2051 ei
1077 1996 1143 2049 ciri-

110 2100 165 2151 tate
182 2093 314 2152 Nazareth
326 2102 452 2152 sarcinat
475 2098 576 2153 buntur
600 2110 633 2152 ex
650 2093 805 2150 Bribiebenr
830 2093 904 2149 duxit
920 2109 1042 2162 uxoren,
1067 2093 1145 2149 antbo

111 2196 282 2266 ostentasti
299 2200 374 2250 crant
392 2203 420 2251 ei
435 2195 513 2252 ernbo
531 2197 590 2252 siue
607 2193 813 2265 reprehensione
831 2196 857 2248 iu
877 2195 998 2252 omuibus
1016 2194 1146 2251 mandetis

113 2293 210 2350 donini
229 2293 386 2351 incedebant
403 2309 555 2366 orunenqus
578 2309 651 2350 sunu
669 2291 841 2348 substantium
859 2293 961 2350 triiurie
982 2294 1146 2361 dividebant,

112 2409 187 2450 ιιιιι
213 2400 313 2465 parteru
340 2395 437 2466 teupio
465 2400 491 2452 ιι
520 2393 610 2465 tempii
638 2391 811 2449 servitoribus
838 2391 1038 2463 inpendebant,
1067 2392 1146 2462 aiiaru

112 2495 262 2568 peregrinio
280 2499 307 2551 et
324 2493 485 2566 pauperibus
503 2491 669 2566 erogabant,
692 2495 797 2548 teuton
821 2492 873 2548 sibi
898 2499 926 2548 et
949 2492 1065 2549 ianiiine
1083 2509 1148 2551 suae

4 2619 6 2623 ·
112 2595 205 2648 usibus
223 2593 404 2650 reservabant.
438 2591 471 2649 Et
488 2594 527 2649 ita
544 2609 593 2665 per
609 2607 694 2648 anuos
711 2589 763 2648 ΧΧ
785 2593 885 2663 proient
903 2610 937 2650 ιι
953 2595 1078 2668 conjugio
1096 2610 1149 2652 non

113 2675 243 2748 babentes
267 2699 396 2748 uoreruni
412 2692 532 2761 doutoo,
558 2692 643 2765 quod,
668 2691 693 2746 si
710 2691 744 2746 iis
762 2691 879 2749 subolere
898 2694 1068 2762 concederet,
1092 2711 1149 2751 earn

115 2793 225 2847 servitio
248 2792 344 2847 donini
368 2795 555 2864 manciparent.
591 2791 673 2863 Cujus
698 2791 738 2846 rei
761 2793 850 2864 gratia
868 2808 925 2849 cun
944 2794 1057 2867 singuiis
1075 2796 1150 2850 annis

115 2892 143 2946 in
159 2889 244 2946 tribus
263 2891 340 2947 iestis
358 2893 510 2964 praecipuis
527 2890 673 2951 ierusalem
694 2891 899 2963 frequentarent,
920 2894 946 2948 in
965 2893 1034 2949 iesio
1054 2909 1150 2950 cucer-

27 3063 29 3070 .
116 2990 348 3047 nioruurdoacbinr
369 3006 425 3047 curo
437 2989 628 3047 contribulibus
640 2989 869 3048 suisiiierusoieru
881 2993 1029 3060 adscendit,
1050 2999 1076 3052 ct
1095 3010 1151 3050 curo

115 3093 230 3148 caeteris
254 3091 288 3147 ad
305 3091 391 3147 citare
413 3090 541 3148 accedens
559 3089 718 3146 obiutionetn
736 3089 809 3147 suan
827 3093 925 3150 oiierre
944 3093 1035 3150 sciuit
1071 3093 1152 3158 Quen

118 3191 209 3247 vident
234 3189 363 3247 sacerdos
384 3203 442 3246 curu
465 3189 646 3264 indignatione
668 3191 749 3247 trinio
772 3191 878 3265 repulit,
902 3198 929 3250 ei
946 3208 993 3249 cur
1016 3193 1050 3248 ad
1068 3195 1154 3252 nitere

78 3279 80 3284 ’
116 3289 304 3346 lieiaoeedore
320 3295 510 3362 praestrueret,
529 3291 674 3362 increparit
692 3305 815 3348 ιιιιιιιι
833 3309 885 3349 ιιι
903 3309 965 3350 esse
982 3296 1151 3362 couveniens,

118 3369 256 3444 nuiedicto
273 3388 342 3461 iegis
354 3388 497 3444 obnouiunr
510 3388 670 3446 obisiiooeru
688 3390 794 3446 douinu
811 3391 881 3466 tegis
902 3389 1007 3460 oiierrc,
1025 3409 1075 3449 neu
1086 3396 1156 3450 inter
1216 3465 1218 3470 ι

119 3486 264 3544 foecundus
290 3485 483 3554 ioioeeuudurn,
515 3493 542 3543 et
564 3488 611 3560 qui
634 3488 758 3561 popniuru
782 3489 831 3548 liei
849 3508 902 3548 nou
921 3494 1010 3560 auxit,
1038 3491 1155 3560 adstare,

117 3569 237 3646 icac'iriua
259 3587 342 3660 igitur
366 3588 408 3641 siu
429 3585 565 3641 cuoiusura
587 3601 618 3642 ιι
635 3585 727 3643 ridens
745 3605 810 3661 prae
827 3589 929 3662 pudore
946 3589 1048 3646 dentum
1066 3592 1154 3648 redire

119 3685 217 3751 noisit,
234 3701 267 3740 ne
285 3685 408 3741 sinititer
425 3699 442 3740 a
460 3684 651 3741 contribuiibus
670 3689 735 3755 tois,
753 3689 798 3762 qui
816 3689 869 3746 boo
889 3689 1037 3759 audierant,
1055 3696 1155 3746 tontum

118 3782 288 3856 opprobria!
306 3785 457 3840 sustineret
492 3782 626 3842 Secedeas
643 3787 726 3859 igitur
742 3787 775 3843 ad
795 3796 917 3860 potiores
936 3806 1016 3856 suos,
1040 3805 1097 3844 ιιιι
1120 3789 1157 3844 ibi

119 3881 280 3957 niipuendiu
297 3882 408 3949 inisset,
432 3881 543 3955 quadarn
569 3883 613 3940 die
637 3885 662 3941 ei
685 3883 737 3940 soii
760 3887 870 3960 angeius
888 3903 945 3944 catu
963 3869 1059 3962 stagna
1077 3889 1156 3944 ciari-

120 3981 175 4038 ttite
200 3983 325 4052 apparuit
349 3987 376 4039 et
399 3981 434 4038 de
451 3985 510 4054 ejus
528 3985 630 4040 risione
647 3983 794 4054 turbatust,
818 3990 989 4055 attineret,
1014 3987 1159 4057 admonuit,

120 4081 223 4137 dicens:
248 4096 299 4154 ego
322 4096 378 4136 suu
402 4063 635 4153 nugetus'dentnt
650 4086 748 4140 niseus
764 4083 799 4158 ud
822 4089 866 4154 te,
889 4093 918 4140 ιι
941 4089 1089 4144 annuntient
1110 4088 1159 4143 tibi

121 4195 215 4252 preces
227 4186 286 4236 tuas
299 4179 439 4235 exauditas
451 4195 512 4236 esse
525 4187 552 4237 et
561 4182 720 4239 cienosinas
733 4173 794 4241 tuas
807 4187 833 4241 in
844 4194 987 4258 conspectu
1003 4186 1100 4243 donini
1111 4186 1159 4242 ad·

172 4397 194 4451 i)
207 4393 296 4450 adjeci.
309 4392 413 4446 regaie
427 4391 511 4438 ornitiit
524 4393 564 4437 Ed.
578 4399 611 4438 t’r.
