2902 5310
357 505 431 584 Cap.
455 503 557 563 clxi.
605 502 649 563 De
671 513 771 562 sancto
793 500 962 563 Eustochio.
1114 499 1176 562 71⁷

137 667 220 737 rlpanr
246 662 358 720 luminis
383 662 533 737 dereliquit.
569 664 631 720 cnm
655 670 740 721 autem
765 669 955 732 reverteretur,
987 666 1016 718 ut
1038 678 1079 720 me
1102 665 1174 719 accl-

136 771 225 837 peret,
251 766 328 836 lupus
355 768 425 822 venit
448 771 476 822 ιι
499 765 570 820 illum
597 763 722 820 infantem
748 768 836 837 rapuit
859 770 1062 837 et,.antequam
1082 761 1117 818 ad
1134 779 1176 819 me

136 869 377 938 appropinquaret,
395 864 438 922 leo
456 865 490 922 de
508 866 577 920 silva
595 867 687 921 eniens
705 882 745 922 me
764 869 852 938 rapuit
869 872 897 923 ιι
913 869 939 920 in
954 865 1045 920 silvam
1059 863 1175 920 deduxit

137 965 264 1022 Pastorcs
281 981 345 1022 vero
368 972 492 1021 eruerunt
510 983 551 1022 roe
570 965 603 1022 de
631 982 678 1022 ore
701 966 786 1022 leonte
810 972 836 1022 ct
862 969 975 1022 nutritus
999 979 1056 1020 snm
1079 966 1106 1018 in
1129 963 1178 1018 illa

138 1068 324 1138 possessione,
351 1067 376 1121 in
395 1081 447 1138 qne
466 1067 654 1137 elipensis,
679 1073 705 1122 ιι
723 1083 774 1122 non
794 1069 868 1138 putul
887 1068 973 1134 seire,
998 1065 1061 1138 quid
1080 1064 1177 1120 iactum

137 1169 173 1224 sit
198 1165 231 1222 dc
257 1173 333 1238 patre
358 1183 415 1223 meo
440 1182 525 1238 nequo
549 1165 584 1222 de
608 1167 718 1227 inlarrte.
753 1166 823 1222 llaec
845 1168 957 1223 audiens
979 1167 1066 1221 minor
1089 1166 1178 1236 coepit

138 1268 202 1324 dere
220 1281 253 1322 ac
270 1267 371 1323 dicero:
390 1283 439 1339 per
455 1267 547 1335 lleum,
567 1274 594 1322 ut
611 1267 703 1333 audio,
721 1267 805 1322 irater
822 1275 881 1322 tuns
899 1283 955 1324 sum
974 1280 1037 1339 ego,
1054 1267 1177 1338 quoniam

138 1375 165 1424 ct
186 1370 233 1441 qni
258 1383 297 1423 uno
324 1368 517 1436 educaverant,
541 1367 593 1424 lroo
617 1367 757 1434 dicebant,
782 1367 852 1440 quod
874 1367 908 1424 de
927 1368 989 1438 lupo
1009 1369 1122 1423 eruimus
1140 1371 1175 1422 tc.

136 1467 171 1524 Et
193 1471 219 1523 in
242 1469 377 1540 amplexus
396 1475 502 1525 ruentes
521 1468 709 1524 osculabantur
725 1483 756 1523 se
774 1469 885 1524 invicem
905 1474 932 1524 ιι
949 1467 1085 1524 llcvernnt.
1120 1468 1177 1522 Aa·

138 1570 214 1625 diens
242 1568 307 1625 haec
330 1576 413 1624 mater
432 1585 520 1625 corum
539 1576 565 1625 et
587 1568 777 1636 considerans,
802 1567 873 1640 quod
896 1569 1115 1624 crentum‘su'sna
1139 1568 1178 1622 its

138 1671 254 1726 seriatim
279 1668 426 1736 dixissent,
452 1667 496 1724 dtrr
521 1668 592 1740 apud
616 1685 646 1726 sc
668 1670 805 1736 tractarit,
831 1671 853 1722 si
880 1667 920 1721 illl
942 1667 990 1722 ilii
1013 1670 1054 1724 sul
1078 1673 1177 1733 essent,

137 1770 222 1827 altera
245 1777 332 1826 aulen
358 1769 402 1825 die
425 1767 460 1824 ad
486 1773 640 1843 magistrun
664 1771 772 1826 militurn
792 1769 858 1824 adiri
878 1774 904 1824 et
922 1768 1101 1840 interpellavit
1119 1784 1176 1823 eum

137 1871 241 1928 dicens:
267 1870 399 1941 deprecor
422 1875 464 1938 te,
488 1869 608 1938 domine,
643 1877 672 1925 ut
698 1886 738 1926 mo
764 1869 797 1925 ud
825 1874 936 1942 patriam
962 1886 1043 1926 meant
1068 1867 1177 1940 perclusi

134 1971 248 2041 jrbees,
273 1987 325 2043 ego
349 1970 468 2038 enirnde
487 1976 559 2026 terra
576 1969 751 2040 Rornanorum
769 1987 826 2026 sum
846 1978 872 2027 et
889 1973 1032 2045 peregrina
1051 1969 1094 2024 bio
1111 1985 1177 2025 surr.

138 2070 172 2128 Ει
195 2072 263 2127 boec
288 2071 379 2127 dicens
405 2070 470 2127 vidit
494 2073 519 2125 ln
548 2087 580 2127 eo
604 2073 683 2144 signa
708 2073 794 2126 mariti
819 2073 859 2126 sui
878 2078 904 2126 ιι
923 2087 980 2127 euru
1002 2084 1175 2142 cognoscens,

137 2189 194 2228 cum
215 2187 245 2228 se
259 2173 313 2244 jann
332 2173 466 2226 continere
485 2187 536 2226 non
556 2177 663 2243 posset,
690 2171 803 2242 procidit
826 2170 859 2226 ad
885 2171 968 2242 pedes
992 2185 1056 2226 suos
1082 2175 1108 2226 et
1125 2171 1177 2224 ait:

137 2289 234 2346 precor
250 2281 294 2340 te,
318 2272 437 2339 dentre,
462 2279 490 2328 nt
511 2287 628 2342 exponas
654 2272 717 2327 milri
740 2273 878 2342 pristinam
901 2274 980 2327 ritum
1004 2277 1090 2337 tuam,
1111 2275 1177 2341 puto

137 2377 222 2441 enim,
248 2375 316 2446 qnod
335 2380 365 2428 ta
381 2375 418 2428 sis
437 2371 562 2428 Placidus
580 2373 710 2445 magister
726 2373 849 2440 militant,
874 2375 918 2445 qul
941 2371 995 2427 alio
1014 2372 1117 2425 nomino
1135 2370 1176 2424 di-

138 2477 207 2532 ceris
225 2473 399 2540 Eustachius,
425 2489 499 2545 quern
518 2471 651 2529 Placidum
672 2472 793 2529 salrator
815 2475 961 2541 convertit,
986 2474 1031 2543 qui
1053 2471 1132 2528 talem
1150 2479 1178 2527 ei

137 2575 217 2631 talem
235 2578 404 2630 tentationem
422 2575 563 2641 sustinuit,
589 2582 615 2630 et
634 2577 675 2630 cui
697 2591 778 2642 onor,
801 2589 870 2647 quac
896 2591 947 2648 ego
965 2588 1038 2640 sunr,
1066 2573 1092 2629 in
1111 2575 1177 2628 mori

138 2675 229 2731 ablata
249 2675 314 2742 luit,
337 2690 405 2746 quae
428 2682 514 2731 tamen
534 2673 567 2730 ab
594 2677 663 2730 omni
681 2678 851 2747 corruptione
869 2680 976 2730 serrata
992 2689 1063 2742 curn,
1088 2676 1131 2746 qui
1150 2679 1178 2731 ιι

139 2776 207 2831 duos
225 2776 294 2831 lilios
312 2775 414 2832 scilicet
432 2775 581 2849 agapetum
600 2781 627 2831 ιι
645 2774 819 2847 Theospitunr
839 2773 940 2832 habuit.
975 2773 1045 2830 llaec
1063 2775 1175 2830 audiens

137 2873 296 2932 Eustaclrlus
314 2882 341 2932 ct
359 2879 442 2947 ipsam
461 2876 603 2950 diligenter
619 2875 791 2932 considerans
810 2891 917 2932 uxorem
934 2890 1008 2930 suam
1023 2876 1179 2948 recognovit

139 2983 166 3034 cl
190 2977 341 3033 lacrimatus
369 2993 435 3049 pree
458 2978 558 3051 gaudio
582 2979 666 3048 ipsein
690 2978 825 3034 osculatus
846 2982 887 3033 est
912 2974 1067 3048 glorificans
1084 2975 1177 3046 Deum,

138 3079 181 3149 oui
200 3078 354 3134 consolatur
370 3077 496 3138 sillictus.
530 3076 607 3134 'lunc
624 3076 688 3133 dicit
705 3077 814 3135 elusor
833 3092 894 3134 sua:
918 3075 1036 3144 domine,
1054 3075 1099 3132 ubi
1117 3083 1178 3132 sunt

137 3177 184 3233 liii
202 3180 308 3234 nostrl?
341 3177 376 3235 Et
394 3181 446 3234 alt:
471 3179 570 3234 aleris
588 3180 658 3250 oaptl
677 3185 747 3236 suni.
781 3176 814 3234 Et
832 3179 955 3250 exposuit
977 3179 1018 3246 el,
1044 3176 1176 3250 quomodo

137 3277 254 3348 perdidit
278 3278 352 3336 illos.
386 3277 420 3334 Et
444 3279 504 3335 ille:
537 3281 639 3354 gratias
662 3293 773 3352 agrinus
797 3277 869 3346 lieo,
896 3285 961 3348 puto
987 3279 1071 3345 enim,
1096 3276 1177 3350 qnod,

137 3377 351 3448 quemadmodum
375 3378 447 3435 Deus
474 3378 583 3435 donarit
606 3379 698 3446 nobis,
728 3384 757 3434 ιι
780 3379 960 3434 lnrenlrenrus
984 3392 1034 3433 nos
1058 3379 1177 3447 lnvlccm,

138 3475 248 3532 donabit
267 3479 346 3534 ctiam
361 3495 555 3554 recognoscere
574 3479 642 3536 ilios
656 3485 772 3536 nostroe.
807 3475 840 3533 Et
851 3477 912 3534 ille:
930 3479 986 3533 dlxi
1000 3478 1059 3546 tibi,
1077 3478 1179 3550 quoda

137 3575 202 3633 ieris
222 3581 292 3650 capti
313 3585 381 3635 surb
416 3577 450 3636 Bt
466 3579 529 3635 illa:
549 3579 675 3636 besterna
692 3579 736 3633 die
753 3578 851 3634 sedens
869 3580 895 3632 ta
914 3576 992 3634 borlo
1006 3578 1097 3634 audiri
1109 3578 1177 3634 duos

136 3677 206 3733 filios
221 3679 334 3751 Juvsncs
352 3679 391 3736 ιιι
409 3685 436 3736 ιι
452 3681 493 3735 ιιι
511 3695 584 3734 suan
605 3679 741 3735 infantiam
759 3684 922 3750 exponentes
941 3683 968 3734 el
984 3677 1082 3746 credo,
1106 3678 1176 3750 qnod

136 3775 183 3833 dlii
203 3779 369 3848 nostrimet,
387 3781 525 3852 interroga
543 3781 625 3854 igitur
641 3778 675 3834 ab
694 3781 728 3834 lis
748 3785 774 3834 et
787 3778 875 3834 dicent
887 3777 947 3838 tibi.
981 3775 1014 3833 Et
1027 3792 1177 3835 convocans

136 3893 182 3940 eos
201 3875 361 3935 Eustaobios
380 3885 406 3936 et
424 3880 534 3936 audiens
553 3879 587 3935 ab
607 3881 640 3934 lis
659 3878 796 3935 inlcntirur
815 3893 888 3934 snam
911 3880 1080 3951 recognovit,
1105 3877 1176 3950 qnod

136 3977 183 4035 ttti
208 3980 249 4034 sul
276 3985 382 4047 essent,
406 3983 433 4035 et
456 3980 644 4052 amplectentes
670 3995 716 4035 ece
740 3981 799 4050 lpse
823 3984 850 4034 et
877 3983 961 4033 meter
983 3993 1064 4048 super
1086 3995 1177 4034 eorunr

134 4079 204 4136 colla
216 4079 354 4151 plurinum
365 4079 493 4137 fleverunt
510 4087 537 4135 ιι
555 4078 674 4135 crebrius
692 4094 740 4134 ece
759 4078 956 4133 osculabantur.
991 4075 1081 4134 Omnis
1095 4079 1178 4151 igitur

135 4182 268 4238 exercitus
287 4179 423 4252 plurimum
441 4176 578 4253 gaudebat
596 4184 622 4234 ιι
641 4177 673 4234 de
692 4177 844 4233 inventione
863 4192 952 4232 eorum
972 4182 999 4233 et
1018 4177 1177 4233 devictoris

134 4280 316 4337 barbarorum.
352 4279 415 4336 Cum
433 4281 519 4353 igilur
535 4277 644 4344 rediret,
666 4278 778 4350 contigit
792 4277 848 4346 Jarn
866 4275 1011 4349 Traianum
1029 4275 1132 4334 obiisse
1150 4283 1177 4334 ιι

135 4382 298 4438 successisse
316 4382 340 4437 ei
365 4381 484 4453 pejorem
511 4379 536 4432 ln
562 4375 709 4434 sceleribus
734 4374 909 4443 lladrlanum,
935 4378 979 4447 qni
996 4391 1046 4448 pro
1065 4377 1178 4432 victoria

133 4481 243 4537 obtenta
269 4487 296 4536 et
318 4481 469 4537 inventione
493 4480 585 4534 axoris
610 4485 635 4534 et
660 4475 772 4533 iliorum
792 4475 930 4550 magnilica
947 4491 995 4534 eos
1014 4479 1132 4549 sumspit
1149 4483 1176 4533 ιι
