2842 5286
309 531 371 592 260
535 531 607 610 Cep.
630 529 733 589 LVIII.
784 530 829 589 De
850 539 950 590 sunum
972 527 1111 606 GeorgIo.

311 689 444 743 dicatione
466 687 552 759 regni.
587 685 654 758 Ejus
679 685 794 759 legende
816 688 885 742 inter
908 683 1056 755 soripturm
1072 661 1246 754 apocryphum
1263 679 1290 734 iu
1306 675 1352 733 ro-

308 803 391 843 oaeno
414 784 527 840 oonoiiio
552 793 755 841 connumeratur
778 802 812 843 ex
835 801 883 850 eo,
906 781 979 856 quod
1000 783 1061 854 ejus
1083 783 1232 837 martirium
1258 784 1352 834 uentu

310 888 464 943 relationem
481 900 533 938 nou
548 884 643 950 ,honen
679 884 742 941 Nam
760 887 788 940 In
806 883 960 940 calendario
978 880 1067 936 neone
1086 880 1202 953 iegitur,
1231 877 1303 952 quod
1320 879 1352 933 sii

310 1002 406 1059 pessos
424 986 450 1039 in
468 983 576 1039 Persico
598 986 706 1039 oirituto
722 969 867 1056 iipespolh
888 995 963 1053 ‘quoe
985 981 1060 1052 prius
1081 978 1172 1036 Liddu
1197 977 1350 1040 roeobutur,

306 1093 339 1143 -et
357 1090 398 1141 est
412 1065 491 1158 juxto
506 1081 618 1155 Ioppen.
654 1083 736 1151 iiim,
756 1082 827 1154 quod
841 1095 937 1153 possus
955 1082 990 1135 sit
1003 1080 1053 1134 sub
1066 1077 1245 1149 Dyooiotiuno
1259 1075 1351 1134 etrit-

311 1185 454 1242 uIrquinno
477 1181 696 1253 ImperatoriIns3
730 1180 796 1237 aiibi
821 1178 893 1252 qood
919 1180 969 1234 sm
994 1177 1169 1249 Dyooietiuno
1194 1179 1351 1248 imperatore

311 1285 450 1342 Persarum
467 1282 651 1352 praeseutibus
662 1278 891 1352 LXXXregibus
907 1279 1010 1349 imperii
1022 1279 1073 1332 sui,
1108 1275 1204 1347 nior),
1222 1273 1295 1346 qood
1306 1272 1351 1328 sui

311 1384 430 1440 Deciano
448 1379 574 1454 praeside
593 1378 782 1450 insperantibus
799 1377 972 1449 DyooIetiono
989 1385 1016 1434 ot
1033 1375 1239 1432 maximiniano.

381 1480 512 1552 Georgius
529 1479 650 1534 tribunus
669 1475 965 1551 generecsppsdoonn
983 1479 1105 1548 pervenit
1121 1474 1237 1548 quedem
1257 1474 1313 1529 rino
1329 1472 1351 1526 iu

313 1581 473 1654 proriuoiem
494 1577 595 1649 Libyae
623 1581 650 1632 iu
668 1578 817 1642 civitatem,
842 1591 911 1648 quon
929 1576 1025 1633 dicitnr
1045 1575 1145 1632 Silena.
1180 1573 1265 1630 Juxta
1280 1587 1352 1645 quen

311 1682 443 1737 civitatem
463 1685 521 1733 orat
538 1683 660 1750 stagnum
682 1677 766 1730 instar
785 1675 883 1742 maris,
908 1677 1005 1748 inquo
1024 1675 1106 1731 druco
1126 1673 1242 1746 pesum
1265 1672 1352 1727 lotita-

311 1781 371 1846 boi,
397 1781 441 1851 qui
465 1793 547 1849 soepo
569 1777 693 1848 populum
720 1781 813 1830 oontro
838 1789 869 1829 oe
892 1782 1019 1830 ornatum
1037 1773 1064 1829 In
1080 1773 1170 1847 Iugum
1189 1777 1355 1827 oonrerternt

312 1880 428 1950 datoque
452 1892 500 1931 suo
525 1875 558 1930 ed
585 1891 673 1929 moros
697 1875 813 1930 divitatis
839 1875 969 1931 ouoedens
989 1890 1078 1930 omnen
1104 1871 1250 1930 indoiebet.
1285 1871 1354 1934 Quo·

312 1984 422 2049 propter
440 1975 568 2046 compulsi
586 1975 658 2030 uires
678 1974 744 2029 duos
762 1989 827 2030 oreo
846 1975 965 2047 qnotidio
983 1974 1036 2029 sihi
1055 1971 1169 2040 omont,
1191 1978 1221 2028 ut
1237 1973 1298 2042 ejus
1316 1971 1355 2025 Iu·

314 2093 399 2132 rorem
419 2075 553 2142 sedarum,
571 2074 690 2145 alioquin
708 2075 749 2129 sio
765 2090 853 2129 moros
867 2075 983 2129 oiritoiiu
1002 2073 1147 2130 Invadebat
1163 2080 1191 2129 et
1207 2078 1298 2127 serem
1317 2071 1355 2124 in-

316 2175 436 2242 firmitat,
463 2172 535 2248 qnod
561 2171 667 2244 plurimi
687 2171 840 2229 interihont
876 2171 940 2228 Cum
967 2190 1032 2247 ergo
1047 2174 1104 2244 lons
1122 2189 1186 2228 ores
1203 2187 1290 2243 potue
1310 2170 1356 2226 do·

316 2275 439 2342 inserent,
465 2275 576 2330 mortno
604 2288 661 2327 oum
685 2272 777 2327 heron
801 2275 904 2345 copiam
930 2273 1030 2329 iubere
1056 2288 1109 2328 non
1131 2278 1260 2345 possent,
1292 2273 1357 2326 trito

314 2375 427 2429 oonsilio
452 2389 527 2429 orem
553 2388 610 2428 oum
634 2371 760 2444 adjuncto
785 2373 890 2429 homino
906 2372 1067 2429 tribuebant
1103 2371 1165 2428 (inm
1184 2371 1270 2443 igitur
1287 2378 1358 2426 sorte

316 2476 427 2531 omninno
445 2472 493 2527 iiiii
510 2477 537 2527 et
553 2471 624 2527 uitae
642 2470 772 2528 hominnm
792 2471 918 2528 durentur
942 2479 969 2528 et
988 2488 1049 2528 sors
1067 2474 1195 2528 nominem
1213 2472 1358 2542 eonperet,

316 2580 343 2630 et
360 2575 416 2646 jorn
443 2587 528 2642 poeno
553 2585 643 2626 ominus
668 2571 717 2626 iiiii
740 2580 766 2628 et
790 2571 861 2628 filine
886 2577 976 2628 essent
993 2574 1137 2639 consumti,
1161 2569 1278 2645 quadani
1302 2572 1359 2624 rire

316 2672 371 2728 iiio
388 2673 461 2744 regis
476 2671 558 2747 ¹onim
575 2677 647 2726 sorte
665 2679 706 2728 est
724 2671 892 2743 deprehenso
908 2678 935 2726 et
952 2671 1062 2726 drnooni
1084 2670 1248 2744 adjudiootn
1284 2668 1360 2726 Tune

316 2787 363 2828 rex
383 2772 555 2827 normis-natm
573 2772 626 2825 sit:
651 2769 737 2826 tollite
764 2786 855 2827 ournm
879 2777 906 2826 et
928 2777 1065 2842 argeutum
1085 2776 1113 2826 et
1129 2770 1267 2826 dimidium
1283 2771 1361 2843 regui

316 2873 368 2927 mei
385 2876 412 2927 et
429 2869 508 2924 filiam
527 2867 591 2924 miii
611 2869 751 2936 dimittile,
771 2885 804 2927 no
820 2869 912 2926 toIItor
930 2872 1064 2926 mortntur.
1099 2871 1149 2926 Cui
1167 2869 1283 2942 populns
1303 2885 1361 2924 ou·

316 2972 406 3027 iurore
424 2968 577 3041 respondit:
602 2974 640 3035 tu,
665 2985 682 3024 o
707 2985 770 3035 ror,
795 2968 846 3024 hoo
871 2969 984 3026 edietum
1007 2970 1098 3026 ieoisti
1123 2975 1151 3025 et
1173 2985 1243 3032 nuno
1269 2983 1362 3025 omnes

316 3072 393 3142 puori
410 3072 494 3125 moriri
515 3070 610 3124 mortui
627 3075 692 3124 sunt·
707 3076 733 3124 ot
752 3075 781 3124 tu
797 3070 838 3124 ris
857 3068 935 3124 Ilieon
952 3076 1022 3125 mors
1041 3069 1167 3132 sniumei
1190 3069 1244 3123 nisi
1257 3070 1288 3122 'iu
1305 3065 1363 3122 filiu

315 3179 362 3225 tna
382 3169 572 3240 conpleveris,
592 3169 661 3240 quod
680 3169 785 3224 modiis
804 3168 944 3235 ordmosti,
961 3167 1149 3225 suscendumns
1166 3174 1194 3223 to
1210 3173 1238 3222 et
1257 3165 1362 3220 donoro

315 3277 396 3324 tuom.
433 3267 509 3332 Quod
527 3283 574 3322 rex
594 3268 723 3339 ²)rldons
742 3271 831 3340 coepit
848 3268 926 3323 diiem
946 3283 1020 3322 sumn
1039 3269 1103 3323 dere
1119 3265 1227 3321 dioens:
1247 3264 1363 3330 ineu-e,

315 3365 371 3422 dlis
389 3381 447 3422 mou
465 3365 631 3433 dolcissimo,
650 3367 765 3439 quidde
786 3375 814 3424 te
832 3367 948 3424 Ieoinmi
971 3373 1017 3422 out
1034 3367 1099 3439 quId
1120 3364 1230 3422 diourui
1255 3364 1364 3439 quondo

315 3465 376 3538 pius
395 3465 491 3521 ridebo
508 3469 615 3537 nuptias
633 3468 716 3523 tunsi
749 3465 782 3523 Et
799 3481 943 3524 oonrersos
964 3467 998 3521 ed
1016 3466 1140 3537 populum
1152 3464 1234 3522 dixit:
1254 3481 1316 3531 oro,
1335 3472 1365 3521 ot

317 3563 437 3620 iuduoio‘s
455 3571 517 3619 noto
536 3564 637 3620 dierum
654 3566 763 3640 lugendi
782 3565 846 3621 nihi
866 3567 945 3622 Iliam
963 3565 1095 3621 tribuotIs.
1131 3564 1210 3629 Quod
1231 3579 1290 3620 oum
1313 3580 1365 3635 po·

318 3664 396 3736 polus
414 3663 577 3732 admisisset,
596 3665 623 3719 in
642 3665 691 3722 i‘rne
713 3674 774 3723 ooto
793 3665 893 3722 diorum
912 3681 1033 3720 reversus
1051 3663 1166 3736 popolus
1183 3670 1226 3721 ost
1243 3677 1301 3718 oum
1320 3663 1364 3718 In-

319 3779 379 3818 rone
398 3763 504 3818 diuers:
529 3777 612 3834 quare
631 3765 721 3835 perdis
738 3767 862 3837 poprium
879 3773 951 3821 tuum
968 3771 1079 3837 propter
1095 3764 1173 3818 Iulium
1195 3762 1290 3818 tuenti
1326 3759 1366 3816 u·

320 3877 410 3918 omnes
428 3861 521 3917 afflato
538 3862 661 3918 droconis
676 3865 807 3921 morimur.
842 3867 919 3922 'Inoo
938 3862 1097 3929 rex-tidem,
1115 3861 1186 3935 quod
1200 3878 1254 3917 nou
1269 3867 1366 3931 posset

321 3953 400 4016 iiIinrn
426 3960 561 4029 liberare,
587 3961 675 4019 Induit
699 3980 754 4020 eum
780 3965 901 4022 restibus
922 3963 1060 4038 regalibus
1078 3969 1106 4018 et
1122 3961 1367 4034 amplexaturum

320 4076 377 4116 oum
401 4057 523 4132 ieorpmis
549 4061 629 4117 dixit:
656 4062 707 4122 hoo
723 4081 779 4131 nne,
804 4063 859 4120 diis
878 4077 937 4120 neu
955 4063 1125 4129 domiminum,
1153 4061 1187 4117 de
1203 4067 1232 4116 te
1247 4059 1319 4122 Ilios
1337 4061 1367 4114 in

320 4159 407 4232 reguli
426 4161 528 4232 gremio
544 4163 646 4217 nutrire
663 4161 804 4219 credebam
821 4169 849 4221 et
865 4161 1044 4229 nemoradis,
1069 4168 1098 4217 nt
1114 4177 1132 4216 o
1147 4159 1263 4216 drooono
1279 4157 1366 4214 dero·

369 4328 392 4380 1)
404 4330 497 4375 Iieoent.
508 4327 639 4373 intruduntn
655 4327 780 4384 dieitur,
798 4330 882 4375 deinde
898 4342 955 4374 vero
968 4335 1029 4372 reete
1043 4333 1062 4371 1>
1071 4326 1175 4373 noiomo
1189 4325 1305 4376 scribunt.
1324 4322 1367 4368 ubi

318 4391 458 4446 udonem
471 4394 525 4440 iibri
536 4395 596 4440 mule
608 4411 637 4440 ex
649 4399 797 4451 equentibus
811 4404 915 4456 repetunt
934 4395 1144 4452 nyooletino.
1221 4396 1244 4451 2)
1257 4391 1304 4439 nii
1316 4389 1366 4437 Ior-

318 4467 382 4507 tuse
394 4474 423 4506 ex
434 4460 523 4515 oleron
535 4463 670 4510 audiens.
