2866 5310
324 524 385 586 302
490 525 563 606 Cap.
578 525 694 586 vait.
736 527 782 586 De
803 537 904 588 saneto
926 531 1033 589 Jacobs
1055 531 1201 610 apostolo.

324 682 397 739 aibas
413 693 440 740 at
453 697 550 738 naeres
567 685 631 740 riris
647 681 720 740 eibos
733 701 784 740 non
797 689 897 741 tartaro
912 701 926 742 e
940 685 1070 752 naribus,
1089 685 1138 742 sed
1159 688 1239 742 etiarn
1258 702 1289 742 er
1302 688 1354 758 ipris

325 781 448 840 dentibus
477 769 766 857 rapiebant,'Jurenes
790 787 869 840 etiarn
886 793 975 840 aetate
993 784 1121 840 tortiores
1140 785 1213 840 reiut
1230 786 1357 842 sisariaen

322 899 372 954 per
396 884 463 937 riam
488 882 637 956 obenando
659 898 725 956 prae
750 883 819 940 iane
842 886 978 940 exanimes
1005 883 1149 951 cadebant3
1179 886 1227 956 qai
1254 891 1356 940 nonnos

322 981 502 1053 sepeliebant,
526 996 607 1052 saepe
627 998 709 1053 saper
727 985 801 1055 ipsos
819 989 936 1040 mortuos
954 985 1049 1038 nortui
1069 982 1218 1052 cadebant,
1242 983 1358 1039 ioetnna

322 1085 412 1154 itaque
430 1081 586 1138 eadarernnr
604 1097 657 1137 non
681 1081 798 1138 terentes
823 1098 857 1138 ex
879 1083 986 1154 publico
1012 1089 1096 1138 sunta
1115 1085 1177 1154 ipsa
1195 1081 1358 1153 sepeiiehari,

322 1181 370 1238 sed
388 1180 526 1237 deficiente
543 1189 645 1248 santo,
670 1183 789 1238 rineente
815 1180 971 1238 eadarernrn
995 1182 1160 1238 naititadine
1180 1181 1215 1237 de
1233 1199 1307 1238 arare
1324 1197 1358 1237 ea-

323 1280 424 1336 darera
439 1280 660 1352 praecipitabant.
696 1280 732 1336 At
756 1279 834 1336 Titus
859 1283 991 1337 sire-aiens
1015 1297 1072 1338 ounr
1090 1280 1205 1336 vidisset
1222 1280 1308 1337 raiies
1324 1298 1356 1338 rr·

322 1379 408 1451 pietas
433 1378 607 1436 cadaveribus
632 1383 762 1434 ettotam
788 1381 900 1450 patriam
923 1397 956 1436 ea
980 1397 1069 1437 eoram
1095 1380 1200 1436 faetere
1219 1389 1357 1452 eorraptaa

322 1494 413 1534 manas
431 1493 494 1534 suas
511 1493 568 1533 eaor
587 1478 709 1550 iaerpnis
728 1478 762 1534 ad
783 1480 884 1536 eoeiarn
903 1479 1001 1537 levarit
1017 1480 1123 1536 dicens:
1140 1478 1224 1548 Deae,
1243 1479 1357 1546 tavida,

322 1581 385 1652 qaia
402 1595 454 1652 ego
473 1577 524 1634 troo
541 1594 593 1634 noa
614 1579 692 1633 iaeio.
728 1577 819 1634 Tanta
838 1581 906 1634 enirn
923 1580 961 1634 tiri
978 1579 1061 1635 tanes
1079 1585 1154 1647 erat,
1170 1579 1244 1652 qaod
1262 1578 1355 1636 eaieea·

322 1683 410 1734 nrenta
427 1693 477 1733 saa
495 1684 521 1733 et
540 1681 671 1750 corrigias
690 1677 869 1735 consedebant.
905 1678 1029 1735 Maitona
1043 1669 1172 1751 quaedam
1192 1679 1302 1750 insuper
1316 1695 1355 1752 ge·

321 1794 385 1834 aere
405 1782 432 1834 et
450 1775 553 1830 divitiis
571 1776 685 1843 nobilis,
703 1778 773 1832 sieut
791 1779 819 1833 in
835 1776 955 1849 hystoria
971 1777 1156 1834 ecclesiastiea
1174 1776 1290 1850 iegitur,
1308 1795 1356 1835 era

320 1876 470 1950 praedones
488 1855 518 1931 in*
534 1877 593 1948 ejas
611 1875 713 1933 dornarn
732 1879 862 1933 irruentes
883 1893 940 1933 earn
960 1876 1079 1932 amnibus
1102 1876 1301 1949 exspoliassent
1316 1893 1357 1935 nee

320 1977 374 2033 sihi
394 1977 472 2043 altra,
491 1974 554 2048 qaid
574 1977 738 2045 comederet,
756 1979 936 2042 remansisset,
959 1975 1094 2047 parraiuor
1112 1975 1254 2033 lactentem
1271 1983 1355 2033 tenent

321 2077 348 2132 in
363 2075 542 2131 nanibasait:
561 2075 677 2132 inieiieis
690 2077 782 2132 matris
796 2075 930 2132 inieiieior
940 2074 986 2143 dli,
1005 2077 1031 2130 io
1043 2075 1125 2143 belin,
1145 2077 1172 2130 Ιιι
1183 2075 1265 2141 iane,
1279 2077 1307 2129 in
1321 2074 1355 2130 di·

320 2179 451 2248 reptione,
470 2178 511 2230 eui
529 2182 555 2231 te
571 2175 736 2232 reservabo?
770 2174 838 2232 Veni
854 2191 920 2247 ergo
935 2189 1013 2243 nane,
1031 2178 1096 2229 arari
1108 2182 1184 2242 nate,
1212 2181 1272 2230 esto
1285 2176 1362 2229 tratri

321 2276 406 2344 aibas,
424 2273 605 2347 praedonibus
623 2273 785 2342 scandalan,
804 2274 921 2331 saeouiir
938 2273 1037 2330 tahaia.
1073 2271 1107 2330 Et
1126 2277 1166 2329 his
1186 2274 1266 2331 dietis
1284 2271 1355 2331 iiiirs

316 2375 453 2450 jugularit
469 2380 494 2431 et
511 2375 584 2430 eosit
603 2384 629 2431 et
646 2373 780 2429 dimidiare
798 2373 940 2429 comedens
955 2380 1054 2444 partera
1079 2373 1190 2429 aiterara
1213 2373 1355 2429 oeeaitarit.

319 2474 352 2530 Et
366 2490 427 2531 eoae
440 2475 577 2530 eoaiestirn
595 2471 745 2544 praedones
756 2471 864 2527 odorem
883 2473 971 2527 earnis
990 2479 1082 2528 coetae
1099 2474 1247 2528 sentientes
1268 2475 1295 2528 in
1313 2474 1356 2528 da-

319 2591 386 2630 rana
399 2575 502 2629 irrannt
512 2578 548 2640 et,
564 2573 615 2627 nisi
628 2570 847 2642 eamearprodat,
866 2578 973 2628 morien
989 2574 1129 2627 ninantur.
1164 2571 1242 2628 'inne
1255 2572 1356 2630 iliade-

318 2682 413 2746 tegeos
430 2671 538 2728 minatis
556 2671 687 2728 menbra:
712 2685 791 2738 eeee,
815 2673 914 2742 inquit,
938 2669 1016 2727 robis
1041 2679 1141 2739 partera
1168 2673 1294 2743 opti-an
1317 2689 1358 2728 re·

318 2773 431 2830 serrari.
465 2772 501 2828 iit
523 2771 585 2826 ilios
601 2775 690 2826 tantas
706 2767 804 2824 horror
820 2767 935 2838 inra'sit,
959 2770 1029 2842 qnod
1048 2786 1096 2826 nee
1119 2770 1193 2844 ioqui
1211 2779 1354 2844 potuerant.

318 2873 350 2929 iit
367 2870 430 2927 iila:
455 2885 546 2940 neas,
561 2871 654 2942 inqait,
673 2867 742 2925 filias
760 2867 819 2936 irie,
837 2885 920 2924 aream
938 2875 979 2926 est
997 2875 1146 2940 peeeatrrn,
1172 2874 1262 2927 serari
1281 2871 1357 2937 edite,

317 2974 381 3044 qaia
397 2973 472 3042 prior
488 2985 540 3043 ego
557 2968 677 3037 oonedi,
696 2984 771 3040 quern
789 2969 887 3040 geori,
911 2967 995 3024 nolite
1009 2968 1066 3026 deri
1084 2977 1129 3025 eat
1149 2978 1233 3026 natae
1249 2972 1357 3046 reiigio-

316 3073 403 3127 siores
421 3077 468 3126 ant
486 3068 590 3126 tennis
608 3067 758 3123 noiiiores:
782 3065 879 3138 qaodsi
901 3067 982 3122 vineit
1007 3083 1056 3122 ros
1077 3069 1164 3140 pietas
1187 3076 1215 3124 et
1233 3068 1357 3138 irorretis,

316 3186 368 3244 epo
388 3175 469 3225 totam
487 3168 632 3233 eomedarn,
651 3165 723 3239 qaod
740 3165 873 3222 dimidians
887 3168 944 3239 jan
959 3168 1071 3224 eadredi.
1105 3167 1147 3224 iiii
1165 3183 1228 3224 vero
1244 3176 1358 3225 trearer·

315 3278 356 3325 tes
379 3275 407 3326 et
430 3269 516 3324 territi
539 3266 729 3322 discesserant
764 3263 884 3322 Tendere
908 3265 1025 3323 seeundo
1044 3284 1114 3324 anno
1133 3268 1238 3339 inperii
1253 3267 1357 3340 Vespa·

315 3366 385 3423 siani
403 3366 480 3423 Titus
499 3365 647 3423 ierusalem
667 3368 739 3437 eepit
757 3371 783 3421 et
808 3372 911 3437 eaptarn
935 3367 1067 3423 subrertit
1095 3366 1272 3438 tenpiaraque
1298 3369 1357 3424 ian·

314 3467 386 3524 ditas
397 3465 529 3521 destrarit
541 3471 577 3533 et,
596 3467 665 3521 sieut
681 3464 778 3522 iudaei
796 3463 927 3522 christun
944 3464 1022 3521 XXX
1038 3464 1155 3521 denariis
1174 3474 1303 3535 emerant,
1319 3471 1359 3524 sie

314 3575 341 3622 et
364 3567 422 3637 ipse
439 3560 497 3621 ¹aaa
525 3564 634 3621 denario
649 3562 738 3640 ‘XXX
761 3561 879 3620 Jadaeos
905 3563 1031 3619 vendidit
1067 3563 1141 3619 Sieat
1162 3574 1248 3621 arten
1268 3575 1360 3624 serrat

312 3664 456 3736 Jasepiras,
473 3666 620 3737 nonaginta
637 3668 738 3734 septena
754 3661 837 3719 niiiia
855 3660 1014 3720 dadaeorarn
1032 3663 1140 3719 rendita
1155 3671 1216 3720 snat
1231 3671 1258 3720 et
1272 3665 1356 3723 ande·

312 3767 367 3820 eies
386 3770 498 3820 centena
517 3761 601 3817 niiiia
618 3761 686 3816 iane
706 3768 733 3818 et
750 3761 997 3834 giadioperieraat
1031 3759 1143 3834 Legitur
1153 3780 1269 3836 qnoque,
1288 3765 1358 3838 qaod

312 3863 391 3921 Titne
411 3865 512 3918 intrans
529 3860 677 3918 Jerusalem
694 3859 824 3933 quendam
841 3877 940 3916 urrann
958 3858 1143 3917 densissimum
1160 3862 1236 3930 vidit,
1255 3863 1358 3934 ipsan-

311 3980 362 4036 qae
385 3961 519 4035 perforari
542 3961 693 4033 praecepit,
718 3959 841 4032 iaetoqae
866 3958 994 4016 toraniae
1017 3959 1145 4032 qaendara
1171 3962 1242 4016 intas
1267 3978 1357 4018 senen

309 4061 439 4134 ndrpeetn
465 4067 492 4116 et
515 4061 613 4115 canitie
639 4057 818 4116 venerabilem
841 4059 1011 4126 invenerant,
1044 4049 1088 4131 qai
1109 4061 1272 4132 requisitas,
1298 4065 1358 4135 qais

310 4167 398 4227 esset,
424 4159 578 4232 respondit,
609 4173 641 4213 ae
665 4173 726 4213 esse
752 4155 853 4229 Josepir
875 4156 909 4213 ab
933 4157 1082 4214 Arinatiria
1105 4159 1214 4215 civitate
1237 4159 1358 4217 iudaeae

309 4274 393 4332 seque
412 4274 429 4314 a
448 4257 558 4314 iudaeis
576 4255 673 4312 ibidem
693 4257 809 4312 clausam
829 4263 856 4312 et
873 4263 1001 4312 sarratam
1022 4256 1117 4326 tuisse,
1134 4274 1167 4314 eo
1186 4246 1259 4331 qaod
1278 4259 1356 4314 (ilari-

310 4365 377 4414 ttarn
395 4357 554 4430 sepelisset,
574 4355 743 4428 addiditque,
764 4354 834 4428 qaod
852 4355 886 4411 ab
905 4355 951 4411 iiio
969 4362 1089 4428 tempora
1106 4373 1190 4430 usqae
1207 4375 1277 4414 nane
1295 4375 1357 4414 eoe-

313 4459 374 4514 iesti
388 4458 424 4512 sit
442 4455 503 4512 eibo
523 4462 616 4525 pastae
633 4459 660 4511 et
679 4453 768 4511 diriro
786 4455 882 4512 ianine
900 4453 1072 4512 eonfortetur.
1106 4453 1134 4513 in
1155 4455 1298 4529 eranpeiio
1316 4463 1357 4512 ta-
