2828 5302
298 481 358 545 100
535 484 615 567 ¹Cap.
637 487 714 546 xxi.
756 490 801 549 De
822 501 921 549 renota
943 492 1077 550 Antonio.

296 661 347 717 quo
364 645 423 702 looo
441 645 560 714 sederis,
579 662 631 702 non
648 647 708 704 inde
727 651 778 702 olto
798 645 916 704 recedas.
951 647 1021 705 ilaoo
1038 650 1091 704 tria
1108 645 1210 704 ourtodi
1229 653 1255 702 et
1273 647 1329 702 uai-

295 761 342 800 vno
361 747 423 801 oria.
475 745 565 802 libbao
587 746 692 819 quidam
709 749 885 821 interrogarit
902 752 1042 807 Antonium
1062 747 1168 804 dtoonr:
1205 747 1267 820 quid
1286 745 1328 802 ia·

293 847 381 900 ciant?
415 845 462 902 ilui
473 849 616 904 Antonino:
634 863 685 902 non
702 847 818 903 ooniidas
836 851 862 903 in
879 854 927 905 tua
940 850 1054 922 justitia,
1072 849 1172 905 uentris
1184 847 1326 920 etiinguae

262 1016 268 1028 ι
293 947 329 999 ait
345 944 392 1000 tibi
409 948 569 1004 coutinentia
586 951 613 1002 et
631 963 663 1003 ne
679 948 840 1019 poenitearis
859 947 892 1004 de
910 953 941 1006 ru
957 953 1100 1006 transacta.
1143 947 1216 1004 ntra
1232 948 1326 1002 iterun

293 1045 434 1102 Antonius:
452 1049 520 1102 siout
536 1049 632 1119 piraeo,
651 1049 675 1102 ri
691 1049 720 1102 in
738 1049 808 1102 siooo
824 1046 996 1116 tardaverint,
1012 1050 1165 1115 moriuntur,
1182 1048 1219 1102 ita
1231 1051 1257 1100 ut
1273 1061 1328 1100 nro-

292 1143 368 1200 aaobi
386 1152 462 1202 extra
478 1147 569 1203 collatu
588 1147 723 1203 tardantur
748 1153 794 1202 aut
808 1141 874 1203 'ouun
897 1152 960 1205 viris
983 1147 1164 1204 saecularibus
1187 1147 1327 1200 inmoran-

292 1250 333 1301 tea
350 1259 368 1302 a
384 1247 479 1319 quietio
497 1250 633 1319 proposito
650 1247 824 1304 resolvuntur.
857 1247 953 1306 ltornrn
971 1247 1037 1303 dixit
1054 1249 1196 1306 Antoniano
1220 1246 1266 1318 qai
1283 1259 1325 1302 te-

293 1343 337 1401 det
352 1348 380 1401 in
398 1345 539 1403 solitudine
557 1354 585 1404 et
601 1351 727 1421 quiescit,
752 1347 869 1404 atribno
886 1348 963 1407 bellis
982 1335 1105 1422 eripitur,
1130 1345 1232 1403 rediret
1249 1342 1326 1400 audi·

291 1450 349 1513 tuo,
380 1445 519 1503 looutionis
537 1455 565 1504 ot
582 1444 652 1503 'riuus
670 1455 697 1504 et
714 1455 806 1504 oonira
822 1465 899 1504 annun
914 1448 1092 1506 tantumnodo
1110 1463 1225 1522 pugnarn
1242 1444 1324 1502 babe-

291 1543 344 1613 bit,
374 1545 475 1603 ecilioet
490 1546 586 1602 oorulis.
605 1579 638 1590 -
655 1579 689 1590 -
704 1579 739 1590 -·
760 1552 795 1606 5.
814 1546 924 1614 Quidam
944 1549 1039 1605 iratres
1056 1565 1113 1605 curn
1131 1546 1244 1621 quodam
1261 1561 1325 1602 aene

291 1645 325 1701 ad
338 1644 463 1702 valrlraton
488 1647 626 1703 Antonium
651 1646 807 1703 visitandum
831 1650 934 1705 inerant
952 1647 1070 1721 dixitque
1087 1648 1216 1704 Antonino
1235 1645 1324 1701 iratri-

290 1745 355 1802 bua:
390 1745 486 1802 bonurn
508 1749 626 1803 counitam
653 1746 783 1803 babuistla
809 1765 898 1808 uenour
922 1748 999 1804 buno.
1050 1746 1149 1805 Deinde
1168 1745 1235 1800 dixit
1253 1747 1323 1801 aeui:

291 1845 374 1902 bonor
393 1846 489 1903 iratres
506 1847 731 1916 invenialiteourn,
748 1845 841 1908 aanor
859 1848 905 1905 Cui
924 1847 983 1903 illo:
1000 1845 1084 1903 bonos
1102 1845 1206 1920 quiden
1226 1847 1323 1912 inueni,

289 1945 336 2001 red
353 1945 483 2002 habitatio
503 1962 591 2002 eorum
610 1963 660 2002 non
678 1947 759 2004 babet
773 1951 895 2021 januam:
913 1950 1058 2022 quicunque
1076 1947 1143 2004 rainu
1163 1944 1227 2012 nult,
1243 1947 1326 1999 iubat

289 2047 316 2101 in
335 2044 465 2102 atabulurn
485 2051 512 2101 et
527 2047 608 2104 uoluit
624 2049 733 2103 asinum.
767 2048 822 2104 lioe
840 2055 925 2104 autern
946 2047 1065 2116 dicebat,
1084 2048 1206 2121 quonian
1224 2046 1321 2113 onnia,

289 2161 357 2218 qnae
375 2151 451 2201 erant
468 2150 495 2202 in
512 2145 591 2202 eorde
609 2163 713 2217 eonon,
748 2149 837 2203 station
855 2154 930 2204 erant
945 2150 971 2202 in
988 2163 1043 2204 ore.
1077 2146 1150 2203 Dixit
1166 2146 1250 2203 abbas
1268 2147 1323 2204 Aa·

289 2247 391 2302 tonina:
415 2247 483 2303 noire
500 2249 637 2315 convenit,
670 2249 792 2318 quonian
810 2255 871 2303 aunt
887 2253 942 2303 tres
960 2253 1044 2304 notus
1063 2245 1233 2319 corporales,
1256 2259 1323 2302 unua

289 2344 392 2418 quiden
408 2351 534 2415 naturae,
559 2347 627 2402 allos
644 2362 677 2403 en
694 2346 809 2402 oiborunr
826 2345 1002 2419 plenitudino,
1020 2351 1114 2402 tertiae
1133 2361 1167 2404 ex
1185 2344 1321 2403 daeruone.

288 2441 381 2501 irater
397 2444 501 2518 qnidam
521 2449 716 2504 renuntiaverat
732 2446 855 2515 oooodo,
872 2447 919 2503 aed
938 2463 989 2502 non
1008 2447 1095 2520 plene,
1114 2447 1177 2519 quia
1193 2443 1322 2519 quaedam

288 2543 372 2604 adbuo
389 2543 440 2600 eibi
458 2545 596 2602 retinebat.
632 2545 681 2602 cni
697 2547 844 2605 Antoniae:
875 2547 943 2604 rade
960 2554 988 2605 et
1004 2564 1060 2606 one
1077 2561 1188 2614 carneo,
1213 2547 1258 2618 qui
1274 2559 1322 2600 ra·

287 2643 351 2701 dena
368 2648 430 2700 enit
446 2660 539 2702 carneo
556 2652 583 2702 et
600 2651 709 2718 pontana
726 2661 772 2703 eae
786 2645 846 2703 daur
865 2650 974 2717 ueniret,
993 2647 1148 2706 lacerabant
1166 2659 1223 2702 ean
1233 2659 1321 2701 cauea

287 2743 335 2799 iiui
352 2745 494 2801 Antonino:
512 2747 556 2819 qui
574 2747 723 2802 renuntiant
739 2747 846 2804 oaocalo
865 2753 891 2804 ot
909 2747 1000 2805 uolunt
1016 2746 1115 2804 babere
1132 2747 1267 2818 neemia,
1284 2747 1322 2800 ita

286 2845 431 2918 bnpugnotl
448 2858 466 2901 a
482 2844 652 2903 daemonibus
673 2847 701 2917 ¹)
719 2844 909 2920 discerpuntur.
962 2849 1090 2905 Antonius
1111 2845 1170 2902 dura
1187 2847 1214 2900 in
1233 2861 1321 2902 trenno

285 2944 374 3002 taedio
386 2945 545 3015 elideretur,
563 2946 643 3003 dixit:
661 2944 773 3017 donnino,
791 2947 853 3004 volo
870 2949 960 3005 oairua
979 2947 1035 3004 irari
1054 2953 1081 3004 et
1098 2962 1151 3003 non
1168 2948 1321 3019 permittunt

284 3043 325 3101 ruo
341 3047 517 3120 eogiationor
535 3061 617 3104 neae.
668 3045 703 3104 lit
727 3062 839 3122 turgent
863 3049 946 3105 exirit
962 3047 1035 3104 torar
1054 3054 1081 3104 ot
1099 3046 1165 3102 uidit
1181 3045 1319 3120 quendem

273 3145 417 3205 notentur
439 3152 520 3222 atquo
541 3153 694 3219 operantem
711 3154 739 3204 ot
755 3147 850 3205 deindo
866 3154 1015 3224 turgentem
1033 3154 1060 3206 et
1076 3152 1202 3204 orantem.
1254 3144 1320 3202 Erat

285 3253 370 3308 autern
389 3247 500 3322 angelus
518 3247 615 3304 donnini
634 3252 662 3306 et
680 3246 747 3303 dinit
764 3249 803 3304 el:
821 3249 860 3305 oio
877 3247 920 3304 iao
939 3255 967 3304 et
982 3247 1071 3304 aalrau
1086 3249 1148 3304 erla.
1175 3247 1238 3304 Can
1252 3263 1319 3320 qua-

284 3346 343 3404 darn
361 3349 419 3406 vioe
435 3347 532 3405 iratres
549 3349 583 3406 do
599 3353 672 3404 etat·
690 3350 832 3404 animarum
851 3346 884 3405 ab
904 3348 1019 3405 trunio
1038 3349 1245 3419 quaesivissent,
1274 3362 1318 3402 ae-

283 3452 373 3523 quanti
389 3453 466 3505 noote
485 3465 536 3505 roa
553 3448 658 3505 vocarit
674 3463 732 3504 euno
751 3446 856 3504 dorna:
873 3463 955 3522 surgo
971 3451 999 3504 et
1015 3447 1057 3503 eni
1075 3451 1102 3503 et
1114 3446 1181 3503 vido,
1208 3443 1243 3502 Et
1257 3460 1318 3502 eoae

283 3548 350 3605 uidit
366 3549 501 3622 quondan
520 3550 625 3624 longana
643 3554 670 3604 et
686 3547 829 3604 terribilem
846 3553 925 3620 eaput
945 3545 1162 3619 usqueadnubeu
1173 3545 1317 3614 tollentem,

283 3652 329 3723 qui
345 3648 472 3724 quondan
490 3655 625 3722 minutor
637 3647 673 3704 ad
688 3647 789 3704 ooelon
807 3647 898 3704 nolano
915 3648 1050 3719 cupienter
1069 3647 1185 3703 extensio
1197 3641 1317 3701 rnanibn

282 3747 442 3824 prohibebat
460 3755 493 3805 et?
504 3747 572 3804 allon
589 3748 672 3804 libere
688 3747 857 3820 pernotantur
874 3749 987 3803 retinere
1004 3761 1057 3801 non
1077 3752 1197 3818 poterat3
1218 3753 1246 3802 et
1262 3760 1318 3802 nna·

283 3853 379 3907 rinnau
396 3847 519 3922 gaudium
536 3853 642 3906 nintnun
658 3863 714 3906 euru
731 3849 811 3904 ntnio
829 3846 921 3903 dolore
939 3841 1070 3901 audiebat
1080 3851 1106 3902 et
1122 3844 1251 3902 intellexit
1260 3847 1318 3900 aui-

283 3950 471 4008 mammillam
490 3964 550 4007 anuo
567 3947 720 4010 odorannum
739 3954 767 4005 et
783 3944 922 4019 dyabolum
946 3941 1143 4017 prohibentem,
1175 3947 1221 4016 qul
1237 3958 1318 4019 qnae-

284 4052 343 4108 dann
360 4050 490 4106 obnoxiae
506 4051 632 4106 retineret
650 4055 678 4106 ot
694 4045 727 4104 do
744 4053 893 4104 aanotoruun
912 4045 1016 4114 volatu,
1050 4059 1118 4117 quoa
1136 4045 1249 4101 reinero
1266 4059 1318 4099 non

284 4155 404 4224 notent,
428 4152 467 4206 uio
483 4148 593 4206 doleret.
627 4147 777 4222 Aliquando
793 4147 852 4203 darn
871 4162 929 4203 oarn
947 4142 1073 4202 iratribus
1091 4148 1246 4216 operaretur
1262 4143 1318 4200 Aa·

282 4253 386 4320 adua,
410 4249 558 4322 anapieieua
576 4251 601 4308 in
619 4249 719 4305 ooelurn
737 4263 793 4304 auru
809 4249 910 4304 aaran
930 4247 1056 4302 vinionrnn
1075 4242 1200 4312 ridiaaet,
1220 4259 1318 4315 prouo-

336 4473 355 4525 t)
369 4467 409 4514 ad.
424 4473 457 4514 i’r.
471 4468 530 4514 mule
544 4451 757 4516 inscribuntur
769 4465 832 4520 latit.
