2842 5286
313 523 373 584 212
519 524 589 604 Cap.
614 525 716 586 xlix.
758 526 801 584 De
822 535 919 584 seneto
944 523 1109 585 benedicte.

314 681 465 739 obedientis
489 689 514 739 et
540 677 687 738 diffidentis
712 685 850 754 increpans
870 699 900 740 se
926 685 952 738 in
977 684 1120 738 orationem
1148 678 1224 736 dedit
1241 687 1268 735 et
1286 693 1347 736 een·

314 785 386 837 tinue
404 781 534 854 quoddam
553 799 672 856 magnum
692 782 806 852 dolium,
836 781 906 854 qued
929 783 967 838 iirl
992 788 1061 849 eret,
1087 782 1148 837 oiee
1166 779 1272 852 pleneus
1291 780 1347 846 luit,

314 881 384 954 qued
403 882 470 938 sdee
490 882 622 948 excreuit,
645 887 674 936 ut
690 897 739 952 per
755 883 926 952 pauimentum
948 880 1090 952 ¹)nliloere
1104 881 1247 937 rideretur.
1265 912 1301 922 -
1316 910 1348 922 -

204 983 206 986 ’
313 985 372 1045 1⁰·
390 981 506 1044 Quaeso
525 983 583 1035 viee
606 981 640 1036 ed
657 979 812 1036 visitandum
837 995 954 1036 sorerem
981 995 1054 1048 suani
1079 979 1271 1048 descenderat,
1294 995 1348 1034 eun

313 1084 399 1136 sulcet
416 1079 450 1135 ad
467 1095 581 1135 mensam
599 1080 721 1146 sederet,
748 1082 853 1152 regerit
878 1095 952 1146 eune,
976 1085 1005 1134 ut
1028 1091 1116 1133 seeum
1136 1077 1182 1133 ille
1200 1086 1278 1134 necte
1295 1093 1348 1132 uns-

313 1186 403 1244 neret,
423 1181 481 1245 eui,
507 1194 564 1233 eum
582 1178 627 1234 ille
645 1178 793 1235 nullatenus
813 1179 1003 1252 acquiesceret,
1026 1177 1072 1232 llln
1089 1185 1168 1249 enpot
1185 1180 1213 1233 in
1231 1177 1350 1232 nauibus

314 1278 443 1334 deminum
459 1284 586 1350 rogaturo
604 1277 753 1346 inclinauit,
772 1293 881 1350 euinque
896 1284 974 1348 eaput
991 1276 1115 1343 levasset,
1132 1283 1207 1332 unis
1225 1290 1349 1332 coruscu-

313 1380 393 1436 tienis
412 1385 439 1434 et
455 1379 565 1432 tonitrui
582 1377 681 1443 virtus,
703 1383 828 1448 tusisque
847 1375 982 1432 mundatio
1005 1375 1110 1448 plurius
1127 1377 1229 1448 erupit,
1256 1383 1286 1431 nt
1302 1390 1352 1430 nee

314 1477 418 1551 quidem
442 1475 534 1550 pedere
558 1492 664 1532 merere
681 1478 827 1547 potuisset,
860 1490 917 1530 curn
938 1482 1024 1531 nmen
1048 1483 1108 1532 ante
1132 1478 1263 1531 serenitas
1286 1477 1351 1530 niru

314 1583 394 1633 esset.
428 1575 477 1632 llls
494 1577 577 1643 enim,
604 1577 667 1647 quis
685 1575 854 1645 laerymarum
873 1576 967 1629 fluuios
988 1575 1070 1642 ludit,
1093 1577 1261 1631 serenitatem
1281 1577 1351 1631 seris

313 1677 347 1732 ud
366 1676 479 1747 pluuium
497 1676 627 1731 convertit
643 1679 670 1729 et
686 1675 773 1728 trusit.
810 1673 857 1729 Cui
876 1675 917 1729 vir
931 1671 979 1729 liei
999 1677 1167 1729 contristatus
1187 1677 1239 1730 ait:
1258 1683 1352 1745 porcat

313 1775 361 1834 tihi
380 1778 544 1848 omnipotens
562 1774 642 1838 licus,
662 1788 754 1840 seror,
774 1772 905 1844 quidest,
926 1774 995 1845 qued
1014 1773 1122 1830 iecisti?
1157 1773 1205 1829 (lui
1222 1773 1285 1828 ills:
1306 1789 1350 1828 re·

313 1877 415 1948 gerite
433 1880 459 1930 et
475 1873 569 1928 audire
586 1873 703 1939 noluisti,
723 1863 963 1943 rogsui'donninnrn
983 1879 1009 1928 et
1032 1871 1167 1928 exaudivit
1183 1889 1232 1928 nus.
1267 1871 1352 1928 ieledo

314 1973 457 2047 egredere,
476 1975 500 2027 sl
518 1979 612 2043 potes:
629 1972 721 2041 sieque
740 1969 836 2025 isetuur
856 1977 915 2038 est,
934 1979 1059 2028 ettotam
1079 1971 1148 2028 illese
1166 1979 1269 2026 recten
1289 1987 1353 2043 per·

312 2074 410 2145 vigiles
428 2072 556 2127 ducerent
571 2077 650 2142 etque
668 2085 715 2140 per
732 2085 810 2125 scere
830 2069 937 2142 eloquis
952 2085 1012 2126 sese
1038 2073 1138 2126 sicaris
1155 2071 1285 2129 relatione
1306 2087 1351 2126 su·

313 2175 417 2229 tierent
459 2169 535 2227 Tune
559 2183 622 2224 ecee
644 2175 707 2239 pest
728 2167 858 2237 triduunn,
895 2185 951 2224 eene
978 2168 1024 2226 iile
1049 2167 1084 2224 sd
1102 2173 1288 2226 nosssteriunu
1307 2187 1352 2227 re·

313 2271 425 2337 diisset,
451 2269 561 2327 elevatis
585 2267 670 2324 oculis
697 2267 807 2323 sumum
830 2271 931 2324 sororis
956 2284 1022 2325 ruse
1045 2270 1071 2325 in
1096 2271 1187 2340 speeie
1212 2269 1353 2328 columboe

314 2370 383 2427 coeli
401 2375 505 2424 seerets
522 2373 698 2438 penetrantem
717 2366 854 2438 adspexit,
873 2370 917 2440 qui
934 2383 993 2422 nuos
1017 2383 1112 2440 cerpus
1130 2369 1239 2440 eiusad
1258 2385 1351 2426 nona-

313 2471 419 2526 sterium
439 2469 522 2540 jussit
538 2465 637 2522 deterri
658 2473 685 2520 et
711 2470 738 2520 ln
756 2473 937 2534 monumento,
965 2468 1035 2538 qnod
1054 2467 1106 2523 sibi
1132 2475 1350 2539 prosperarent,

314 2567 449 2624 eelleeari.
465 2598 502 2611 -
514 2596 548 2608 -
581 2570 632 2626 12.
653 2563 770 2631 Quadam
788 2572 865 2621 noete
883 2565 942 2620 dum
962 2581 1055 2622 sersus
1072 2567 1170 2622 demini
1188 2565 1351 2624 Benedictus

313 2684 362 2741 prr
376 2667 517 2722 fenestram
532 2667 698 2737 conspiceret
714 2670 741 2720 et
759 2663 888 2722 dominun
908 2673 1045 2733 exereret,
1075 2665 1142 2721 vidit
1158 2663 1245 2721 iussn
1262 2665 1351 2723 luccen

313 2766 428 2838 desuper
446 2772 554 2822 euectus
566 2765 651 2820 uectis
668 2763 791 2819 tenebras
805 2763 946 2836 effugasse.
975 2762 1068 2820 Subito
1084 2772 1168 2821 auten
1183 2772 1256 2820 tetus
1272 2783 1351 2822 rnu-

312 2866 362 2922 dus
381 2866 452 2922 reiut
471 2863 521 2920 suls
539 2879 591 2919 une
610 2863 676 2918 selis
694 2860 769 2917 redie
795 2861 921 2918 collectus
944 2871 1004 2920 ente
1023 2863 1114 2919 eeules
1138 2865 1196 2936 ejus
1218 2864 1351 2922 adducm

313 2973 354 3023 est
372 2965 461 3036 ibique
477 2963 589 3020 mimum
608 2960 739 3027 Germani,
755 2963 875 3032 episcopi
885 2963 911 3032 ²)
928 2961 1058 3033 capitelis,
1076 2962 1111 3018 sd
1129 2962 1230 3020 eeelw
1248 2961 1352 3019 deterri

311 3064 404 3120 uidens
418 3060 557 3119 manifeste
574 3062 701 3130 conperit
718 3065 826 3130 portes,
852 3059 923 3132 quod
941 3061 1008 3116 luera
1025 3060 1116 3118 erden
1133 3077 1150 3117 e
1169 3077 1280 3134 corpere
1298 3064 1349 3116 nri-

312 3163 408 3236 qrarlt.
421 3191 456 3204 α-
468 3191 504 3203 -
527 3163 582 3220 18.
596 3157 695 3215 Eodem
707 3174 785 3226 annu,
802 3175 853 3230 que
867 3159 900 3214 de
917 3157 967 3214 luae
977 3161 1032 3215 rite
1045 3166 1104 3216 erat
1115 3163 1241 3229 exiturus,
1257 3161 1350 3217 obitura

311 3262 354 3318 sul
373 3260 442 3316 diem
460 3257 586 3315 [utribus
605 3255 775 3314 denuntiaret.
815 3257 883 3313 Ante
908 3264 1008 3313 sertum
1032 3274 1094 3313 rere
1113 3259 1182 3316 dieu
1200 3261 1351 3315 selenites

311 3358 364 3417 uiis
382 3359 481 3430 speriti
495 3356 660 3429 sepolchrum
668 3355 754 3428 jebet.
780 3355 830 3419 Qui
847 3371 907 3412 rues
925 3355 1045 3413 lebriltus
1063 3365 1209 3428 correptus,
1228 3373 1285 3414 cun
1300 3374 1351 3430 per

311 3458 432 3534 singulos
451 3454 510 3512 dies
528 3456 641 3529 languor
658 3458 863 3528 uugrueeseeret,
881 3461 957 3512 serto
975 3457 1019 3513 die
1031 3459 1058 3511 in
1075 3459 1218 3512 eruteriuuu
1237 3474 1266 3515 se
1282 3474 1349 3528 per-

311 3558 363 3612 tsrl
378 3555 445 3612 iecit
461 3557 551 3628 ibique
576 3557 671 3612 suiten
692 3547 765 3610 suunt
789 3553 912 3610 deminici
927 3557 1047 3625 corperis
1074 3562 1101 3612 et
1123 3559 1261 3629 sanguinis
1284 3573 1348 3626 per-

310 3657 432 3727 ceptione
446 3656 562 3710 munivit
596 3652 683 3726 Atque
698 3655 767 3709 inter
779 3652 964 3724 discipulerum
976 3669 1068 3709 munus
1081 3655 1222 3712 inbecillis
1231 3657 1352 3714 menbra

312 3759 463 3812 sustentans
489 3755 586 3810 erectis
608 3756 634 3807 in
663 3753 763 3808 coelun
789 3752 908 3807 nunides
933 3755 1008 3808 stetit
1032 3760 1059 3809 et
1084 3753 1200 3810 ultinuus
1226 3759 1350 3828 spirituus

312 3854 381 3910 inter
398 3851 479 3908 verbu
498 3854 627 3908 erationis
644 3850 752 3907 emerit.
792 3851 855 3922 lpse
870 3859 957 3907 sutem
975 3851 1034 3920 die,
1065 3869 1118 3925 qna
1136 3857 1175 3910 vir
1192 3853 1243 3910 liei
1260 3854 1349 3912 Bene-

312 3951 399 4008 dictus
414 3949 448 4008 dc
467 3950 519 4008 luae
537 3952 592 4006 sits
609 3952 733 4023 nigrurtt
752 3949 786 4006 ed
805 3951 950 4019 Christum,
976 3951 1114 4024 ⁸)duelrue
1134 3953 1275 4021 iratribus,
1303 3957 1351 4013 uni

313 4053 340 4107 in
358 4049 426 4105 cella
443 4052 565 4117 morasti,
585 4046 664 4105 elteri
680 4048 760 4122 lenge
778 4051 866 4121 posite
885 4050 1011 4106 rerelstle
1030 4051 1120 4107 eadee
1133 4058 1279 4108 menstruis
1295 4061 1349 4124 est,

237 4183 241 4196 ·
313 4147 434 4205 videncet
448 4163 559 4221 nonve
583 4149 651 4204 nisus
668 4147 791 4208 lacteam,
804 4149 893 4221 pulliis
911 4155 1020 4206 strstann
1039 4163 1073 4208 ue
1089 4153 1232 4207 innumeris
1253 4166 1350 4210 eorus·

364 4329 697 4384 lldliiueilIuereienunt,
754 4329 1116 4390 ²)lleeentiuruntcupuuui.
1179 4333 1351 4390 dltdrrinc„

313 4411 372 4451 uuus
384 4397 467 4444 uudttit
478 4399 535 4452 με.
549 4419 572 4432 -
586 4397 615 4440 ud
626 4411 677 4444 ree.
691 4397 745 4449 die,
759 4397 852 4443 brevius
865 4401 982 4452 mouentis
993 4402 1094 4449 exhibete
1108 4399 1163 4448 due
1176 4401 1288 4449 irutneu
1300 4403 1350 4450 vi·

314 4463 416 4510 derant
431 4465 502 4510 niun
519 4463 648 4511 lucidum
661 4480 693 4511 ue
705 4465 863 4513 innumeris
881 4474 924 4513 etc.
