2918 5302
341 503 403 568 606
479 503 551 584 Cap.
569 497 742 560 cxxxvii.
784 499 829 559 De
851 497 1028 586 exaltatione
1050 506 1167 559 sanciae
1189 498 1293 558 erucis.

340 659 442 718 inciti.
467 659 633 732 permutante
658 656 762 713 deniae
786 655 917 730 ilageliuri
938 657 1060 730 papulum
1078 673 1154 716 suere
1172 673 1222 730 per
1237 659 1377 714 mentiare

339 775 521 834 paganorunt,
545 755 662 813 costroe
679 773 726 813 ren
744 755 882 813 Persarum
905 761 993 813 emnia
1011 773 1094 832 regna
1111 764 1240 814 terrerum
1259 773 1310 814 sne
1326 763 1377 814 in·

339 861 415 933 perie
439 859 609 932 subjugarit,
638 854 784 913 Jerusalem
807 862 892 912 autern
909 845 1029 914 'veniens
1058 872 1076 913 a
1105 857 1246 930 sepulebre
1277 859 1376 915 derninl
1439 843 1440 846 ¹

337 962 446 1017 territus
464 957 557 1026 rediit,
576 957 625 1014 sesi
644 963 730 1012 tanuen
747 964 848 1026 parient
866 965 975 1015 sanetae
992 959 1093 1025 erreis,
1116 973 1192 1030 quarn
1210 966 1306 1014 saneta
1322 959 1376 1014 lie-

337 1059 400 1116 leaa
417 1058 514 1114 ibidem
532 1057 685 1129 reliquerat,
705 1059 862 1128 anneriavii.
896 1057 994 1115 Veiens
1012 1065 1098 1114 autern
1115 1056 1149 1113 ab
1177 1057 1299 1113 erunibus
1323 1059 1375 1113 eeli

338 1159 468 1224 utilene,
493 1159 640 1212 turnines
664 1171 730 1212 aure
756 1163 783 1212 ei
803 1163 915 1230 argente
940 1158 1157 1214 interlucentibus
1180 1159 1292 1229 gematis
1311 1159 1375 1214 feeit

338 1267 365 1317 ei
382 1258 479 1315 ibidem
498 1258 564 1312 selis
582 1262 609 1312 et
625 1256 704 1311 lunae
718 1261 749 1328 ei
766 1257 900 1313 steilarnnn
920 1261 1047 1330 imagines
1065 1257 1219 1325 collocarit,
1241 1274 1293 1328 per
1310 1259 1373 1313 snb·

336 1361 399 1416 illes
412 1361 489 1415 eiiam
503 1364 583 1429 atque
596 1355 713 1412 eeeulius
729 1355 821 1412 duetus
833 1361 909 1430 quasi
921 1357 991 1414 Deus
1007 1361 1131 1430 'laquata
1151 1355 1268 1428 desuper
1284 1359 1373 1414 inlau-

337 1459 418 1515 tlebsi
431 1464 457 1514 et
476 1461 502 1514 iu
526 1444 734 1530 ¹)subierrsnee
747 1473 829 1531 speeu
841 1459 902 1530 equi
916 1457 1061 1531 quadriges
1072 1456 1209 1514 trabentes
1222 1460 1247 1512 in
1260 1460 1372 1515 eireuitu

335 1560 424 1630 ibant,
454 1566 485 1615 ut
511 1559 589 1630 quasi
617 1560 710 1614 turrira
734 1564 868 1617 mererent
892 1565 919 1614 et
943 1563 1083 1614 tonitruum
1107 1557 1270 1614 simularent.
1304 1557 1373 1614 Filia

334 1661 419 1734 igiter
441 1675 489 1714 sae
516 1675 599 1732 regne
621 1659 721 1714 tradite
746 1659 773 1716 ln
795 1658 843 1713 tall
861 1659 924 1714 lane
941 1657 1069 1731 proluunt
1086 1655 1188 1716 reslilei
1205 1663 1231 1713 ei
1245 1659 1325 1730 juxta
1342 1675 1372 1716 se

300 1799 303 1804 Α
335 1749 438 1815 erueeun
465 1758 564 1834 demini
585 1757 720 1814 eeiloeann
743 1758 874 1830 appellari
897 1758 930 1814 ab
954 1757 1074 1818 onerans
1092 1757 1221 1830 relisum
1238 1758 1317 1829 jebet
1334 1767 1371 1828 et,
1400 1827 1401 1830 Ἴ

334 1861 405 1915 sicui
421 1859 521 1931 legitur
537 1860 564 1913 in
582 1857 651 1912 libre
669 1857 705 1913 rie*
721 1859 818 1914 mitrali
836 1856 939 1926 asbela,
956 1861 1014 1930 lpse
1033 1855 1150 1912 ilentlree
1168 1857 1195 1911 ln
1211 1855 1310 1913 ibrene
1327 1875 1372 1916 re-

334 1956 424 2015 sidens
449 1965 572 2031 tanquam
593 1965 670 2030 puter
692 1955 792 2029 lignum
814 1959 900 2016 erucis
914 1959 978 2014 'sibi
999 1973 1016 2013 ιι
1037 1956 1139 2014 texeris
1162 1957 1288 2029 imposuit
1309 1959 1371 2015 lece

333 2057 381 2113 tiiit
401 2063 428 2114 et
444 2056 542 2131 gallun
562 2073 579 2113 a
597 2057 713 2112 sinistris
730 2057 791 2112 loeo
808 2055 917 2129 spiritus
936 2058 1030 2125 saneti,
1050 2071 1081 2114 se
1098 2073 1160 2113 rere
1172 2057 1256 2128 iussit
1268 2057 1370 2130 patrem

331 2159 471 2215 nominari.
505 2155 582 2212 Tuae
611 2154 733 2214 Eraelins
763 2159 907 2229 inperator
930 2161 1074 2214 exereitum
1098 2159 1233 2231 eapiesurn
1258 2158 1371 2233 collegit

333 2265 360 2316 et
376 2265 469 2314 eontra
488 2252 567 2312 biiunn
586 2253 706 2312 Cesdree
727 2257 806 2329 Juxta
827 2257 972 2313 Danubium
999 2259 1103 2314 ilurlure
1125 2258 1295 2316 dimicaturus
1320 2259 1369 2317 sd-

330 2360 411 2415 renit.
446 2355 566 2432 'landent
584 2357 703 2430 uirisque
720 2359 884 2430 prineiplbus
900 2358 1016 2432 pleeuli‚
1042 2362 1072 2416 ai
1094 2357 1147 2429 ipsl
1163 2371 1245 2430 super
1262 2367 1367 2430 pentem

331 2458 383 2514 seii
408 2455 595 2530 conligerent,
620 2464 647 2513 et
673 2457 718 2529 qui
742 2461 828 2514 vietor
849 2461 1006 2527 exsisteret,
1032 2460 1090 2514 aine
1112 2456 1207 2514 tiamne
1227 2463 1368 2536 'utriusque

331 2561 462 2615 exereitus
482 2558 618 2627 lmperinrn
637 2565 785 2629 usurparet.
820 2558 960 2616 Decretum
972 2559 1051 2614 etiam
1064 2560 1193 2625 eniitsui,
1211 2557 1374 2636 quicumque

328 2657 473 2729 principem
500 2671 573 2712 suurn
597 2657 693 2728 jurare
717 2668 912 2728 praesumeret,
939 2656 1060 2713 eruribus
1081 2659 1176 2715 exelsis
1190 2664 1227 2714 'ei
1248 2659 1367 2720 braeblin

330 2756 363 2813 eb
382 2756 433 2812 bue
451 2759 573 2811 eerrtinne
592 2757 618 2810 in
638 2753 742 2812 ilumine
760 2765 933 2831 mergeretur.
967 2758 1004 2813 At
1019 2756 1146 2838 Eraeiius
1158 2763 1241 2814 ieiune
1260 2776 1292 2818 ss
1310 2761 1366 2820 lise

302 2925 313 2938 Ἰ
328 2857 425 2913 obtulit
441 2862 468 2912 ei
484 2863 592 2913 saueine
610 2859 680 2913 eruel
699 2857 855 2926 deuotione,
875 2873 927 2930 qua
943 2859 1045 2929 potuit,
1067 2857 1279 2934 eenrrn'endanli..
1304 2863 1367 2919 tn-

326 2958 414 3015 bebus
447 2959 529 3029 igitar
555 2959 581 3011 ln
605 2957 728 3013 eoniiietu
753 2957 926 3024 durantibus,
951 2956 1057 3013 Eraclie
1082 2953 1217 3013 rieieriarn
1242 2958 1366 3018 deminus

328 3056 439 3114 eontulit
457 3064 483 3112 et
503 3060 661 3136 eontrarium
679 3052 886 3113 exercitaturae
906 3061 1016 3128 imperia
1034 3056 1195 3130 subjugarit,
1212 3057 1282 3116 atlee
1293 3061 1366 3134 quael

325 3161 464 3214 universus
483 3157 596 3228 populus
616 3156 735 3213 (lenires
757 3157 818 3212 briei
845 3156 1006 3214 ebrisiianue
1029 3171 1060 3213 se
1079 3157 1197 3214 sublidit
1214 3166 1241 3214 ei
1260 3175 1365 3218 sacrun

325 3257 458 3329 baptistas
479 3259 605 3328 surrepit
641 3255 760 3312 costroe
784 3263 872 3313 autern
896 3256 1039 3330 ignorabat
1060 3259 1158 3315 exitere
1180 3258 1263 3327 beili,
1290 3265 1364 3333 quia,

327 3371 384 3412 eunt
415 3357 449 3412 ab
478 3355 598 3411 omnibus
627 3355 794 3427 ⁸)oeliretur,
822 3356 874 3411 sibi
898 3371 915 3411 a
937 3359 1038 3413 neruine
1064 3359 1207 3414 intimatur.
1241 3358 1363 3418 liraelins

325 3462 411 3512 autern
438 3453 472 3511 sei
498 3471 555 3511 euru
581 3457 703 3527 pervenit
715 3461 753 3512 et
776 3457 803 3510 in
820 3435 916 3511 tbrene
934 3470 1016 3512 auree
1034 3473 1091 3513 eunt
1109 3457 1203 3515 netiere
1222 3462 1362 3540 reperiens

205 3573 218 3590 ³
325 3555 409 3612 aldene
432 3554 512 3611 linit:
538 3555 600 3626 qais
623 3554 721 3627 iignum
748 3561 858 3613 sanates
876 3559 960 3612 erucis
978 3555 1121 3612 seeusilarn
1138 3557 1367 3616 tnun'nnerluiunr'

324 3654 478 3721 honorasti,
502 3655 527 3709 ni
549 3653 707 3725 baptismum
732 3663 760 3711 et
777 3654 853 3711 briena
872 3655 969 3712 Cbristi
987 3651 1155 3730 suseeperis,'
1177 3656 1264 3712 atibus
1280 3661 1361 3714 ritu

325 3759 352 3810 si
369 3769 477 3826 regnant
494 3755 585 3823 paneis
603 3767 621 3808 a
636 3760 663 3810 te
682 3757 800 3827 assentis
823 3753 961 3810 obsidibus
980 3752 1128 3823 obtinebis,
1150 3757 1175 3811 ni
1191 3751 1284 3814 autern
1309 3756 1362 3814 boe

325 3853 434 3924 implere
458 3855 645 3919 contemneris,
671 3853 763 3926 gladie
790 3869 849 3909 rnee
872 3859 900 3910 ie
924 3853 1017 3910 irrisas
1041 3861 1069 3912 ei
1089 3859 1169 3926 rapui
1190 3861 1261 3910 tuear
1280 3853 1361 3929 prtu-

326 3952 418 4008 eiiuun.
454 3949 516 4007 Cum
541 3954 623 4024 igitur
647 3952 693 4008 iiie
716 3954 887 4024 acquiescere
915 3951 1013 4020 neiiet,
1041 3961 1161 4010 entraete
1186 3953 1360 4028 gladiorum

324 4051 429 4130 penitus
454 4048 610 4118 debellarit,
636 4057 663 4106 et
686 4055 749 4124 quia
772 4069 820 4110 res
838 4053 941 4122 luerat,
965 4053 1082 4125 sepelire
1104 4055 1256 4126 praesepii,
1279 4053 1360 4112 bilant

325 4165 387 4204 rere
411 4147 529 4204 euumli
553 4165 694 4217 annerum,
718 4167 794 4224 quent
819 4169 876 4210 earn
903 4169 936 4210 eu
960 4155 1073 4225 reperit,
1095 4153 1229 4224 baptizari
1251 4151 1320 4232 ieeit'
1334 4162 1362 4211 et

283 4234 286 4240 ’
323 4247 357 4303 tie
387 4263 467 4303 suere
498 4246 572 4304 lentie
602 4251 687 4322 ipsunt
718 4255 867 4324 suscipiens
898 4269 1006 4326 regnunt
1040 4261 1176 4324 paternum
1203 4253 1229 4308 el
1251 4251 1360 4310 diuisit

319 4351 736 4368 -m

373 4398 395 4446 li
409 4395 450 4439 ad.
462 4399 496 4444 rr.
509 4410 602 4452 aquae
615 4398 688 4443 uilert.
706 4411 709 4416 ·
777 4401 800 4453 ἱ)
813 4398 854 4448 ab.
867 4406 901 4445 τι.
913 4399 981 4454 lenite
995 4413 1139 4459 supreme.
1221 4403 1244 4453 ³)
1257 4399 1298 4447 Ed.
1312 4406 1358 4447 Pr·

322 4461 500 4534 adsumitur.
