2918 5302
182 475 254 558 Cep.
274 475 418 538 cxxvii.
460 477 507 539 De
529 479 634 540 senens
654 477 809 540 Serinlnno
832 489 864 542 et
882 445 997 544 senisse.
1048 481 1111 547 577

59 641 88 694 ei
111 636 143 688 tu
165 635 223 706 lpse
246 650 295 704 per
317 651 360 693 rue
381 641 443 692 sont
460 636 565 694 iumine
583 636 742 695 omiliume.
778 638 841 694 lium
859 644 947 696 euteus
964 642 1110 714 impensior

62 749 96 790 ex
113 731 166 788 lioe
182 747 277 788 nomen
295 733 344 790 Del
361 732 591 808 blasphemasset,
617 739 644 792 ln
667 739 809 793 erastinum
825 739 910 810 jessit
926 753 984 796 oum
1002 739 1037 794 sul
1054 743 1105 796 stl-

61 834 142 903 pitem
166 831 247 902 ligeri
269 839 297 890 st
319 835 460 907 sugitisri,
486 837 603 906 engistus
627 841 713 892 eutem
736 851 754 891 s
774 835 876 892 leniris
901 842 930 892 st
952 839 1105 896 eslnlstris

60 933 89 984 ln
105 941 167 986 sese
186 929 417 1002 suspendebantur
432 949 483 988 nee
499 935 589 1006 alique
607 951 664 990 eum
689 934 777 990 lueslt.
812 933 906 991 Altero
925 936 970 992 diu
988 937 1104 1009 inspers-

59 1034 105 1087 tor
132 1029 166 1084 sd
183 1045 242 1085 euru
258 1033 366 1087 veniens
384 1030 452 1086 dixit
468 1033 507 1088 el:
526 1038 554 1088 et
571 1032 615 1088 uisi
634 1039 677 1089 est
694 1033 766 1090 lleus
782 1034 865 1088 tuost
884 1035 973 1089 reniet
990 1051 1060 1090 nuno
1076 1043 1105 1091 et

60 1129 95 1185 de
112 1131 220 1200 sagittis
239 1131 300 1184 lutis
316 1135 344 1186 is
360 1127 465 1185 liberes
505 1129 652 1203 Statimque
669 1146 724 1188 uns
739 1130 773 1187 de
790 1131 846 1186 illis
863 1134 971 1204 sagittis
989 1133 1103 1190 exiliens

60 1244 151 1302 regem
169 1231 196 1282 in
212 1227 289 1283 oeolo
308 1229 442 1300 perressit
459 1235 485 1283 et
503 1231 609 1300 penitus
626 1231 790 1286 exesecerit.
824 1227 898 1287 Unde
920 1233 1004 1286 tesius
1018 1233 1104 1303 jussit

59 1342 118 1384 eum
141 1327 168 1382 ln
193 1341 302 1384 eereere
325 1327 409 1398 recipi
436 1332 463 1383 et
481 1329 507 1382 ln
526 1330 646 1383 erastino
662 1327 800 1384 sleoollerl.
835 1327 995 1385 Sesinienus
1013 1336 1103 1388 eutem

59 1441 157 1494 erens,
182 1432 213 1481 ot
235 1424 271 1480 ssl
296 1426 397 1494 looum,
421 1427 468 1480 ubi
492 1411 643 1498 beptizetus
670 1427 773 1496 lueret,
803 1426 1007 1496 transferretur,
1037 1444 1102 1484 ooo·

59 1525 151 1581 freuile
174 1526 276 1581 estenls
298 1529 326 1581 et
346 1526 448 1596 opertis
474 1527 552 1580 ostiis
576 1541 626 1596 per
649 1525 752 1581 medios
769 1525 867 1580 milites
886 1529 1019 1583 transiens
1037 1529 1103 1584 illuo

42 1627 146 1701 nterii,
175 1622 247 1696 quod
271 1622 384 1680 euellene
411 1625 555 1693 imperator
571 1625 655 1694 iussit
678 1638 736 1679 eom
762 1623 825 1678 illue
846 1625 951 1696 insequi
969 1633 996 1682 et
1013 1630 1100 1698 uenite

56 1725 184 1778 trunoerl.
217 1721 319 1779 Videres
336 1728 423 1778 notem
442 1720 602 1778 Ssuinianos
613 1720 711 1776 milltes
724 1723 895 1793 insequentes
905 1737 987 1792 super
1004 1740 1099 1796 squem

58 1822 131 1878 uelut
153 1837 237 1894 supro
260 1827 360 1891 petrem
385 1819 546 1886 annularis,
571 1835 709 1891 quousque
734 1818 770 1873 sd
794 1820 880 1874 loours
906 1823 948 1876 sul
973 1821 1100 1893 hepihmi

58 1924 187 1993 personis
229 1919 292 1975 cen
322 1921 406 1992 igitur
428 1917 526 1974 milites
554 1915 806 1988 ¹)trensrsdnsseot
828 1924 855 1973 et
880 1934 937 1974 euos
961 1928 1102 1991 pereutere

58 2019 246 2086 formidarent,
271 2015 339 2073 diois
362 2017 431 2072 lllis:
455 2019 543 2074 seueri
566 2032 608 2072 me
631 2017 760 2086 percutite
783 2021 811 2071 et
835 2013 870 2072 sle
891 2020 1022 2090 sunguine
1039 2035 1099 2076 meo

57 2117 92 2174 sd
111 2118 294 2189 imperatorem
312 2115 426 2184 deferte,
445 2123 473 2172 ut
490 2117 577 2172 iumen
594 2115 708 2186 recipiet
724 2113 812 2170 etIlel
823 2115 946 2170 uirtutem
960 2123 1099 2188 mosset

57 2215 204 2274 Percussus
226 2217 309 2287 igiter
333 2223 413 2288 eupot
438 2232 513 2271 suum
538 2213 639 2270 leserit
660 2217 686 2268 ei
704 2211 830 2282 passibus
846 2210 933 2276 xiix
952 2212 1019 2269 illusi
1035 2231 1099 2285 por.

57 2315 134 2371 lesit.
167 2314 203 2370 At
216 2314 376 2384 imperetur,
394 2329 451 2370 oum
470 2313 504 2369 sle
522 2314 581 2383 ejus
598 2309 729 2382 sengulne
746 2309 850 2364 oonlnn
866 2311 1013 2383 tetigisses,
1031 2328 1097 2370 uon·

57 2415 131 2469 tinne
148 2419 257 2468 sanetus
277 2418 319 2468 est
335 2412 440 2468 dicens:
465 2425 528 2468 vere
545 2408 629 2464 boone
648 2415 674 2464 et
693 2422 806 2480 magnus
824 2414 866 2464 est
882 2408 954 2464 lleus
972 2409 1099 2466 christie-

57 2527 159 2567 uorum.
195 2509 270 2575 Quod
289 2510 400 2566 eosllens
421 2509 598 2582 ²)qoeedenu,
617 2521 686 2579 qnsu
705 2507 781 2560 ennis
792 2505 841 2562 XL
858 2504 945 2563 lumen
962 2511 1098 2578 emiserat,

58 2609 94 2666 sd
111 2610 196 2664 loeuss
214 2611 317 2680 portari
333 2623 363 2664 so
381 2607 445 2664 lecit
462 2615 489 2664 et
507 2608 579 2662 laete
595 2607 716 2661 oratione
738 2605 859 2675 protinus
881 2604 968 2662 lumen
985 2611 1097 2680 eorepit.

57 2708 158 2765 Passus
186 2713 228 2764 est
257 2714 344 2764 eute-
368 2709 440 2763 oiree
465 2721 548 2762 nnnos
574 2705 672 2760 domini
699 2701 853 2759 cclxxvi
877 2703 927 2758 uel.
949 2703 1099 2767 Februarii.

58 2805 113 2863 Sei
138 2805 188 2862 loo
211 2806 271 2862 isleo
297 2808 437 2872 inseritur,
461 2812 489 2860 nt
513 2803 649 2876 inustorles
675 2804 778 2858 sororis
798 2817 879 2871 sose,
902 2805 978 2876 eujus
1001 2803 1098 2862 loetum

58 2907 201 2979 praecipue
213 2904 257 2960 hie
268 2905 406 2973 rseolisur,
423 2903 490 2960 lreee
503 2917 608 2976 quoque
622 2901 742 2974 lusionis
757 2903 941 2976 conjungetur.
960 2901 1023 2960 Cous
1038 2906 1097 2981 ejus

57 3019 137 3062 seror
160 3007 243 3079 igiter
265 3004 364 3061 Seuius
385 3004 495 3060 lenirem
518 3017 593 3059 soum
616 3000 735 3074 qnotidie
756 3001 834 3058 fleret
851 3008 880 3058 st
894 3017 943 3074 uro
961 3017 994 3058 eu
1010 3001 1099 3076 ydolis

58 3105 229 3176 supplicaret,
244 3103 350 3160 tentem
368 3103 422 3158 sibl
439 3101 579 3161 dormienti
595 3101 721 3171 epoamlt
735 3100 848 3174 sngelos
865 3098 970 3160 eliseus:
989 3101 1098 3173 Series,

57 3202 114 3258 noll
130 3203 210 3271 lese,
234 3202 283 3260 sed
300 3217 478 3276 quoecumque
496 3199 595 3266 hebes,
622 3197 777 3271 derelinque
800 3205 827 3255 et
852 3200 971 3257 lnseuies
989 3200 1097 3260 lrstrem

57 3305 129 3356 tuom
152 3303 179 3356 ln
202 3300 304 3358 lsonere
321 3301 434 3355 mezlero
459 3301 638 3356 eomtltutous.
675 3298 748 3362 Ques
768 3298 899 3370 evigilans
918 3297 1100 3359 collossenses

57 3414 124 3456 unse
142 3397 222 3455 slixlt:
240 3400 325 3455 nonies
340 3413 408 3466 nee,
426 3397 562 3470 nilqulslns
580 3398 709 3454 sensisti?
742 3393 776 3451 Et
789 3396 850 3452 ills:
869 3398 958 3464 etiem,
976 3397 1098 3468 dominum

58 3514 117 3555 nem
134 3498 190 3555 sidl
207 3497 336 3554 hominem
354 3503 439 3554 teones
456 3495 624 3569 loquentem,
649 3493 700 3550 sesl
722 3495 815 3550 neseio
837 3494 943 3566 quidem
967 3496 1032 3569 quid
1056 3497 1100 3554 ei.

59 3604 169 3656 esntess.
212 3595 271 3652 Nou
301 3611 357 3664 me,
385 3597 495 3669 lnquit,
517 3593 677 3650 seeusebisi
715 3591 751 3650 Et
772 3592 832 3648 ills:
861 3594 948 3661 elusit,
978 3592 1100 3668 donno,

59 3709 231 3768 querensque
248 3696 299 3762 nis,
318 3695 412 3761 istles,
434 3700 534 3750 tuntum
552 3709 605 3749 non
623 3698 651 3748 te
667 3689 784 3748 senties.
820 3691 919 3764 Sloque
936 3693 964 3748 in
981 3695 1099 3751 umstlnu

58 3795 152 3850 enies
175 3799 351 3852 resumerent.
387 3791 451 3850 cuso
475 3806 541 3866 ergo
566 3788 709 3863 nemenio
733 3787 845 3847 lecisset
867 3805 924 3847 een
950 3791 1049 3864 inquiri
1071 3799 1100 3849 et

59 3909 113 3949 non
133 3893 292 3961 invenisset,
317 3892 429 3949 elevetis
453 3890 489 3946 si
509 3889 611 3946 eoelnss
635 3888 756 3946 menibus
780 3891 834 3945 eit:
861 3891 887 3944 si
904 3888 946 3946 'tu
972 3905 1003 3947 es
1026 3889 1099 3947 Deus

59 3998 155 4066 uolens
179 3991 205 4045 ln
228 3990 321 4056 eoelo,
344 3989 427 4062 yslule
449 4005 509 4045 mee
532 3990 693 4056 comminue,
717 4002 788 4060 quse
804 3992 883 4044 ustos
901 4002 975 4057 meos
992 3987 1099 4046 sslsuro

59 4107 111 4147 noo
136 4094 285 4162 potueruut
320 4087 397 4144 'luno
421 4087 541 4146 dominus
564 4090 688 4143 intonsus
710 4086 799 4140 omnis
821 4088 973 4154 comminuit
990 4093 1018 4144 et
1034 4101 1099 4144 een·

55 4187 156 4264 fregit,
179 4187 252 4262 quusl
272 4187 346 4243 multi
364 4185 486 4242 sidentes
503 4184 682 4244 erediderunt.
712 4183 810 4242 Verum
833 4181 914 4242 leste
931 4184 1032 4242 Ssulue
1047 4184 1101 4243 llo-

59 4325 513 4342 ψ

110 4408 131 4460 ι)
145 4406 202 4452 siin
215 4403 480 4458 tusususdssseot,
496 4402 754 4450 tesnsusnlsssssst.
779 4403 803 4458 2)
815 4401 873 4447 sili·
886 4401 1098 4458 quidsuis-qui.

860 4484 937 4552 es,
