2842 5286
297 454 356 516 182
480 453 552 532 Cap.
574 450 674 512 xciv,
721 450 766 509 De
787 447 923 508 cathedra
945 446 1035 506 sancti
1058 447 1148 508 Petri.

295 631 359 672 vero
377 614 563 686 poenitentiaea
580 626 663 684 agens
681 613 774 666 iterun
792 605 983 664 honorabiliter
997 621 1055 664 euro
1071 609 1181 680 recepit
1216 607 1273 663 iioo
1287 624 1333 664 uu·

295 713 460 769 tenetentum
478 710 511 767 dc
529 708 754 766 incathedratione
776 708 861 762 sancti
885 705 957 762 Petri
980 708 1117 763 consuerit
1134 705 1267 778 apponunt
1284 705 1335 762 ies·

297 819 351 868 tum
370 810 504 882 epularum
531 809 603 866 beati
625 807 697 864 Petri
720 811 747 862 et
771 805 831 862 binc
853 809 932 862 tortia
949 809 1017 861 ratio
1036 807 1146 861 sumitur
1163 807 1335 860 institutionis

297 910 376 982 bojas
395 909 474 974 testi,
504 906 665 963 consuetude
685 907 751 962 eninr
777 905 827 960 icit
851 905 994 976 subunitua
1011 904 1147 976 gentilium
1167 906 1211 974 (ut
1228 905 1268 959 ait
1282 919 1336 958 ua-

299 1011 384 1082 gister
400 1007 534 1064 Jobaunos
552 1004 667 1076 Beiotb)
692 1003 805 1077 siugulis
828 1006 904 1059 annis
929 1007 955 1058 in
981 1019 1070 1059 mense
1094 1001 1242 1058 Februario
1265 1010 1336 1059 certo

300 1108 343 1163 die
360 1107 453 1178 crucias
470 1107 565 1162 eiicere
584 1121 665 1176 aurien
683 1103 800 1159 'tu-utos
820 1109 955 1172 pareutum
979 1117 1083 1158 suornm
1101 1108 1130 1159 et
1145 1117 1193 1159 eas
1211 1101 1246 1158 de
1263 1109 1337 1158 nonu

300 1207 441 1262 daemones
463 1203 665 1272 consumebant,
701 1204 753 1274 ipsi
777 1207 862 1257 autern
885 1201 919 1257 ab
944 1201 1080 1257 animabus
1105 1205 1200 1258 ciroarn
1226 1201 1338 1256 titurius

301 1304 460 1369 errantibus,
479 1319 545 1374 quas
564 1303 670 1359 umbras
688 1301 827 1368 uocabant,
847 1303 947 1356 casuri
965 1299 1100 1372 putabant.
1125 1299 1256 1357 Sciebant
1271 1303 1337 1356 enirn

302 1406 402 1476 antiqui
420 1402 508 1460 dicore
525 1404 569 1473 (ut
585 1402 652 1458 idern
670 1402 740 1469 ait),
772 1400 857 1472 quod,
880 1399 986 1473 quande
1003 1401 1031 1454 in
1047 1399 1165 1455 Ιιιιιιιιιιίι
1182 1399 1338 1470 corporibus

302 1508 376 1569 nunt,
406 1501 526 1557 dicuntur
542 1504 661 1565 animae,
697 1501 726 1553 iu
742 1499 834 1555 interis
852 1515 956 1563 manos,
992 1501 1100 1571 spiritus
1115 1514 1180 1554 rere
1200 1499 1339 1564 uocabant,

303 1600 408 1674 quando
426 1600 461 1655 nd
480 1595 791 1666 caeterorummetum,
809 1597 924 1664 umbras,
942 1599 1049 1670 quando
1066 1611 1157 1656 recem
1174 1603 1234 1654 erui
1251 1598 1339 1669 sepui-

301 1696 362 1756 ιιιιιι
379 1703 436 1756 siro
454 1697 559 1771 quando
575 1701 647 1754 cinca
664 1697 777 1754 tumulos
794 1698 927 1754 errabunt.
980 1697 1051 1754 idaeo
1075 1704 1161 1754 autern
1177 1695 1340 1754 consuetudo

303 1799 337 1855 de
354 1799 440 1870 epuiis
457 1799 501 1852 uix
519 1813 536 1853 a
552 1797 702 1854 christianis
723 1799 807 1868 potuit
823 1800 981 1868 exstirpari,
1001 1797 1070 1870 quod
1088 1802 1172 1856 sancti
1190 1805 1281 1872 patres
1299 1803 1340 1852 at-

303 1897 440 1954 tendentes
459 1904 486 1953 et
502 1901 606 1968 penitus
617 1897 667 1952 boc
678 1899 826 1968 exstirpare
837 1897 955 1951 roientcs
964 1896 1057 1952 seston
1072 1897 1105 1954 dc
1115 1897 1341 1954 incathedratione

303 1998 376 2054 beati
393 1995 481 2064 Petri,
507 2003 561 2051 tunu
579 1996 613 2053 do
630 1996 694 2064 iiia,
713 2011 781 2068 quoe
800 1997 849 2051 tuit
867 1995 983 2062 Romae,
1000 2001 1053 2051 tuna
1071 1998 1104 2054 de
1122 1997 1185 2064 iiia,
1205 2012 1275 2067 quac
1292 1996 1342 2051 iuit
1371 2035 1374 2040 -

302 2095 477 2164 Antiochino,
502 2102 664 2163 statuerunt;
700 2095 747 2150 iiio
767 2095 868 2151 scilicet
886 2094 976 2152 eodem
994 2095 1053 2164 dio,
1079 2113 1131 2168 quo
1148 2096 1215 2152 tabia
1232 2095 1341 2164 fiebant,

305 2194 374 2251 unde
391 2195 425 2250 ab
444 2195 497 2252 iiiia
514 2195 600 2266 epuiis
619 2195 704 2251 adbuc
722 2195 756 2250 ab
769 2195 901 2267 aliquibus
920 2195 1014 2252 tostum
1031 2197 1166 2267 epularum
1183 2195 1256 2251 beati
1271 2194 1341 2252 Petri

304 2301 421 2351 roeutur.
467 2295 567 2359 Quarto
584 2297 704 2351 institute
724 2301 766 2352 est
781 2301 891 2368 propter
907 2297 1078 2352 reuerentiam
1099 2311 1213 2353 coronae
1231 2296 1342 2352 clerica-

306 2394 355 2461 iio;
371 2394 513 2450 notandum
526 2397 602 2462 euin,
621 2395 691 2467 qued
704 2399 783 2467 Juxta
799 2396 946 2467 aliquorum
963 2394 1129 2451 traditionem
1146 2396 1342 2452 corona-cleri·

305 2509 394 2548 corun
412 2493 454 2549 bic
476 2497 558 2565 primo
578 2497 670 2550 sumsit
687 2497 795 2551 initiunt.
818 2495 884 2551 Nant
903 2494 963 2550 dunt
980 2494 1074 2552 Petrus
1092 2494 1247 2552 Antioohiae
1264 2511 1344 2567 prae·

214 2571 219 2583 “
307 2593 423 2660 dicaret,
459 2597 485 2647 iu
503 2594 683 2649 coutumeliam
703 2598 813 2650 nominis
829 2595 964 2651 christiani
982 2597 1153 2652 summitatem
1172 2597 1230 2668 ejus
1248 2597 1345 2666 capitis

271 2703 272 2708 ’
307 2692 473 2754 abraserunt.
492 2691 566 2763 quod
579 2695 682 2765 quiden
701 2695 863 2767 postnodun
879 2698 928 2750 toti
945 2695 1016 2752 ciero
1034 2695 1147 2750 traditur
1162 2697 1189 2749 iu
1207 2694 1344 2762 bouoreur,

308 2791 378 2863 quod
396 2807 444 2863 pro
464 2790 570 2847 Christo
587 2795 765 2864 spostoiorurn
785 2797 897 2868 principi
919 2797 946 2849 iu
965 2795 1145 2850 contumeliam
1171 2793 1258 2850 iuerat
1275 2797 1344 2851 irno-

307 2897 405 2964 gaium.
457 2891 534 2948 Circa
556 2897 642 2948 aurbun
668 2897 752 2965 ipsam
773 2911 895 2951 ceremon
919 2895 1071 2951 clericorum
1096 2896 1149 2948 tria
1165 2892 1372 2974 attenduntur,-

308 2991 408 3046 aciiicet
423 2993 520 3062 capitis
536 2992 659 3058 abrasio,
685 2995 839 3065 capiliorum
857 2995 1020 3052 detruncatio
1038 3000 1065 3048 et
1082 2992 1181 3050 tornae
1197 2993 1345 3050 circulatio.

308 3090 423 3146 Abrasio
434 3093 694 3162 meninsaposiori
705 3097 882 3167 concessitis
892 3093 1024 3166 iittripiici
1035 3095 1147 3161 radone,
1163 3093 1347 3167 quamtotius

309 3192 430 3264 assignat
443 3189 586 3263 Daouinina
604 3193 632 3245 in
650 3193 765 3250 ttoeiostt
783 3193 934 3252 diomrohia
955 3194 1060 3250 diceus:
1095 3192 1215 3249 detentio
1233 3192 1347 3265 capillo-

308 3307 364 3345 rum
381 3290 513 3363 signibcat
530 3289 648 3346 mandant
666 3299 695 3349 ct
711 3309 763 3348 non
782 3293 943 3351 tornnbttem
962 3295 1051 3358 rimu,
1069 3292 1103 3348 ad
1114 3292 1347 3364 capillorunrenirn

309 3388 488 3446 detonsionem
504 3392 563 3447 siro
578 3393 673 3463 ospitis
691 3391 856 3450 abrasionem
872 3396 927 3450 tria
943 3399 1102 3466 sequnntur,
1126 3392 1228 3448 scilicet
1244 3392 1347 3448 enundi-

309 3477 362 3546 tiae
379 3492 562 3559 conservatio,
598 3490 755 3548 deformatio
774 3499 802 3549 ot
819 3491 969 3550 denudatio.
1003 3491 1151 3550 Munditiae
1167 3495 1347 3556 consecratio,

310 3592 373 3662 quin
390 3587 423 3644 cx
440 3590 543 3661 capitiis
560 3589 654 3647 sordes
671 3595 697 3646 iu
714 3594 802 3664 capite
822 3592 1202 3666 aggreganturrdeiornuotio,
1221 3595 1286 3665 quia
1300 3608 1348 3647 oa-

309 3690 366 3761 piiii
385 3688 418 3744 ad
437 3699 555 3744 ornatum
573 3696 648 3755 sunt.
685 3692 817 3765 significat
833 3709 899 3766 ergo
910 3699 1023 3750 tonsura
1037 3691 1157 3750 mundam
1174 3697 1201 3747 ot
1218 3707 1270 3748 nou
1290 3693 1347 3758 ior·

310 3788 429 3852 mebiionn
456 3792 544 3844 vitam
599 3789 653 3845 doc
673 3795 740 3847 cuiun
758 3793 905 3866 siguificat,
940 3793 1010 3866 quod
1027 3793 1116 3848 clerici
1133 3791 1229 3848 debent
1246 3790 1347 3850 babere

309 3887 459 3944 nunditiam
486 3891 579 3944 montis
604 3891 714 3947 interius
737 3897 765 3949 ot
791 3907 846 3948 nou
869 3892 1031 3949 formabilem
1054 3891 1081 3948 id
1102 3897 1210 3948 estnon
1229 3894 1348 3964 exquisi-

309 3996 361 4044 tunr
380 3986 497 4043 habiturn
515 3991 639 4050 euterius.
674 3989 822 4048 Denudatio
841 3993 931 4049 auctoni¹
945 3993 1085 4067 significat,
1105 3991 1174 4064 quud
1191 3994 1260 4048 intur
1276 4008 1307 4048 ao
1321 4000 1348 4050 et

309 4088 388 4144 brun
407 4087 472 4152 niluti
492 4087 571 4145 debet
589 4105 649 4146 esso
668 4090 794 4160 medium,
819 4091 867 4148 sed
884 4091 1033 4150 immediato
1049 4091 1105 4149 boo
1123 4090 1221 4149 debent
1237 4093 1306 4148 uniri
1321 4102 1348 4151 et

312 4190 339 4256 ¹)
357 4188 476 4245 reuoluta
494 4187 563 4245 tucio
583 4188 680 4246 domiui
698 4190 810 4264 gloriam
829 4190 969 4264 speculari.
1005 4191 1165 4264 Gapiiioranr
1183 4192 1348 4248 detruncatio

314 4333 643 4348 m

359 4414 379 4468 t)
393 4415 484 4458 decent.
498 4411 612 4458 eierato
627 4412 710 4467 ierunt,
