2918 5302
228 475 301 556 cip.
325 475 412 538 ext.
454 477 499 540 De
521 487 621 538 sencto
642 478 787 540 Mattheus
809 478 951 559 apostolo·
1047 475 1109 542 625

68 649 117 689 nec
141 651 188 708 per
213 652 305 711 magos
331 637 504 712 Ephigeniam
531 645 623 710 posset
647 638 813 710 aliquatenus
844 640 995 704 inautsre,
1025 643 1107 696 mian

67 735 127 806 ejus
146 734 248 792 domam
267 738 330 810 igne
348 741 458 810 copioso
477 739 595 805 tullerit,
612 745 641 794 ut
659 740 741 809 ipsam
763 739 944 794 consecteris
959 736 1107 810 virginibus
1185 795 1188 806 ,

69 844 264 902 concremaret,
289 838 430 907 spostolus
454 847 540 894 sutem
566 838 664 897 eisdem
689 852 823 908 apparens
847 852 947 892 omnem
966 837 1053 907 ignem
1072 835 1106 891 ab

68 949 157 991 esrum
175 934 253 991 domo
272 940 405 1001 excussit,
429 939 474 1010 qni
493 953 631 1008 erumpens
651 940 723 1011 regie
743 936 867 1005 polotiun
887 937 983 990 incasit
1003 943 1030 990 et
1048 937 1107 992 solo

68 1049 133 1105 rege
167 1033 293 1092 ersteme
321 1040 364 1090 rix
394 1052 451 1092 com
478 1041 555 1092 unico
581 1035 633 1096 ilis
656 1046 750 1092 cuncta
775 1036 935 1101 consumsit,
965 1037 1107 1108 statimque

67 1131 136 1188 lilius
160 1143 282 1206 arreptus
309 1153 326 1192 e
350 1136 488 1193 doemonis
510 1138 594 1209 petris
619 1137 726 1192 crimine
745 1137 871 1192 conitens
889 1134 924 1188 od
942 1135 1108 1206 sepulchrum

67 1235 184 1303 aposloli
203 1240 371 1307 properarit,
394 1243 470 1308 peter
494 1251 557 1292 rero
576 1239 743 1307 turpissimus
762 1235 883 1305 leprosus
901 1235 1026 1303 ellectus,
1050 1250 1108 1290 snm

67 1338 154 1389 careri
173 1351 225 1390 non
242 1345 344 1407 posset,
362 1353 439 1394 manu
454 1338 563 1408 propria
576 1335 668 1408 gladio
683 1352 713 1391 se
733 1336 851 1404 peremit.
886 1333 1002 1405 Populus
1020 1341 1107 1392 aulem

69 1431 176 1488 iretrem
200 1431 365 1509 Ephigeniae
386 1437 420 1492 eb
449 1437 570 1510 apostolo
593 1435 753 1506 baptizatum
777 1449 867 1506 regern
884 1435 1035 1501 constituit,
1062 1439 1107 1507 qui

67 1547 116 1602 per
132 1548 216 1590 annos
235 1534 308 1590 Lxx
325 1539 448 1608 regnarit
466 1541 492 1592 et
511 1534 588 1589 hlium
608 1550 681 1588 suurn
694 1532 746 1589 sibi
759 1532 921 1588 substituens
935 1532 1107 1592 christianum

68 1633 320 1706 cultammsgnilrcc
337 1635 473 1706 ampliavit
490 1642 517 1692 et
534 1641 614 1690 totam
634 1632 793 1702 Aethiopiae
812 1634 971 1704 provinciam
985 1632 1105 1689 ecclesiis

69 1730 168 1787 Christi
186 1733 314 1806 replerit,
337 1735 438 1791 Zsrses
463 1741 548 1790 sutem
574 1741 601 1790 ct
618 1732 756 1804 hrphoxnt
776 1732 809 1788 eb
828 1747 860 1788 ea
879 1732 939 1799 die,
963 1747 1016 1804 qna
1033 1736 1105 1808 regie

68 1829 148 1886 tilium
169 1833 308 1904 apostolus
331 1836 482 1902 suscitarit,
510 1836 537 1892 ln
560 1833 694 1890 Persidem
720 1832 857 1904 ingerunt,
886 1833 935 1888 sed
959 1833 1054 1903 Spmon
1079 1841 1106 1889 et

66 1931 151 1988 ludes
174 1947 221 1989 ess
244 1933 341 1988 ibidem
367 1935 493 1989 riserunt.
529 1931 691 1996 Notandum,
716 1931 787 2004 quod
811 1934 837 1986 ln
863 1931 942 1990 beato
967 1931 1104 1990 Mnttlreeo

68 2037 183 2102 quatuor
206 2032 417 2090 considerantur.
457 2032 568 2089 Primam
601 2040 643 2088 est
671 2030 839 2092 obedientiae
868 2031 1011 2098 velocitas,
1042 2034 1106 2105 quia

69 2145 144 2196 mon,
168 2138 196 2186 nt
214 2129 334 2186 Christus
352 2148 410 2187 enm
436 2136 554 2200 vocarit,
580 2134 704 2188 continuo
735 2132 901 2202 ¹)teloneam
925 2130 1032 2204 reliquit
1056 2147 1104 2188 nee

68 2229 188 2284 dominos
212 2233 392 2287 susstinens
417 2235 534 2288 rationes
560 2232 730 2304 vectigalium
752 2228 919 2300 imperlcolss
943 2230 1051 2303 reliquit
1078 2236 1106 2287 et

69 2326 174 2384 Christo
198 2330 316 2400 perfecte
339 2329 470 2388 adhaesit
504 2331 554 2388 Pro
581 2331 630 2386 huc
655 2331 795 2386 velocitate
813 2329 980 2386 obedientiae
998 2329 1103 2402 quidem
1195 2345 1197 2350 ·

68 2431 233 2510 ssessionem
258 2433 363 2486 erroris·
380 2432 432 2486 sibi
458 2435 655 2498 assumserunt,
676 2431 746 2486 sicot
767 2433 861 2485 recitet
886 2429 1055 2502 Hieronymus
1078 2434 1104 2486 in

67 2530 194 2602 originali
216 2546 298 2601 caper
323 2530 483 2600 praedictam
507 2533 591 2587 locum
614 2530 719 2586 dicens:
743 2531 832 2600 crguit
849 2532 875 2584 in
893 2528 945 2584 hos
963 2530 1022 2584 loco
1039 2528 1105 2586 Por-

67 2627 168 2698 phirius
194 2635 221 2684 et
242 2627 362 2686 lulienue
389 2632 524 2702 Augustus
551 2630 593 2688 nel
623 2631 778 2701 imperitiam
804 2627 929 2700 hystorici
956 2632 1105 2686 mentientis

68 2727 109 2782 rel
127 2728 264 2784 stultitiam
282 2744 384 2796 eoram,
413 2732 457 2801 qui
475 2733 563 2786 statim
581 2733 663 2786 secati
682 2729 736 2785 elnt
753 2729 923 2806 salvotorem,
941 2711 1017 2800 quasi
1037 2733 1106 2786 irra-

65 2825 231 2884 tionabiliter
255 2828 396 2902 quemlibet
422 2838 557 2888 necantem
581 2829 709 2885 hominem
728 2834 789 2885 sont
805 2829 898 2884 secuti.
933 2825 996 2884 Eum
1014 2836 1106 2887 tantae

67 2928 177 2983 virtutes
201 2933 326 3002 numque
350 2932 430 3002 signa
452 2936 670 3000 praeceeeemnt,
693 2943 761 3000 quoe
785 2929 940 3001 apostolos,
965 2937 1104 3002 antequem

66 3025 220 3096 crederent,
238 3027 338 3085 cidisse
355 3044 407 3083 non
425 3027 531 3084 dubium
550 3035 600 3086 est.
636 3030 714 3088 cens
739 3028 828 3104 lolgor
852 3030 910 3100 lpse
933 3037 961 3084 et
978 3033 1105 3100 mejestes

65 3126 212 3182 divinitatis
231 3127 342 3195 occulta,
360 3143 429 3199 quse
448 3133 526 3184 etiam
545 3130 572 3184 in
587 3127 702 3186 humens
717 3128 787 3184 losio
808 3127 955 3197 relucebat,
974 3145 1006 3186 ex
1020 3132 1104 3199 primo

65 3225 99 3281 ud
117 3243 147 3282 se
166 3228 284 3282 ridentes
301 3227 408 3283 trahere
427 3234 531 3299 poterat
548 3229 685 3301 adspectu.
721 3227 750 3282 st
769 3229 837 3284 esim
855 3228 881 3280 in
897 3235 1019 3302 magnete
1037 3229 1104 3284 haec

65 3341 126 3382 erse
150 3329 232 3382 virtue
259 3322 369 3394 dicitur,
400 3335 429 3382 ut
454 3327 566 3382 annulos
593 3335 620 3382 et
646 3328 762 3382 festucas
786 3328 839 3383 sibi
863 3326 984 3396 copulet„
1006 3335 1105 3400 questo

65 3428 150 3499 megia
176 3417 296 3480 dominus
320 3429 433 3481 omniurn
458 3433 636 3482 creaturarum
661 3427 695 3480 ad
718 3442 747 3482 se
766 3431 871 3496 poteret
887 3423 1012 3490 trahere,
1036 3443 1104 3498 quse

65 3523 179 3580 nolebat
215 3523 286 3582 lineo
303 3525 485 3596 llioronprsns.
518 3523 665 3582 Secundum
685 3533 726 3580 eet
745 3527 803 3596 ejus
822 3524 934 3596 largiter
958 3525 1014 3581 sire
1037 3524 1105 3582 libe-

65 3625 167 3692 raliter,
186 3628 249 3696 quis
265 3627 354 3680 stetim
373 3624 436 3680 iecit
454 3625 480 3680 ei
498 3625 643 3678 conririrrm
661 3638 783 3697 ιιιιςιιιιιιι
802 3625 827 3678 in
847 3623 923 3676 dorso
936 3638 992 3680 suo.
1028 3623 1104 3687 unet

64 3724 167 3796 quidem
194 3726 340 3780 convivium
367 3740 419 3779 non
445 3729 499 3779 tarn
517 3722 567 3777 luit
584 3737 706 3796 msgnnm
728 3724 831 3782 rstiono
850 3721 939 3777 leutee
957 3737 1106 3793 praepare-

63 3825 153 3888 tionis,
173 3823 221 3880 rsd
240 3827 317 3879 otium
338 3823 386 3878 luit
403 3837 524 3895 magnam
544 3825 627 3893 prlrno
647 3823 750 3878 ratione
769 3821 833 3887 noli,
853 3823 915 3891 quio
932 3837 989 3876 cum
1007 3837 1104 3894 msgns

62 3925 159 3982 electu
179 3933 206 3980 ct
223 3921 356 3980 desiderio
377 3925 460 3994 ipsun
479 3924 589 3992 recepit.
625 3919 748 3978 Secundo
767 3921 872 3976 ratione
890 3923 1020 3992 mysterii,
1039 3925 1103 3994 quia

61 4024 126 4080 illud
152 4023 201 4080 luit
232 4022 400 4078 indicativum
432 4021 522 4094 magni
549 4021 674 4092 mysterii.
711 4019 786 4084 Quod
819 4023 968 4092 mysterium
995 4025 1105 4094 exponit

62 4121 159 4180 Glossa
178 4119 374 4196 superbonum
394 4121 497 4178 dicens:
518 4122 563 4192 qui
580 4119 713 4178 domicillo
728 4117 860 4176 christum
881 4121 977 4191 resipit
990 4122 1103 4190 interno,

61 4225 182 4279 murinis
201 4220 400 4281 exuberantium
424 4223 545 4292 pascitur
562 4217 783 4276 delectationibus
803 4218 974 4289 voluptatum.
1009 4219 1101 4277 Tertio

56 4361 472 4378 —ffl

110 4443 132 4496 ι)
146 4441 187 4489 ιιι.
201 4447 235 4486 rr.
247 4441 308 4487 mele
321 4439 520 4488 't'heslsnirrrn
533 4437 607 4486 offert.

859 4519 898 4576 to
