2842 5286
205 507 279 586 Cap.
299 503 390 564 LXlls
435 503 482 562 De
503 502 612 584 virgine
632 498 757 586 quadam
778 501 964 567 Antioolreua.
1039 504 1100 566 2⁷³

57 660 163 716 ibidem
187 659 269 717 iaoite
286 668 313 718 et
329 660 367 716 tit
391 677 448 716 esm
466 663 552 716 rivum
572 666 600 717 et
616 662 740 732 supinum*
754 661 875 732 sepelite.
909 660 985 726 Quod
1009 669 1037 719 et
1058 663 1100 720 le·

58 768 155 820 oerrnt
181 767 209 816 et
233 761 339 818 beatum
355 759 468 818 Vitslem
490 759 589 816 ibidem
605 762 691 816 vivum
708 761 885 832 sepelierunt,
913 761 962 817 suls
986 759 1101 830 Nerone,

57 865 105 936 qul
124 863 216 932 eoepit
231 863 304 916 uiros
320 875 413 915 annum
431 859 531 914 domimi
547 857 602 914 ili.
637 859 769 915 Sacerdos
785 867 885 928 autem,
904 862 950 932 qul
966 859 1019 916 hoo
1037 876 1103 920 oou·.

58 961 151 1016 silium
176 959 302 1026 dederat,
327 961 416 1014 statim
440 974 458 1018 a
478 957 605 1014 daemone
628 960 749 1029 arreptus
767 974 817 1030 per
832 964 932 1030 septem
951 959 1009 1015 dies
1027 962 1100 1016 insa·

57 1061 137 1116 miens
162 1063 190 1116 ln
208 1059 255 1116 lllo
274 1061 334 1116 loeo
352 1057 518 1128 exolsmalsat
542 1056 648 1114 diosus:
672 1057 791 1114 incendis
813 1073 855 1115 ms
881 1065 973 1114 sanem
995 1058 1100 1126 Vitalls,

58 1159 105 1215 die
122 1166 210 1215 autem
229 1161 341 1230 septima
358 1160 385 1213 in
402 1157 496 1212 flumen
513 1172 531 1211 a
548 1155 676 1212 daemone
701 1159 890 1227 praecipitatus
914 1158 1103 1215 miserabiliter

60 1261 218 1330 exspiravit
252 1256 324 1314 llxor
340 1263 427 1314 sutem
444 1257 531 1311 saneti
549 1255 645 1312 Vital‘m
662 1269 719 1310 oum
736 1254 915 1311 Mediolanum
935 1255 1036 1330 adiret,
1058 1260 1100 1312 ln-

58 1359 134 1414 remlt
158 1356 287 1430 quosdsus
309 1355 397 1427 pdolis
420 1354 599 1421 immolantes,
622 1356 667 1426 qui
694 1369 751 1410 oum
780 1369 837 1411 eam
862 1355 1046 1422 h-trtnrentur,
1070 1364 1100 1412 ut

58 1457 148 1530 ydolis
166 1455 301 1511 immolata
321 1455 492 1522 comederet,
516 1452 668 1524 respondit:
699 1453 845 1510 olristians
868 1469 941 1519 sum,
962 1470 1015 1510 uon
1035 1455 1100 1512 lloet

60 1556 124 1612 milri
138 1556 175 1612 'ds
194 1555 291 1611 restris
308 1552 444 1610 saerileiis
462 1552 630 1608 manducare.
665 1552 740 1615 Quod
759 1553 797 1608 illl
816 1551 954 1610 audientes
970 1559 1023 1608 tam
1040 1552 1099 1612 dire

60 1671 118 1712 saur
138 1647 362 1720 'rememorarem
388 1653 460 1726 quod
483 1651 603 1708 honines
628 1655 685 1720 sul,
708 1654 754 1725 qui
777 1667 834 1708 oum
851 1667 884 1708 ea
901 1658 991 1718 erant,
1014 1668 1098 1724 uque

59 1755 238 1812 Mediolanum
264 1767 321 1809 eam
345 1753 496 1809 semivivam
521 1750 688 1809 deduxerunt
713 1758 742 1808 st
764 1750 835 1806 inira
855 1750 967 1806 triduum
985 1750 1100 1810 ieiioiter

59 1856 183 1930 migrarit
200 1851 236 1908 sd
253 1852 391 1908 dominum.

392 2325 527 2424 ''le
551 2324 651 2423 iiii.
674 2323 772 2424 (itt.)

147 2477 224 2548 De
244 2475 441 2566 uirgine
463 2476 670 2566 quadam
689 2473 1004 2549 Antiochena

124 2637 211 2713 Virgo
228 2641 355 2715 quaedam
375 2642 426 2700 iult
441 2641 615 2712 Antioohiae,
639 2643 715 2713 eujus
734 2640 877 2712 hystoriam
895 2639 1049 2700 Ambrosius
1066 2647 1095 2700 in

57 2735 89 2792 ii
106 2737 178 2795 libro
195 2739 230 2797 ds
247 2742 396 2815 virginibus
413 2744 508 2799 reoltat
518 2744 543 2796 ln
554 2741 623 2798 lisso
634 2741 724 2796 rerba.
758 2740 915 2796 Antioohiae
924 2757 1009 2812 nuper
1019 2745 1095 2816 virgo

59 2837 190 2908 wedam
206 2839 264 2908 luit,
283 2840 401 2915 fugitant
418 2840 517 2913 publioi
533 2843 608 2898 risus
624 2837 834 2896 osteutstlonem.
869 2838 923 2895 Sed
940 2855 991 2911 qno
1009 2845 1095 2915 magis

59 2935 163 2994 ritulst
180 2939 283 3007 oeulos,
301 2939 458 2998 iuoendelsst
473 2940 584 2998 ulleotus
603 2953 635 2994 eo
653 2937 763 3009 amplius
789 2937 942 3008 impudicos.
975 2939 1095 2996 l’ulelrri-

57 3034 123 3092 tude
141 3038 209 3092 euim
225 3037 318 3094 audita
333 3056 384 3097 neo
400 3043 460 3096 risa
478 3039 536 3112 plus
556 3038 723 3095 desideratur
732 3035 835 3092 duobus
845 3037 959 3093 stimulis
969 3039 1094 3110 eupidita,

57 3139 111 3188 tum
129 3139 227 3192 amoris
245 3139 466 3210 recognitionis,
485 3138 545 3194 dum
562 3144 589 3194 et
605 3135 670 3193 nihil
686 3139 815 3204 ooourrlt,
841 3135 1013 3208 quodminus
1035 3138 1094 3211 pla-

59 3241 136 3301 reat,
156 3241 184 3291 et
201 3235 260 3308 plus
278 3244 384 3308 putatur
401 3254 477 3306 esse,
502 3237 573 3310 quod
595 3237 713 3310 plaoeat3
735 3236 806 3309 quod
829 3252 881 3291 nou
904 3235 983 3292 indos
1002 3235 1095 3293 oculus

60 3333 191 3403 explorat,
210 3334 259 3390 sed
275 3337 377 3392 suimus
397 3344 498 3392 amator
515 3343 631 3408 exoptat
665 3334 757 3408 ltaque
774 3343 869 3390 saneta
878 3336 965 3407 ringo,
985 3350 1017 3391 us
1034 3335 1094 3393 dlu-

57 3433 112 3487 ilus
130 3432 247 3490 aleretur
269 3435 411 3505 potiendae
429 3435 675 3508 specupiditatis,
698 3436 876 3508 integritatem
899 3435 1008 3504 pudoris
1030 3451 1094 3507 pro-

59 3531 135 3589 lesss
151 3535 192 3588 sio
210 3535 346 3589 restrinxit
364 3535 540 3606 improborum
558 3536 660 3603 laoles,
682 3541 713 3588 ut
723 3535 779 3604 lam
804 3541 1022 3604 monstraretur,
1046 3535 1095 3593 sed

58 3631 226 3703 proderetur.
256 3630 493 3706 lluoeperseeutio.
518 3633 611 3691 Puella
621 3633 713 3706 lugere
722 3634 820 3697 nussia,
839 3639 927 3688 aetate
937 3634 1044 3704 pauida,
1062 3651 1095 3694 rs

58 3730 189 3788 ineiderst
205 3733 232 3786 ln
251 3733 421 3788 insidiatores
439 3733 558 3803 pudoris,
576 3735 686 3788 animam
706 3731 741 3786 ad
759 3732 879 3786 virtutem
901 3735 1018 3801 parsuli,
1040 3742 1094 3791 tam

59 3830 205 3903 religiosa,
223 3837 252 3887 ut
270 3839 378 3888 mortem
395 3847 448 3886 uon
464 3834 576 3898 timeret,
594 3838 646 3886 tam
660 3829 765 3902 pudiea,
783 3837 812 3884 ut
828 3835 936 3884 mortem
953 3841 1094 3903 exspecta-

59 3937 109 3986 ret
145 3928 224 3986 Venit
248 3933 316 3986 euim
336 3945 450 3986 oorouas
470 3929 538 3997 diss,
565 3931 679 3986 maxima
698 3931 808 3984 omnium
827 3930 1005 3998 exspectatio,
1030 3947 1093 4002 pro-

59 4029 165 4086 ducitur
188 4031 278 4102 puells
301 4029 399 4102 duplex
419 4029 543 4102 professa
566 4035 712 4095 osrtameu,
738 4028 868 4084 castitatis
898 4033 924 4082 ot
947 4029 1092 4102 religionis.

58 4129 115 4186 Sed
133 4129 180 4186 ulsl
198 4129 317 4186 uiderunt
333 4132 505 4184 onustandam
522 4127 712 4200 professionis,
729 4131 822 4182 metam
841 4124 959 4196 pudoris,
976 4136 1095 4198 paratum

58 4229 95 4285 sd
118 4231 263 4296 eruciatus,
292 4227 489 4286 eruheseeutem
518 4227 554 4284 ad
576 4226 734 4299 adspeotus,
762 4227 919 4298 ereogitare,
942 4235 1094 4299 ooeperunt,

111 4451 134 4502 il
146 4453 207 4495 liaeo
219 4447 313 4502 lepeudu
327 4445 391 4493 duest
403 4447 426 4493 iu
441 4445 480 4492 lid.
493 4447 563 4492 drino.

818 4524 853 4581 is
