2798 5302
300 481 342 542 64
591 481 663 562 Cep.
685 481 721 540 X·
769 481 814 542 De
835 483 1043 546 innocentibus.

301 641 388 716 linget
403 641 484 715 igitur
502 654 595 715 longos
612 644 639 698 ut
658 655 690 698 eo
707 643 812 698 ursonio
830 641 882 699 sibi
900 646 1056 711 renuntient,
1074 645 1201 703 siurim
1220 661 1250 706 se
1268 647 1332 706 uelle

301 741 425 810 udorure,
444 756 520 812 quens
540 734 646 798 roiebst
663 740 791 797 occidere.
815 740 998 800 Verumtamen
1012 747 1084 819 mugi
1101 761 1151 819 per
1167 746 1247 804 olion
1268 752 1332 806 rtem

300 845 402 899 reuersi
423 845 527 898 suntin
544 844 679 914 regionem
699 855 781 898 suum.
816 841 914 900 Videres
933 843 1060 912 Herodes,
1078 847 1149 920 quod
1169 863 1332 921 nequaquem

300 942 334 998 sd
352 957 383 998 se
401 945 534 1007 rement,
553 941 647 998 stelioe
666 943 767 997 ulcione
787 955 833 998 eos
850 942 975 1015 deceptos
992 944 1028 1000 nd
1044 960 1074 1001 se
1092 945 1178 1004 redire
1196 948 1331 1006 ormense

300 1042 412 1100 credidit
430 1048 457 1097 et
472 1041 533 1096 ideo
552 1041 587 1096 nli
603 1042 772 1112 inquisitione
789 1045 864 1114 pueri
881 1046 993 1100 snlnurn
1009 1049 1153 1103 resecuit
1172 1046 1238 1104 (lum
1247 1054 1330 1105 sutem

299 1141 428 1198 audiisset
444 1140 513 1213 quod
533 1147 656 1212 penteres
677 1139 800 1197 dixerunt
815 1147 843 1198 et
858 1157 928 1216 quus
944 1143 1056 1215 Syneon
1075 1154 1103 1202 ot
1120 1147 1198 1204 Anus
1217 1147 1330 1220 prophe

299 1247 437 1310 taverunt,
455 1239 621 1297 veliementer
637 1242 723 1296 timrdt
740 1246 767 1296 et
785 1256 815 1298 so
833 1255 850 1297 u
867 1245 953 1317 nugis
967 1247 1081 1316 turpiter
1096 1246 1203 1305 illusum
1221 1251 1328 1320 poturit

278 1343 372 1400 -l'une
389 1341 506 1400 lloredes
523 1341 555 1398 do
572 1355 636 1398 nece
654 1355 809 1412 puerorum,
844 1345 889 1415 qul
907 1349 983 1400 ersrrt
999 1348 1026 1400 tn
1041 1344 1192 1414 dielichen,
1216 1354 1329 1406 trueture

298 1447 395 1517 coepit,
412 1451 441 1498 ut
457 1456 513 1498 cum
532 1443 564 1497 ils
582 1426 644 1508 ille,¹
656 1437 732 1514 puers
749 1440 899 1513 ignorabat,
919 1443 1089 1502 occideretur.
1109 1444 1329 1505 Admonitionem

298 1553 384 1603 sutem
402 1543 490 1618 angeli
505 1539 606 1613 loseph
629 1555 685 1596 eom
702 1555 784 1612 puero
801 1546 828 1596 et
843 1548 925 1598 matre
947 1545 975 1598 ln
993 1545 1157 1618 Aegyptum,
1192 1549 1220 1602 in
1237 1551 1328 1604 cisitu·

297 1654 350 1704 tem
367 1644 530 1717 liemopolis
546 1641 615 1716 legit
630 1640 719 1713 ibique
737 1647 837 1712 reptem
851 1643 927 1697 annis
944 1658 1027 1716 usque
1045 1644 1079 1701 ud
1098 1643 1197 1702 obitum
1219 1645 1328 1705 lierodis

298 1748 401 1803 nonsit.
443 1743 608 1818 lngredlerue
625 1742 707 1816 igitur
723 1740 826 1798 domino
843 1742 990 1814 Aegyptum
1008 1742 1148 1802 secundnm
1166 1745 1265 1805 locine
1283 1762 1327 1804 rs-

294 1849 411 1904 tlelnium
431 1848 554 1903 universe
577 1841 657 1914 ydolo
671 1848 833 1897 corruerunt.
882 1841 1000 1898 Tredunt
1018 1859 1137 1917 quoque,
1174 1847 1247 1920 qnod
1262 1853 1329 1905 sieut

295 1947 322 2004 in
340 1951 412 2004 euitu
432 1947 541 2002 iliorum
557 1941 639 1999 isreel
658 1941 691 1997 de
708 1942 831 2015 Aegypto
847 1955 899 1996 non
920 1943 969 1997 luit
982 1942 1072 2000 donus
1092 1947 1118 2001 iu
1135 1948 1276 2022 Aegppto,
1302 1953 1328 2006 ln

295 2063 349 2122 qne
364 2054 520 2120 procurante
538 2045 641 2102 douino
658 2059 710 2098 non
722 2043 827 2115 luceret
842 2047 957 2098 mortuus
981 2046 1187 2118 primogenitus,
1225 2050 1265 2104 ltu
1281 2066 1328 2108 nee

294 2158 355 2206 tuuc
373 2148 422 2206 luit
438 2146 571 2220 templum,
588 2145 615 2200 in
632 2159 685 2216 quo
704 2159 756 2198 non
774 2143 917 2200 continuet
932 2142 1046 2214 ydolum.
1074 2144 1166 2202 Refert
1184 2146 1327 2206 Cassiodo-

295 2267 340 2307 rus
357 2253 385 2306 in
401 2250 520 2322 hystorie
536 2246 679 2318 tripartite,
699 2241 770 2320 quod
787 2240 813 2296 ln
829 2241 979 2315 Hermopoli
998 2244 1141 2318 Tlehnpde
1153 2246 1326 2306 dicoturesse

294 2350 391 2420 orbor,
421 2364 489 2423 quse
507 2351 615 2402 rocotur
632 2343 756 2416 persidis,
776 2341 867 2400 rolens
881 2346 909 2398 ln
925 2343 1035 2400 sulutem
1054 2345 1208 2415 nudorum,
1228 2351 1252 2404 si
1271 2349 1327 2406 iru-

293 2456 350 2506 etns
367 2457 413 2506 sut
431 2449 521 2505 lolium
537 2453 584 2503 eut
600 2459 663 2517 psus
683 2445 788 2500 corticis
804 2442 873 2499 collo
893 2448 1085 2518 ammodum
1102 2427 1236 2520 alligetur.
1263 2449 1325 2507 (lun

292 2551 376 2624 igitur
391 2550 472 2606 cents
487 2547 576 2606 Meris
592 2559 648 2600 com
665 2541 720 2598 lilio
738 2544 765 2598 in
781 2544 930 2617 Aegyptum
947 2543 1066 2618 lugeret,
1098 2545 1165 2604 lusce
1181 2546 1264 2605 udor
1280 2566 1324 2607 us-

294 2665 346 2723 que
365 2649 400 2706 ud
417 2657 513 2707 terrum
532 2646 657 2703 incurate
673 2651 715 2703 est
731 2651 758 2702 et
775 2643 905 2702 Christum
924 2645 1080 2717 suppliciter
1096 2645 1227 2706 edorurtt
1255 2649 1326 2710 iisse

293 2749 476 2806 Cassiodorus.
487 2779 521 2792 -
538 2777 573 2792 -·
590 2751 622 2806 2.
639 2747 703 2805 Cum
720 2748 802 2822 igitur
810 2743 927 2801 llerodes
943 2742 976 2801 de
993 2760 1057 2803 nece
1075 2762 1215 2820 puerorum
1233 2749 1324 2823 dispo

292 2857 376 2918 neret,
395 2849 537 2906 scsessre
546 2850 667 2921 sogum
678 2864 725 2920 per
738 2844 876 2920 epistolum
886 2849 928 2901 est
941 2846 1036 2902 eltutus
1046 2846 1156 2902 iliorum
1174 2852 1323 2906 soeosstio·

291 2950 368 3006 nllus
377 2963 560 3022 responsurus.
586 2947 701 3013 Quicum
716 2962 764 3021 per
774 2944 885 3002 Tereum
903 2947 954 3001 iter
969 2942 1078 3012 inseret,
1095 2944 1234 3014 intellexit,
1252 2949 1322 3021 quod

291 3063 384 3122 mnpos
401 3065 483 3106 nutes
501 3047 671 3104 Tarsensium
690 3047 909 3113 truuswrissent,
928 3050 955 3100 et
973 3044 1034 3101 ideo
1050 3061 1140 3102 omnes
1152 3045 1324 3104 neues'lursi

290 3147 408 3206 comburi
421 3150 493 3216 lecit,
508 3147 648 3204 secundnm
658 3145 728 3220 quod
737 3144 897 3227 praedictum
912 3144 1012 3201 lueret:
1029 3146 1057 3200 in
1070 3146 1165 3218 spiritu
1177 3144 1323 3204 uehementi

289 3254 410 3306 conteres
423 3245 617 3304 neres‘l'ursis.
649 3246 915 3319 Cumquepstercnm
925 3243 1322 3320 iiliiscorumcsessredisosp-

288 3354 372 3416 teret,
391 3347 522 3404 delinitum
540 3353 597 3415 est,
614 3352 641 3402 ut
659 3345 704 3401 llil
722 3349 791 3417 putri
806 3347 834 3402 in
850 3343 970 3400 cuminus
988 3342 1126 3401 obedirent
1142 3352 1168 3401 et
1186 3347 1261 3417 ipse,
1278 3353 1322 3404 cut

286 3446 376 3516 uellet,
393 3461 502 3521 regnum
512 3445 661 3503 dlmitteret.
691 3444 804 3502 ltedleus
814 3447 896 3520 igitur
911 3443 1028 3502 lierodes
1039 3451 1066 3500 et
1081 3460 1114 3500 ex
1124 3446 1322 3504 eonlrnratlone

264 3581 266 3586 ·
285 3545 371 3603 luctu
388 3545 523 3612 audacior,
540 3547 643 3601 mittens
661 3545 756 3600 oceidit
771 3561 861 3601 omnes
877 3559 986 3618 pueros,
1003 3546 1133 3618 quierunt
1148 3546 1321 3606 mleueleu

286 3645 420 3703 obductu
437 3651 464 3701 et
480 3643 560 3712 inire,
578 3644 718 3700 secundnm
735 3650 848 3717 tempus,
867 3643 938 3716 qnod
955 3645 1111 3716 exquisitum
1128 3650 1318 3721 eretumugls.

286 3745 340 3801 lloe
355 3751 441 3802 eutem
458 3743 586 3815 duplicem
605 3744 805 3816 intelligentium
824 3745 946 3800 continet
998 3742 1084 3800 Primo
1109 3750 1137 3799 ut
1161 3744 1230 3801 inlru
1247 3745 1320 3802 dicut

287 3845 403 3902 ordinem
423 3847 563 3916 temporis;
590 3849 616 3899 et
632 3849 674 3898 est
691 3859 799 3899 sensus:
818 3856 835 3897 u
853 3841 951 3899 limetur
968 3850 995 3900 et
1012 3843 1091 3910 iulus,
1110 3842 1138 3899 id
1155 3849 1207 3913 est,
1224 3845 1260 3902 uls
1276 3848 1318 3902 iu-

287 3943 403 4000 iuntilrus
420 3945 528 4000 duorum
545 3957 670 4000 umorum
687 3957 771 4014 usque
788 3940 822 3997 ed
842 3958 939 4014 pueros
956 3945 1031 3999 unius
1051 3945 1135 3999 noeds
1182 3943 1318 4002 Didicerat

285 4046 353 4098 enim
372 4043 489 4099 llerodes
508 4058 524 4098 e
540 4045 625 4117 magis
642 4057 675 4098 eo
692 4042 750 4108 die,
785 4055 839 4114 qut
860 4041 938 4097 stelle
955 4045 1093 4114 sppuruit,
1129 4047 1162 4098 iis
1186 4043 1319 4101 dominum

286 4149 373 4197 ustum
389 4157 459 4202 esse.
477 4150 504 4200 et
522 4145 585 4214 puis
597 4144 653 4214 jum
671 4156 753 4196 unnus
771 4141 898 4208 duxerat,
931 4157 964 4198 en
981 4157 1014 4198 eo
1033 4142 1103 4214 quod
1119 4141 1225 4200 Romen
1249 4145 1319 4201 ieret

285 4247 312 4296 et
330 4241 460 4310 redieret,
487 4243 616 4297 domiuum
632 4241 778 4296 uunieulum
796 4248 822 4296 et
842 4241 998 4314 reliquorum
1018 4245 1125 4313 insuper
1140 4243 1238 4300 dierum
1256 4259 1317 4300 esse

285 4339 411 4397 eredebut
434 4338 547 4414 ideoque
570 4357 651 4412 supra
675 4348 787 4397 neuwen
808 4346 870 4412 ejus
885 4357 969 4415 usque
986 4341 1020 4397 od
1038 4341 1122 4399 bimos
1140 4350 1167 4397 ot
1184 4343 1254 4398 inire
1272 4359 1315 4398 ns·

285 4454 335 4511 pue
352 4438 387 4494 ud
404 4441 480 4497 unius
498 4445 582 4497 noctis
600 4441 713 4498 inientes
733 4439 862 4498 desaeviit
879 4444 905 4497 in
925 4457 1030 4514 pnerns,
1049 4445 1141 4498 timens
1160 4443 1235 4513 pueri
1244 4457 1315 4497 mor-
