<?xml version="1.0" encoding="UTF-8"?>
<!DOCTYPE html PUBLIC "-//W3C//DTD XHTML 1.0 Transitional//EN"
    "http://www.w3.org/TR/xhtml1/DTD/xhtml1-transitional.dtd">
<html xmlns="http://www.w3.org/1999/xhtml" xml:lang="en" lang="en">
 <head>
  <title>
</title>
<meta http-equiv="Content-Type" content="text/html;charset=utf-8" />
  <meta name='ocr-system' content='tesseract 3.04.00' />
  <meta name='ocr-capabilities' content='ocr_page ocr_carea ocr_par ocr_line ocrx_word'/>
</head>
<body>
  <div class='ocr_page' id='page_1' title='image "./jacobiavoragine00jacogoog_0466.png"; bbox 0 0 2984 5316; ppageno 0'>
   <div class='ocr_carea' id='block_1_1' title="bbox 310 503 1143 597">
    <p class='ocr_par' dir='ltr' id='par_1_1' title="bbox 310 503 1143 597">
     <span class='ocr_line' id='line_1_1' title="bbox 310 503 1143 597; baseline 0.004 -35"><span class='ocrx_word' id='word_1_1' title='bbox 310 537 312 544; x_wconf 43' lang='grc' dir='ltr'>ι</span> <span class='ocrx_word' id='word_1_2' title='bbox 367 505 441 584; x_wconf 87' lang='lat' dir='ltr'>Cap.</span> <span class='ocrx_word' id='word_1_3' title='bbox 465 503 524 564; x_wconf 88' lang='lat' dir='ltr'>CV.</span> <span class='ocrx_word' id='word_1_4' title='bbox 567 504 612 564; x_wconf 88' lang='lat' dir='ltr'>De</span> <span class='ocrx_word' id='word_1_5' title='bbox 639 515 737 565; x_wconf 84' lang='lat' dir='ltr'>saneta</span> <span class='ocrx_word' id='word_1_6' title='bbox 756 505 879 566; x_wconf 79' lang='lat' dir='ltr'>Martha.</span> <span class='ocrx_word' id='word_1_7' title='bbox 927 593 929 597; x_wconf 86' lang='lat'>.</span> <span class='ocrx_word' id='word_1_8' title='bbox 1078 503 1143 566; x_wconf 70' lang='lat' dir='ltr'>dib</span> 
     </span>
    </p>
   </div>
   <div class='ocr_carea' id='block_1_2' title="bbox 30 657 1142 4528">
    <p class='ocr_par' dir='ltr' id='par_1_2' title="bbox 30 657 1142 4528">
     <span class='ocr_line' id='line_1_2' title="bbox 100 657 1141 737; baseline 0.007 -24"><span class='ocrx_word' id='word_1_9' title='bbox 100 657 137 713; x_wconf 93' lang='lat' dir='ltr'>ibi</span> <span class='ocrx_word' id='word_1_10' title='bbox 162 665 237 714; x_wconf 88' lang='lat' dir='ltr'>erant</span> <span class='ocrx_word' id='word_1_11' title='bbox 262 674 371 716; x_wconf 87' lang='lat' dir='ltr'>nemora</span> <span class='ocrx_word' id='word_1_12' title='bbox 394 662 473 735; x_wconf 84' lang='lat' dir='ltr'>nigra</span> <span class='ocrx_word' id='word_1_13' title='bbox 497 665 525 717; x_wconf 86' lang='lat' dir='ltr'>et</span> <span class='ocrx_word' id='word_1_14' title='bbox 548 659 680 717; x_wconf 88' lang='lat' dir='ltr'>umbrosa.</span> <span class='ocrx_word' id='word_1_15' title='bbox 716 661 756 718; x_wconf 92' lang='lat' dir='ltr'>lbi</span> <span class='ocrx_word' id='word_1_16' title='bbox 780 665 863 737; x_wconf 88' lang='lat' dir='ltr'>igitur</span> <span class='ocrx_word' id='word_1_17' title='bbox 884 662 964 720; x_wconf 82' lang='lat' dir='ltr'>beata</span> <span class='ocrx_word' id='word_1_18' title='bbox 982 662 1089 720; x_wconf 82' lang='lat' dir='ltr'>Mariba</span> <span class='ocrx_word' id='word_1_19' title='bbox 1106 663 1141 720; x_wconf 92' lang='lat' dir='ltr'>de</span> 
     </span>
     <span class='ocr_line' id='line_1_3' title="bbox 99 758 1142 835; baseline 0.007 -22"><span class='ocrx_word' id='word_1_20' title='bbox 99 758 208 814; x_wconf 87' lang='lat' dir='ltr'>licentia</span> <span class='ocrx_word' id='word_1_21' title='bbox 228 762 350 832; x_wconf 75' lang='lat' dir='ltr'><strong>magistri</strong></span> <span class='ocrx_word' id='word_1_22' title='bbox 366 765 408 817; x_wconf 90' lang='lat' dir='ltr'>sui</span> <span class='ocrx_word' id='word_1_23' title='bbox 426 761 563 817; x_wconf 81' lang='lat' dir='ltr'>Maximini</span> <span class='ocrx_word' id='word_1_24' title='bbox 581 765 608 814; x_wconf 88' lang='lat' dir='ltr'>et</span> <span class='ocrx_word' id='word_1_25' title='bbox 624 763 725 816; x_wconf 89' lang='lat' dir='ltr'>sororis</span> <span class='ocrx_word' id='word_1_26' title='bbox 742 779 808 819; x_wconf 86' lang='lat' dir='ltr'>suae</span> <span class='ocrx_word' id='word_1_27' title='bbox 829 762 954 835; x_wconf 73' lang='lat' dir='ltr'>deinceps</span> <span class='ocrx_word' id='word_1_28' title='bbox 973 765 1098 820; x_wconf 77' lang='lat' dir='ltr'>remansit</span> <span class='ocrx_word' id='word_1_29' title='bbox 1116 772 1142 820; x_wconf 90' lang='lat' dir='ltr'>et</span> 
     </span>
     <span class='ocr_line' id='line_1_4' title="bbox 99 861 1141 937; baseline 0.005 -24"><span class='ocrx_word' id='word_1_30' title='bbox 99 861 264 915; x_wconf 90' lang='lat' dir='ltr'>orationibus</span> <span class='ocrx_word' id='word_1_31' title='bbox 282 866 309 915; x_wconf 92' lang='lat' dir='ltr'>et</span> <span class='ocrx_word' id='word_1_32' title='bbox 322 861 435 933; x_wconf 83' lang='lat' dir='ltr'>jejuniis</span> <span class='ocrx_word' id='word_1_33' title='bbox 454 861 634 918; x_wconf 76' lang='lat' dir='ltr'>indesinenter</span> <span class='ocrx_word' id='word_1_34' title='bbox 652 861 773 929; x_wconf 80' lang='lat' dir='ltr'>vacabat,</span> <span class='ocrx_word' id='word_1_35' title='bbox 792 862 889 919; x_wconf 88' lang='lat' dir='ltr'>deinde</span> <span class='ocrx_word' id='word_1_36' title='bbox 903 872 1067 937; x_wconf 84' lang='lat' dir='ltr'>congregato</span> <span class='ocrx_word' id='word_1_37' title='bbox 1088 864 1141 919; x_wconf 88' lang='lat' dir='ltr'>ibi-</span> 
     </span>
     <span class='ocr_line' id='line_1_5' title="bbox 100 956 1142 1032; baseline 0.006 -19"><span class='ocrx_word' id='word_1_38' title='bbox 100 956 158 1014; x_wconf 85' lang='lat' dir='ltr'>dem</span> <span class='ocrx_word' id='word_1_39' title='bbox 176 975 273 1032; x_wconf 84' lang='lat' dir='ltr'>magno</span> <span class='ocrx_word' id='word_1_40' title='bbox 292 976 412 1016; x_wconf 80' lang='lat' dir='ltr'>summm</span> <span class='ocrx_word' id='word_1_41' title='bbox 431 968 561 1017; x_wconf 84' lang='lat' dir='ltr'>conventu</span> <span class='ocrx_word' id='word_1_42' title='bbox 589 965 617 1015; x_wconf 92' lang='lat' dir='ltr'>ot</span> <span class='ocrx_word' id='word_1_43' title='bbox 641 959 677 1016; x_wconf 89' lang='lat' dir='ltr'>ad</span> <span class='ocrx_word' id='word_1_44' title='bbox 695 959 821 1019; x_wconf 84' lang='lat' dir='ltr'>honorem</span> <span class='ocrx_word' id='word_1_45' title='bbox 838 963 932 1019; x_wconf 86' lang='lat' dir='ltr'>beatae</span> <span class='ocrx_word' id='word_1_46' title='bbox 951 963 1055 1020; x_wconf 85' lang='lat' dir='ltr'>Mariae</span> <span class='ocrx_word' id='word_1_47' title='bbox 1072 981 1142 1021; x_wconf 85' lang='lat' dir='ltr'>oem-</span> 
     </span>
     <span class='ocr_line' id='line_1_6' title="bbox 30 1041 1141 1134; baseline 0.004 -20"><span class='ocrx_word' id='word_1_48' title='bbox 30 1041 31 1052; x_wconf 54' lang='grc'>’</span> <span class='ocrx_word' id='word_1_49' title='bbox 98 1074 148 1131; x_wconf 87' lang='lat' dir='ltr'>per</span> <span class='ocrx_word' id='word_1_50' title='bbox 165 1061 276 1132; x_wconf 82' lang='lat' dir='ltr'>uirginis</span> <span class='ocrx_word' id='word_1_51' title='bbox 294 1075 392 1134; x_wconf 83' lang='lat' dir='ltr'>magna</span> <span class='ocrx_word' id='word_1_52' title='bbox 408 1061 548 1118; x_wconf 87' lang='lat' dir='ltr'>aediioata</span> <span class='ocrx_word' id='word_1_53' title='bbox 572 1061 686 1117; x_wconf 85' lang='lat' dir='ltr'>basilica</span> <span class='ocrx_word' id='word_1_54' title='bbox 710 1065 777 1118; x_wconf 87' lang='lat' dir='ltr'>setis</span> <span class='ocrx_word' id='word_1_55' title='bbox 801 1062 837 1117; x_wconf 92' lang='lat' dir='ltr'>ibi</span> <span class='ocrx_word' id='word_1_56' title='bbox 863 1079 983 1134; x_wconf 88' lang='lat' dir='ltr'>asperam</span> <span class='ocrx_word' id='word_1_57' title='bbox 1005 1064 1080 1118; x_wconf 80' lang='lat' dir='ltr'>duxit</span> <span class='ocrx_word' id='word_1_58' title='bbox 1101 1067 1141 1118; x_wconf 84' lang='lat' dir='ltr'>vi-</span> 
     </span>
     <span class='ocr_line' id='line_1_7' title="bbox 98 1161 1141 1241; baseline 0.004 -26"><span class='ocrx_word' id='word_1_59' title='bbox 98 1166 166 1226; x_wconf 90' lang='lat' dir='ltr'>tam,</span> <span class='ocrx_word' id='word_1_60' title='bbox 186 1176 291 1216; x_wconf 86' lang='lat' dir='ltr'>earnem</span> <span class='ocrx_word' id='word_1_61' title='bbox 309 1167 336 1216; x_wconf 91' lang='lat' dir='ltr'>et</span> <span class='ocrx_word' id='word_1_62' title='bbox 354 1177 453 1217; x_wconf 85' lang='lat' dir='ltr'>ornnem</span> <span class='ocrx_word' id='word_1_63' title='bbox 472 1161 668 1234; x_wconf 79' lang='lat' dir='ltr'>pinguedinem,</span> <span class='ocrx_word' id='word_1_64' title='bbox 689 1176 750 1228; x_wconf 83' lang='lat' dir='ltr'>oua,</span> <span class='ocrx_word' id='word_1_65' title='bbox 768 1177 884 1230; x_wconf 86' lang='lat' dir='ltr'>caseum,</span> <span class='ocrx_word' id='word_1_66' title='bbox 903 1169 929 1218; x_wconf 91' lang='lat' dir='ltr'>et</span> <span class='ocrx_word' id='word_1_67' title='bbox 948 1165 1035 1241; x_wconf 83' lang='lat' dir='ltr'>vinnm</span> <span class='ocrx_word' id='word_1_68' title='bbox 1052 1167 1141 1219; x_wconf 79' lang='lat' dir='ltr'>vitans</span> 
     </span>
     <span class='ocr_line' id='line_1_8' title="bbox 98 1259 1142 1336; baseline 0.004 -22"><span class='ocrx_word' id='word_1_69' title='bbox 98 1259 179 1317; x_wconf 90' lang='lat' dir='ltr'>semel</span> <span class='ocrx_word' id='word_1_70' title='bbox 196 1267 295 1316; x_wconf 86' lang='lat' dir='ltr'>tanturn</span> <span class='ocrx_word' id='word_1_71' title='bbox 313 1261 340 1314; x_wconf 89' lang='lat' dir='ltr'>in</span> <span class='ocrx_word' id='word_1_72' title='bbox 359 1260 403 1317; x_wconf 90' lang='lat' dir='ltr'>die</span> <span class='ocrx_word' id='word_1_73' title='bbox 421 1260 533 1328; x_wconf 82' lang='lat' dir='ltr'>edebat,</span> <span class='ocrx_word' id='word_1_74' title='bbox 559 1262 658 1317; x_wconf 75' lang='lat' dir='ltr'>centies</span> <span class='ocrx_word' id='word_1_75' title='bbox 684 1264 709 1317; x_wconf 93' lang='lat' dir='ltr'>in</span> <span class='ocrx_word' id='word_1_76' title='bbox 735 1261 788 1326; x_wconf 89' lang='lat' dir='ltr'>die,</span> <span class='ocrx_word' id='word_1_77' title='bbox 806 1265 886 1317; x_wconf 86' lang='lat' dir='ltr'>toties</span> <span class='ocrx_word' id='word_1_78' title='bbox 907 1264 933 1317; x_wconf 93' lang='lat' dir='ltr'>in</span> <span class='ocrx_word' id='word_1_79' title='bbox 957 1270 1035 1320; x_wconf 91' lang='lat' dir='ltr'>nocie</span> <span class='ocrx_word' id='word_1_80' title='bbox 1054 1277 1142 1336; x_wconf 86' lang='lat' dir='ltr'>genua</span> 
     </span>
     <span class='ocr_line' id='line_1_9' title="bbox 99 1355 1140 1432; baseline 0.005 -18"><span class='ocrx_word' id='word_1_81' title='bbox 99 1359 230 1416; x_wconf 85' lang='lat' dir='ltr'>ilectebat.</span> <span class='ocrx_word' id='word_1_82' title='bbox 267 1355 384 1424; x_wconf 81' lang='lat' dir='ltr'>Quadam</span> <span class='ocrx_word' id='word_1_83' title='bbox 408 1363 466 1416; x_wconf 80' lang='lat' dir='ltr'>vioe</span> <span class='ocrx_word' id='word_1_84' title='bbox 493 1359 551 1415; x_wconf 88' lang='lat' dir='ltr'>duur</span> <span class='ocrx_word' id='word_1_85' title='bbox 578 1361 648 1432; x_wconf 90' lang='lat' dir='ltr'>apud</span> <span class='ocrx_word' id='word_1_86' title='bbox 667 1362 828 1417; x_wconf 79' lang='lat' dir='ltr'>Arenionem</span> <span class='ocrx_word' id='word_1_87' title='bbox 851 1364 922 1418; x_wconf 89' lang='lat' dir='ltr'>inter</span> <span class='ocrx_word' id='word_1_88' title='bbox 937 1361 1026 1417; x_wconf 90' lang='lat' dir='ltr'>urbem</span> <span class='ocrx_word' id='word_1_89' title='bbox 1048 1372 1074 1419; x_wconf 90' lang='lat' dir='ltr'>et</span> <span class='ocrx_word' id='word_1_90' title='bbox 1092 1363 1140 1419; x_wconf 91' lang='lat' dir='ltr'>ilu-</span> 
     </span>
     <span class='ocr_line' id='line_1_10' title="bbox 55 1458 1140 1538; baseline 0.001 -23"><span class='ocrx_word' id='word_1_91' title='bbox 55 1533 56 1538; x_wconf 11' lang='grc' dir='ltr'><strong>Ὶ</strong></span> <span class='ocrx_word' id='word_1_92' title='bbox 97 1461 167 1515; x_wconf 83' lang='grc' dir='ltr'>ιιίιιιιι</span> <span class='ocrx_word' id='word_1_93' title='bbox 183 1458 305 1515; x_wconf 85' lang='lat' dir='ltr'>libodani</span> <span class='ocrx_word' id='word_1_94' title='bbox 331 1458 512 1531; x_wconf 89' lang='lat' dir='ltr'>praedicaret,</span> <span class='ocrx_word' id='word_1_95' title='bbox 537 1461 643 1531; x_wconf 79' lang='lat' dir='ltr'>juvenis</span> <span class='ocrx_word' id='word_1_96' title='bbox 661 1460 765 1532; x_wconf 87' lang='lat' dir='ltr'>quidam</span> <span class='ocrx_word' id='word_1_97' title='bbox 782 1461 853 1515; x_wconf 91' lang='lat' dir='ltr'>ultra</span> <span class='ocrx_word' id='word_1_98' title='bbox 870 1461 974 1517; x_wconf 84' lang='lat' dir='ltr'>durium</span> <span class='ocrx_word' id='word_1_99' title='bbox 992 1466 1140 1518; x_wconf 79' lang='lat' dir='ltr'>consistens</span> 
     </span>
     <span class='ocr_line' id='line_1_11' title="bbox 98 1557 1140 1633; baseline 0.003 -18"><span class='ocrx_word' id='word_1_100' title='bbox 98 1561 156 1631; x_wconf 72' lang='lat' dir='ltr'>aius</span> <span class='ocrx_word' id='word_1_101' title='bbox 173 1557 256 1615; x_wconf 82' lang='lat' dir='ltr'>rerba</span> <span class='ocrx_word' id='word_1_102' title='bbox 273 1559 366 1616; x_wconf 92' lang='lat' dir='ltr'>audire</span> <span class='ocrx_word' id='word_1_103' title='bbox 389 1559 555 1626; x_wconf 85' lang='lat' dir='ltr'>desiderans,</span> <span class='ocrx_word' id='word_1_104' title='bbox 573 1573 629 1614; x_wconf 87' lang='lat' dir='ltr'>cunr</span> <span class='ocrx_word' id='word_1_105' title='bbox 652 1562 760 1633; x_wconf 82' lang='lat' dir='ltr'>navigio</span> <span class='ocrx_word' id='word_1_106' title='bbox 780 1565 892 1620; x_wconf 83' lang='lat' dir='ltr'>careret.</span> <span class='ocrx_word' id='word_1_107' title='bbox 917 1562 1029 1618; x_wconf 89' lang='lat' dir='ltr'>nudatus</span> <span class='ocrx_word' id='word_1_108' title='bbox 1049 1571 1140 1618; x_wconf 87' lang='lat' dir='ltr'>natare</span> 
     </span>
     <span class='ocr_line' id='line_1_12' title="bbox 98 1656 1140 1734; baseline 0.005 -21"><span class='ocrx_word' id='word_1_109' title='bbox 98 1660 195 1730; x_wconf 91' lang='lat' dir='ltr'>coepit,</span> <span class='ocrx_word' id='word_1_110' title='bbox 214 1656 263 1714; x_wconf 86' lang='lat' dir='ltr'>sed</span> <span class='ocrx_word' id='word_1_111' title='bbox 284 1659 372 1714; x_wconf 88' lang='lat' dir='ltr'>subito</span> <span class='ocrx_word' id='word_1_112' title='bbox 392 1662 419 1716; x_wconf 85' lang='lat' dir='ltr'>vi</span> <span class='ocrx_word' id='word_1_113' title='bbox 437 1659 549 1714; x_wconf 79' lang='lat' dir='ltr'>fluminis</span> <span class='ocrx_word' id='word_1_114' title='bbox 568 1661 670 1730; x_wconf 79' lang='lat' dir='ltr'>rapitur</span> <span class='ocrx_word' id='word_1_115' title='bbox 687 1665 715 1714; x_wconf 89' lang='lat' dir='ltr'>et</span> <span class='ocrx_word' id='word_1_116' title='bbox 731 1663 850 1731; x_wconf 86' lang='lat' dir='ltr'>protinus</span> <span class='ocrx_word' id='word_1_117' title='bbox 870 1661 1023 1718; x_wconf 85' lang='lat' dir='ltr'>suiioeatnr.</span> <span class='ocrx_word' id='word_1_118' title='bbox 1058 1663 1140 1734; x_wconf 82' lang='lat' dir='ltr'>Cujus</span> 
     </span>
     <span class='ocr_line' id='line_1_13' title="bbox 98 1757 1140 1831; baseline 0.005 -18"><span class='ocrx_word' id='word_1_119' title='bbox 98 1773 194 1830; x_wconf 87' lang='lat' dir='ltr'>corpus</span> <span class='ocrx_word' id='word_1_120' title='bbox 220 1761 264 1814; x_wconf 81' lang='lat' dir='ltr'>riu</span> <span class='ocrx_word' id='word_1_121' title='bbox 288 1757 405 1814; x_wconf 83' lang='lat' dir='ltr'>secunda</span> <span class='ocrx_word' id='word_1_122' title='bbox 429 1758 472 1816; x_wconf 88' lang='lat' dir='ltr'>dle</span> <span class='ocrx_word' id='word_1_123' title='bbox 494 1762 625 1814; x_wconf 79' lang='lat' dir='ltr'>inuentum</span> <span class='ocrx_word' id='word_1_124' title='bbox 650 1765 712 1815; x_wconf 88' lang='lat' dir='ltr'>ante</span> <span class='ocrx_word' id='word_1_125' title='bbox 729 1760 812 1831; x_wconf 87' lang='lat' dir='ltr'>pedes</span> <span class='ocrx_word' id='word_1_126' title='bbox 832 1767 940 1817; x_wconf 87' lang='lat' dir='ltr'>sanctae</span> <span class='ocrx_word' id='word_1_127' title='bbox 956 1762 1079 1818; x_wconf 80' lang='lat' dir='ltr'>Marthae</span> <span class='ocrx_word' id='word_1_128' title='bbox 1098 1778 1140 1818; x_wconf 90' lang='lat' dir='ltr'>re·</span> 
     </span>
     <span class='ocr_line' id='line_1_14' title="bbox 97 1858 1141 1934; baseline 0.006 -22"><span class='ocrx_word' id='word_1_129' title='bbox 97 1858 274 1915; x_wconf 68' lang='lat' dir='ltr'>suscitandum</span> <span class='ocrx_word' id='word_1_130' title='bbox 296 1865 494 1930; x_wconf 87' lang='lat' dir='ltr'>praesentatur,</span> <span class='ocrx_word' id='word_1_131' title='bbox 513 1859 560 1913; x_wconf 85' lang='lat' dir='ltr'>illa</span> <span class='ocrx_word' id='word_1_132' title='bbox 578 1875 641 1914; x_wconf 79' lang='lat' dir='ltr'>nero</span> <span class='ocrx_word' id='word_1_133' title='bbox 659 1861 685 1914; x_wconf 95' lang='lat' dir='ltr'>in</span> <span class='ocrx_word' id='word_1_134' title='bbox 702 1859 805 1914; x_wconf 88' lang='lat' dir='ltr'>modum</span> <span class='ocrx_word' id='word_1_135' title='bbox 825 1864 911 1916; x_wconf 88' lang='lat' dir='ltr'>crucis</span> <span class='ocrx_word' id='word_1_136' title='bbox 930 1860 989 1917; x_wconf 86' lang='lat' dir='ltr'>sola</span> <span class='ocrx_word' id='word_1_137' title='bbox 1006 1869 1141 1934; x_wconf 84' lang='lat' dir='ltr'>prostrata</span> 
     </span>
     <span class='ocr_line' id='line_1_15' title="bbox 96 1958 1139 2032; baseline 0.002 -17"><span class='ocrx_word' id='word_1_138' title='bbox 96 1959 187 2015; x_wconf 87' lang='lat' dir='ltr'>taliter</span> <span class='ocrx_word' id='word_1_139' title='bbox 204 1962 306 2015; x_wconf 89' lang='lat' dir='ltr'>orarit:</span> <span class='ocrx_word' id='word_1_140' title='bbox 323 1959 435 2031; x_wconf 75' lang='lat' dir='ltr'>Adonay</span> <span class='ocrx_word' id='word_1_141' title='bbox 453 1959 556 2014; x_wconf 87' lang='lat' dir='ltr'>domine</span> <span class='ocrx_word' id='word_1_142' title='bbox 572 1958 636 2015; x_wconf 82' lang='lat' dir='ltr'>iesu</span> <span class='ocrx_word' id='word_1_143' title='bbox 654 1959 775 2027; x_wconf 78' lang='lat' dir='ltr'>Christe,</span> <span class='ocrx_word' id='word_1_144' title='bbox 794 1961 838 2032; x_wconf 94' lang='lat' dir='ltr'>qul</span> <span class='ocrx_word' id='word_1_145' title='bbox 857 1959 965 2016; x_wconf 85' lang='lat' dir='ltr'>tratrem</span> <span class='ocrx_word' id='word_1_146' title='bbox 984 1978 1066 2017; x_wconf 89' lang='lat' dir='ltr'>meum</span> <span class='ocrx_word' id='word_1_147' title='bbox 1084 1961 1139 2017; x_wconf 92' lang='lat' dir='ltr'>La-</span> 
     </span>
     <span class='ocr_line' id='line_1_16' title="bbox 96 2058 1139 2132; baseline 0 -16"><span class='ocrx_word' id='word_1_148' title='bbox 96 2076 185 2116; x_wconf 83' lang='lat' dir='ltr'>zarum</span> <span class='ocrx_word' id='word_1_149' title='bbox 210 2059 333 2116; x_wconf 87' lang='lat' dir='ltr'>dilectum</span> <span class='ocrx_word' id='word_1_150' title='bbox 350 2065 421 2114; x_wconf 86' lang='lat' dir='ltr'>tuum</span> <span class='ocrx_word' id='word_1_151' title='bbox 447 2059 507 2114; x_wconf 91' lang='lat' dir='ltr'>olim</span> <span class='ocrx_word' id='word_1_152' title='bbox 526 2061 709 2126; x_wconf 81' lang='lat' dir='ltr'>resuscitasti,</span> <span class='ocrx_word' id='word_1_153' title='bbox 735 2060 854 2129; x_wconf 83' lang='lat' dir='ltr'>respice,</span> <span class='ocrx_word' id='word_1_154' title='bbox 881 2063 916 2116; x_wconf 90' lang='lat' dir='ltr'>mi</span> <span class='ocrx_word' id='word_1_155' title='bbox 941 2058 1040 2132; x_wconf 82' lang='lat' dir='ltr'>hospes</span> <span class='ocrx_word' id='word_1_156' title='bbox 1067 2077 1139 2126; x_wconf 88' lang='lat' dir='ltr'>care,</span> 
     </span>
     <span class='ocr_line' id='line_1_17' title="bbox 96 2157 1139 2232; baseline 0.003 -18"><span class='ocrx_word' id='word_1_157' title='bbox 96 2159 132 2214; x_wconf 87' lang='lat' dir='ltr'>ad</span> <span class='ocrx_word' id='word_1_158' title='bbox 155 2157 232 2214; x_wconf 84' lang='lat' dir='ltr'>iudam</span> <span class='ocrx_word' id='word_1_159' title='bbox 256 2161 475 2214; x_wconf 80' lang='lat' dir='ltr'>circumstantiam</span> <span class='ocrx_word' id='word_1_160' title='bbox 494 2164 522 2214; x_wconf 91' lang='lat' dir='ltr'>et</span> <span class='ocrx_word' id='word_1_161' title='bbox 544 2161 676 2213; x_wconf 85' lang='lat' dir='ltr'>resuscita</span> <span class='ocrx_word' id='word_1_162' title='bbox 694 2174 801 2229; x_wconf 89' lang='lat' dir='ltr'>puerum</span> <span class='ocrx_word' id='word_1_163' title='bbox 820 2161 907 2227; x_wconf 86' lang='lat' dir='ltr'>istum,</span> <span class='ocrx_word' id='word_1_164' title='bbox 927 2167 954 2215; x_wconf 91' lang='lat' dir='ltr'>et</span> <span class='ocrx_word' id='word_1_165' title='bbox 971 2161 1139 2232; x_wconf 76' lang='lat' dir='ltr'>apprehensa</span> 
     </span>
     <span class='ocr_line' id='line_1_18' title="bbox 98 2256 1139 2332; baseline 0.002 -17"><span class='ocrx_word' id='word_1_166' title='bbox 98 2262 156 2332; x_wconf 83' lang='lat' dir='ltr'>ejus</span> <span class='ocrx_word' id='word_1_167' title='bbox 180 2273 257 2314; x_wconf 87' lang='lat' dir='ltr'>manu</span> <span class='ocrx_word' id='word_1_168' title='bbox 280 2273 339 2313; x_wconf 84' lang='lat' dir='ltr'>mox</span> <span class='ocrx_word' id='word_1_169' title='bbox 354 2259 462 2328; x_wconf 66' lang='lat' dir='ltr'>iuuenis</span> <span class='ocrx_word' id='word_1_170' title='bbox 479 2260 595 2313; x_wconf 83' lang='lat' dir='ltr'>surrexit</span> <span class='ocrx_word' id='word_1_171' title='bbox 613 2263 640 2313; x_wconf 91' lang='lat' dir='ltr'>et</span> <span class='ocrx_word' id='word_1_172' title='bbox 656 2272 758 2313; x_wconf 86' lang='lat' dir='ltr'>sacrum</span> <span class='ocrx_word' id='word_1_173' title='bbox 777 2256 910 2330; x_wconf 85' lang='lat' dir='ltr'>baptisma</span> <span class='ocrx_word' id='word_1_174' title='bbox 927 2262 1053 2331; x_wconf 89' lang='lat' dir='ltr'>suscepit.</span> <span class='ocrx_word' id='word_1_175' title='bbox 1086 2259 1139 2318; x_wconf 84' lang='lat' dir='ltr'>Re-</span> 
     </span>
     <span class='ocr_line' id='line_1_19' title="bbox 98 2357 1139 2431; baseline 0.003 -18"><span class='ocrx_word' id='word_1_176' title='bbox 98 2359 151 2416; x_wconf 82' lang='lat' dir='ltr'>leri</span> <span class='ocrx_word' id='word_1_177' title='bbox 166 2357 297 2415; x_wconf 86' lang='lat' dir='ltr'>Eusebius</span> <span class='ocrx_word' id='word_1_178' title='bbox 323 2359 352 2412; x_wconf 90' lang='lat' dir='ltr'>lu</span> <span class='ocrx_word' id='word_1_179' title='bbox 374 2357 443 2412; x_wconf 89' lang='lat' dir='ltr'>libro</span> <span class='ocrx_word' id='word_1_180' title='bbox 470 2359 608 2429; x_wconf 84' lang='lat' dir='ltr'>llystoriae</span> <span class='ocrx_word' id='word_1_181' title='bbox 631 2358 830 2414; x_wconf 84' lang='lat' dir='ltr'>ecclesiasticae</span> <span class='ocrx_word' id='word_1_182' title='bbox 852 2361 958 2430; x_wconf 87' lang='lat' dir='ltr'>quicto,</span> <span class='ocrx_word' id='word_1_183' title='bbox 987 2359 1058 2431; x_wconf 91' lang='lat' dir='ltr'>quod</span> <span class='ocrx_word' id='word_1_184' title='bbox 1082 2377 1139 2416; x_wconf 89' lang='lat' dir='ltr'>mu-</span> 
     </span>
     <span class='ocr_line' id='line_1_20' title="bbox 97 2437 1139 2530; baseline 0.002 -16"><span class='ocrx_word' id='word_1_185' title='bbox 97 2460 148 2516; x_wconf 91' lang='lat' dir='ltr'>lier</span> <span class='ocrx_word' id='word_1_186' title='bbox 163 2457 341 2526; x_wconf 80' lang='lat' dir='ltr'>Emorroissa‚</span> <span class='ocrx_word' id='word_1_187' title='bbox 366 2437 505 2530; x_wconf 78' lang='lat' dir='ltr'>postquam</span> <span class='ocrx_word' id='word_1_188' title='bbox 524 2465 618 2513; x_wconf 86' lang='lat' dir='ltr'>sanata</span> <span class='ocrx_word' id='word_1_189' title='bbox 638 2456 702 2525; x_wconf 86' lang='lat' dir='ltr'>luit,</span> <span class='ocrx_word' id='word_1_190' title='bbox 726 2459 844 2514; x_wconf 89' lang='lat' dir='ltr'>incuria</span> <span class='ocrx_word' id='word_1_191' title='bbox 862 2461 921 2515; x_wconf 84' lang='lat' dir='ltr'>siro</span> <span class='ocrx_word' id='word_1_192' title='bbox 939 2458 1065 2514; x_wconf 75' lang='lat' dir='ltr'>viridario</span> <span class='ocrx_word' id='word_1_193' title='bbox 1090 2476 1139 2516; x_wconf 89' lang='lat' dir='ltr'>suo</span> 
     </span>
     <span class='ocr_line' id='line_1_21' title="bbox 96 2557 1139 2632; baseline 0.002 -18"><span class='ocrx_word' id='word_1_194' title='bbox 96 2567 209 2615; x_wconf 85' lang='lat' dir='ltr'>statuam</span> <span class='ocrx_word' id='word_1_195' title='bbox 229 2559 293 2615; x_wconf 91' lang='lat' dir='ltr'>iecit</span> <span class='ocrx_word' id='word_1_196' title='bbox 310 2557 344 2612; x_wconf 91' lang='lat' dir='ltr'>ad</span> <span class='ocrx_word' id='word_1_197' title='bbox 364 2559 502 2628; x_wconf 84' lang='lat' dir='ltr'>imaginem</span> <span class='ocrx_word' id='word_1_198' title='bbox 522 2557 619 2612; x_wconf 82' lang='lat' dir='ltr'>Christi</span> <span class='ocrx_word' id='word_1_199' title='bbox 638 2573 694 2612; x_wconf 88' lang='lat' dir='ltr'>cum</span> <span class='ocrx_word' id='word_1_200' title='bbox 720 2565 794 2613; x_wconf 86' lang='lat' dir='ltr'>reste</span> <span class='ocrx_word' id='word_1_201' title='bbox 811 2564 838 2614; x_wconf 91' lang='lat' dir='ltr'>et</span> <span class='ocrx_word' id='word_1_202' title='bbox 855 2557 972 2625; x_wconf 86' lang='lat' dir='ltr'>imbria,</span> <span class='ocrx_word' id='word_1_203' title='bbox 1001 2562 1070 2615; x_wconf 92' lang='lat' dir='ltr'>sicut</span> <span class='ocrx_word' id='word_1_204' title='bbox 1097 2562 1139 2632; x_wconf 91' lang='lat' dir='ltr'>ip-</span> 
     </span>
     <span class='ocr_line' id='line_1_22' title="bbox 96 2656 1139 2727; baseline 0 -11"><span class='ocrx_word' id='word_1_205' title='bbox 96 2677 153 2716; x_wconf 88' lang='lat' dir='ltr'>sum</span> <span class='ocrx_word' id='word_1_206' title='bbox 172 2657 290 2726; x_wconf 84' lang='lat' dir='ltr'>uiderat,</span> <span class='ocrx_word' id='word_1_207' title='bbox 316 2665 343 2714; x_wconf 91' lang='lat' dir='ltr'>et</span> <span class='ocrx_word' id='word_1_208' title='bbox 366 2673 423 2712; x_wconf 89' lang='lat' dir='ltr'>eam</span> <span class='ocrx_word' id='word_1_209' title='bbox 449 2656 586 2727; x_wconf 89' lang='lat' dir='ltr'>plurimum</span> <span class='ocrx_word' id='word_1_210' title='bbox 610 2657 797 2725; x_wconf 84' lang='lat' dir='ltr'>reverebatur,</span> <span class='ocrx_word' id='word_1_211' title='bbox 823 2657 923 2715; x_wconf 85' lang='lat' dir='ltr'>herbae</span> <span class='ocrx_word' id='word_1_212' title='bbox 942 2675 1005 2714; x_wconf 85' lang='lat' dir='ltr'>nero</span> <span class='ocrx_word' id='word_1_213' title='bbox 1024 2662 1073 2716; x_wconf 87' lang='lat' dir='ltr'>sub</span> <span class='ocrx_word' id='word_1_214' title='bbox 1093 2661 1139 2716; x_wconf 87' lang='lat' dir='ltr'>illa</span> 
     </span>
     <span class='ocr_line' id='line_1_23' title="bbox 96 2757 1139 2829; baseline -0.002 -12"><span class='ocrx_word' id='word_1_215' title='bbox 96 2769 185 2818; x_wconf 72' lang='lat' dir='ltr'>emina</span> <span class='ocrx_word' id='word_1_216' title='bbox 204 2765 370 2826; x_wconf 82' lang='lat' dir='ltr'>crescentes,</span> <span class='ocrx_word' id='word_1_217' title='bbox 396 2771 464 2829; x_wconf 87' lang='lat' dir='ltr'>qnae</span> <span class='ocrx_word' id='word_1_218' title='bbox 482 2763 543 2812; x_wconf 90' lang='lat' dir='ltr'>anie</span> <span class='ocrx_word' id='word_1_219' title='bbox 564 2757 662 2812; x_wconf 90' lang='lat' dir='ltr'>nullius</span> <span class='ocrx_word' id='word_1_220' title='bbox 686 2762 761 2813; x_wconf 87' lang='lat' dir='ltr'>erant</span> <span class='ocrx_word' id='word_1_221' title='bbox 785 2759 906 2826; x_wconf 78' lang='lat' dir='ltr'>ridutis,</span> <span class='ocrx_word' id='word_1_222' title='bbox 931 2773 987 2813; x_wconf 89' lang='lat' dir='ltr'>curn</span> <span class='ocrx_word' id='word_1_223' title='bbox 1012 2757 1139 2816; x_wconf 78' lang='lat' dir='ltr'>imbriam</span> 
     </span>
     <span class='ocr_line' id='line_1_24' title="bbox 96 2857 1138 2934; baseline -0.002 -17"><span class='ocrx_word' id='word_1_224' title='bbox 96 2863 272 2934; x_wconf 78' lang='lat' dir='ltr'>attingerent,</span> <span class='ocrx_word' id='word_1_225' title='bbox 292 2862 381 2914; x_wconf 80' lang='lat' dir='ltr'>tantae</span> <span class='ocrx_word' id='word_1_226' title='bbox 402 2859 505 2912; x_wconf 79' lang='lat' dir='ltr'>vinctis</span> <span class='ocrx_word' id='word_1_227' title='bbox 524 2863 615 2924; x_wconf 87' lang='lat' dir='ltr'>erant,</span> <span class='ocrx_word' id='word_1_228' title='bbox 643 2865 671 2913; x_wconf 91' lang='lat' dir='ltr'>ut</span> <span class='ocrx_word' id='word_1_229' title='bbox 690 2857 762 2912; x_wconf 90' lang='lat' dir='ltr'>multi</span> <span class='ocrx_word' id='word_1_230' title='bbox 783 2858 875 2912; x_wconf 83' lang='lat' dir='ltr'>inirmi</span> <span class='ocrx_word' id='word_1_231' title='bbox 895 2858 955 2914; x_wconf 85' lang='lat' dir='ltr'>inde</span> <span class='ocrx_word' id='word_1_232' title='bbox 973 2869 1138 2915; x_wconf 88' lang='lat' dir='ltr'>sanarentur.</span> 
     </span>
     <span class='ocr_line' id='line_1_25' title="bbox 95 2955 1141 3029; baseline 0 -13"><span class='ocrx_word' id='word_1_233' title='bbox 95 2959 169 3016; x_wconf 90' lang='lat' dir='ltr'>lllam</span> <span class='ocrx_word' id='word_1_234' title='bbox 187 2967 274 3016; x_wconf 83' lang='lat' dir='ltr'>autent</span> <span class='ocrx_word' id='word_1_235' title='bbox 291 2956 502 3023; x_wconf 82' lang='lat' dir='ltr'>llmorroissam,</span> <span class='ocrx_word' id='word_1_236' title='bbox 526 2972 603 3029; x_wconf 85' lang='lat' dir='ltr'>quam</span> <span class='ocrx_word' id='word_1_237' title='bbox 621 2955 742 3012; x_wconf 87' lang='lat' dir='ltr'>dominus</span> <span class='ocrx_word' id='word_1_238' title='bbox 762 2961 882 3025; x_wconf 82' lang='lat' dir='ltr'>sanavit,</span> <span class='ocrx_word' id='word_1_239' title='bbox 901 2957 1056 3014; x_wconf 73' lang='lat' dir='ltr'>Ambrosius</span> <span class='ocrx_word' id='word_1_240' title='bbox 1074 2959 1141 3016; x_wconf 87' lang='lat' dir='ltr'>dieti</span> 
     </span>
     <span class='ocr_line' id='line_1_26' title="bbox 96 3053 1141 3130; baseline -0.003 -13"><span class='ocrx_word' id='word_1_241' title='bbox 96 3061 180 3117; x_wconf 87' lang='lat' dir='ltr'>luisse</span> <span class='ocrx_word' id='word_1_242' title='bbox 200 3059 340 3116; x_wconf 83' lang='lat' dir='ltr'>Maribam.</span> <span class='ocrx_word' id='word_1_243' title='bbox 375 3057 467 3114; x_wconf 84' lang='lat' dir='ltr'>Relert</span> <span class='ocrx_word' id='word_1_244' title='bbox 485 3063 571 3112; x_wconf 89' lang='lat' dir='ltr'>autem</span> <span class='ocrx_word' id='word_1_245' title='bbox 588 3053 760 3128; x_wconf 77' lang='lat' dir='ltr'>Hieronymus</span> <span class='ocrx_word' id='word_1_246' title='bbox 782 3065 808 3113; x_wconf 89' lang='lat' dir='ltr'>et</span> <span class='ocrx_word' id='word_1_247' title='bbox 830 3057 943 3114; x_wconf 80' lang='lat' dir='ltr'>liabetur</span> <span class='ocrx_word' id='word_1_248' title='bbox 967 3061 993 3112; x_wconf 90' lang='lat' dir='ltr'>in</span> <span class='ocrx_word' id='word_1_249' title='bbox 1017 3057 1141 3130; x_wconf 75' lang='lat' dir='ltr'>llyriorla</span> 
     </span>
     <span class='ocr_line' id='line_1_27' title="bbox 94 3157 1139 3232; baseline -0.001 -16"><span class='ocrx_word' id='word_1_250' title='bbox 94 3163 244 3232; x_wconf 83' lang='lat' dir='ltr'>tripartita,</span> <span class='ocrx_word' id='word_1_251' title='bbox 263 3158 333 3232; x_wconf 92' lang='lat' dir='ltr'>quod</span> <span class='ocrx_word' id='word_1_252' title='bbox 350 3157 472 3215; x_wconf 84' lang='lat' dir='ltr'>Julianus</span> <span class='ocrx_word' id='word_1_253' title='bbox 490 3163 614 3228; x_wconf 88' lang='lat' dir='ltr'>apostata</span> <span class='ocrx_word' id='word_1_254' title='bbox 631 3159 789 3230; x_wconf 77' lang='lat' dir='ltr'>imaginem,</span> <span class='ocrx_word' id='word_1_255' title='bbox 819 3172 895 3230; x_wconf 88' lang='lat' dir='ltr'>quam</span> <span class='ocrx_word' id='word_1_256' title='bbox 913 3157 1082 3214; x_wconf 85' lang='lat' dir='ltr'>Emorroissa</span> <span class='ocrx_word' id='word_1_257' title='bbox 1099 3159 1139 3216; x_wconf 88' lang='lat' dir='ltr'>ie-</span> 
     </span>
     <span class='ocr_line' id='line_1_28' title="bbox 95 3255 1139 3328; baseline -0.004 -11"><span class='ocrx_word' id='word_1_258' title='bbox 95 3265 184 3328; x_wconf 90' lang='lat' dir='ltr'>cerat,</span> <span class='ocrx_word' id='word_1_259' title='bbox 207 3259 269 3315; x_wconf 92' lang='lat' dir='ltr'>inde</span> <span class='ocrx_word' id='word_1_260' title='bbox 289 3258 397 3314; x_wconf 87' lang='lat' dir='ltr'>sustulit</span> <span class='ocrx_word' id='word_1_261' title='bbox 420 3265 446 3312; x_wconf 90' lang='lat' dir='ltr'>et</span> <span class='ocrx_word' id='word_1_262' title='bbox 469 3271 543 3312; x_wconf 85' lang='lat' dir='ltr'>suam</span> <span class='ocrx_word' id='word_1_263' title='bbox 562 3255 660 3313; x_wconf 79' lang='lat' dir='ltr'>ibidem</span> <span class='ocrx_word' id='word_1_264' title='bbox 678 3256 835 3323; x_wconf 83' lang='lat' dir='ltr'>collocarit,</span> <span class='ocrx_word' id='word_1_265' title='bbox 860 3272 928 3328; x_wconf 86' lang='lat' dir='ltr'>quae</span> <span class='ocrx_word' id='word_1_266' title='bbox 952 3259 1004 3312; x_wconf 90' lang='lat' dir='ltr'>ictu</span> <span class='ocrx_word' id='word_1_267' title='bbox 1023 3257 1139 3314; x_wconf 89' lang='lat' dir='ltr'>iuiminis</span> 
     </span>
     <span class='ocr_line' id='line_1_29' title="bbox 96 3356 1138 3434; baseline -0.003 -18"><span class='ocrx_word' id='word_1_268' title='bbox 96 3359 232 3416; x_wconf 80' lang='lat' dir='ltr'>contrecta</span> <span class='ocrx_word' id='word_1_269' title='bbox 254 3358 312 3414; x_wconf 85' lang='lat' dir='ltr'>luit.</span> <span class='ocrx_word' id='word_1_270' title='bbox 348 3358 453 3414; x_wconf 84' lang='lat' dir='ltr'>obitum</span> <span class='ocrx_word' id='word_1_271' title='bbox 473 3363 560 3412; x_wconf 90' lang='lat' dir='ltr'>antem</span> <span class='ocrx_word' id='word_1_272' title='bbox 584 3372 658 3412; x_wconf 88' lang='lat' dir='ltr'>suum</span> <span class='ocrx_word' id='word_1_273' title='bbox 685 3357 738 3413; x_wconf 90' lang='lat' dir='ltr'>sibi</span> <span class='ocrx_word' id='word_1_274' title='bbox 757 3356 876 3411; x_wconf 84' lang='lat' dir='ltr'>dominus</span> <span class='ocrx_word' id='word_1_275' title='bbox 896 3363 957 3412; x_wconf 88' lang='lat' dir='ltr'>ante</span> <span class='ocrx_word' id='word_1_276' title='bbox 977 3372 1138 3434; x_wconf 88' lang='lat' dir='ltr'>perannum</span> 
     </span>
     <span class='ocr_line' id='line_1_30' title="bbox 96 3455 1139 3531; baseline -0.003 -15"><span class='ocrx_word' id='word_1_277' title='bbox 96 3459 239 3524; x_wconf 75' lang='lat' dir='ltr'>revelavit,</span> <span class='ocrx_word' id='word_1_278' title='bbox 263 3460 291 3513; x_wconf 86' lang='lat' dir='ltr'>ia</span> <span class='ocrx_word' id='word_1_279' title='bbox 315 3475 367 3531; x_wconf 94' lang='lat' dir='ltr'>quo</span> <span class='ocrx_word' id='word_1_280' title='bbox 389 3464 445 3514; x_wconf 92' lang='lat' dir='ltr'>toto</span> <span class='ocrx_word' id='word_1_281' title='bbox 466 3473 535 3512; x_wconf 86' lang='lat' dir='ltr'>anno</span> <span class='ocrx_word' id='word_1_282' title='bbox 556 3455 674 3512; x_wconf 88' lang='lat' dir='ltr'>iebribus</span> <span class='ocrx_word' id='word_1_283' title='bbox 692 3457 834 3513; x_wconf 83' lang='lat' dir='ltr'>elaborans</span> <span class='ocrx_word' id='word_1_284' title='bbox 855 3464 916 3511; x_wconf 88' lang='lat' dir='ltr'>ante</span> <span class='ocrx_word' id='word_1_285' title='bbox 933 3463 1054 3514; x_wconf 80' lang='lat' dir='ltr'>octauum</span> <span class='ocrx_word' id='word_1_286' title='bbox 1070 3456 1139 3514; x_wconf 86' lang='lat' dir='ltr'>diem</span> 
     </span>
     <span class='ocr_line' id='line_1_31' title="bbox 95 3555 1139 3631; baseline -0.001 -16"><span class='ocrx_word' id='word_1_287' title='bbox 95 3562 137 3615; x_wconf 85' lang='lat' dir='ltr'>soi</span> <span class='ocrx_word' id='word_1_288' title='bbox 156 3562 242 3615; x_wconf 82' lang='lat' dir='ltr'>exitus</span> <span class='ocrx_word' id='word_1_289' title='bbox 259 3558 396 3631; x_wconf 86' lang='lat' dir='ltr'>angelicos</span> <span class='ocrx_word' id='word_1_290' title='bbox 415 3557 510 3614; x_wconf 81' lang='lat' dir='ltr'>choros</span> <span class='ocrx_word' id='word_1_291' title='bbox 529 3558 631 3612; x_wconf 86' lang='lat' dir='ltr'>sororis</span> <span class='ocrx_word' id='word_1_292' title='bbox 648 3572 714 3613; x_wconf 88' lang='lat' dir='ltr'>suae</span> <span class='ocrx_word' id='word_1_293' title='bbox 732 3557 872 3612; x_wconf 88' lang='lat' dir='ltr'>incoctum</span> <span class='ocrx_word' id='word_1_294' title='bbox 886 3557 997 3612; x_wconf 84' lang='lat' dir='ltr'>animam</span> <span class='ocrx_word' id='word_1_295' title='bbox 1016 3555 1139 3614; x_wconf 84' lang='lat' dir='ltr'>deleren-</span> 
     </span>
     <span class='ocr_line' id='line_1_32' title="bbox 94 3657 1138 3731; baseline -0.002 -15"><span class='ocrx_word' id='word_1_296' title='bbox 94 3667 136 3716; x_wconf 86' lang='lat' dir='ltr'>tes</span> <span class='ocrx_word' id='word_1_297' title='bbox 155 3659 264 3726; x_wconf 79' lang='lat' dir='ltr'>audivit,</span> <span class='ocrx_word' id='word_1_298' title='bbox 284 3673 353 3731; x_wconf 89' lang='lat' dir='ltr'>quae</span> <span class='ocrx_word' id='word_1_299' title='bbox 370 3673 430 3712; x_wconf 83' lang='lat' dir='ltr'>mox</span> <span class='ocrx_word' id='word_1_300' title='bbox 448 3657 557 3713; x_wconf 87' lang='lat' dir='ltr'>iratrunr</span> <span class='ocrx_word' id='word_1_301' title='bbox 576 3663 603 3712; x_wconf 90' lang='lat' dir='ltr'>et</span> <span class='ocrx_word' id='word_1_302' title='bbox 620 3671 740 3712; x_wconf 86' lang='lat' dir='ltr'>sororum</span> <span class='ocrx_word' id='word_1_303' title='bbox 758 3663 887 3712; x_wconf 79' lang='lat' dir='ltr'>conventu</span> <span class='ocrx_word' id='word_1_304' title='bbox 904 3662 1069 3730; x_wconf 83' lang='lat' dir='ltr'>congregato</span> <span class='ocrx_word' id='word_1_305' title='bbox 1086 3659 1138 3714; x_wconf 84' lang='lat' dir='ltr'>ait:</span> 
     </span>
     <span class='ocr_line' id='line_1_33' title="bbox 95 3754 1138 3829; baseline -0.005 -14"><span class='ocrx_word' id='word_1_306' title='bbox 95 3761 146 3815; x_wconf 88' lang='lat' dir='ltr'>mci</span> <span class='ocrx_word' id='word_1_307' title='bbox 171 3762 280 3815; x_wconf 87' lang='lat' dir='ltr'>comites</span> <span class='ocrx_word' id='word_1_308' title='bbox 300 3763 328 3815; x_wconf 91' lang='lat' dir='ltr'>et</span> <span class='ocrx_word' id='word_1_309' title='bbox 352 3756 497 3813; x_wconf 84' lang='lat' dir='ltr'>dulcissimi</span> <span class='ocrx_word' id='word_1_310' title='bbox 523 3756 636 3824; x_wconf 91' lang='lat' dir='ltr'>alumni,</span> <span class='ocrx_word' id='word_1_311' title='bbox 664 3754 743 3822; x_wconf 86' lang='lat' dir='ltr'>mibi,</span> <span class='ocrx_word' id='word_1_312' title='bbox 769 3771 885 3829; x_wconf 87' lang='lat' dir='ltr'>quaeso,</span> <span class='ocrx_word' id='word_1_313' title='bbox 908 3756 1138 3828; x_wconf 85' lang='lat' dir='ltr'>congratulamini,</span> 
     </span>
     <span class='ocr_line' id='line_1_34' title="bbox 95 3855 1138 3933; baseline -0.003 -19"><span class='ocrx_word' id='word_1_314' title='bbox 95 3863 217 3933; x_wconf 87' lang='lat' dir='ltr'>quoniam</span> <span class='ocrx_word' id='word_1_315' title='bbox 234 3857 373 3932; x_wconf 83' lang='lat' dir='ltr'>angelicos</span> <span class='ocrx_word' id='word_1_316' title='bbox 391 3855 486 3913; x_wconf 86' lang='lat' dir='ltr'>choros</span> <span class='ocrx_word' id='word_1_317' title='bbox 505 3859 607 3913; x_wconf 89' lang='lat' dir='ltr'>sororis</span> <span class='ocrx_word' id='word_1_318' title='bbox 627 3872 701 3912; x_wconf 86' lang='lat' dir='ltr'>meae</span> <span class='ocrx_word' id='word_1_319' title='bbox 718 3858 829 3912; x_wconf 82' lang='lat' dir='ltr'>animam</span> <span class='ocrx_word' id='word_1_320' title='bbox 853 3855 984 3911; x_wconf 82' lang='lat' dir='ltr'>aduodes</span> <span class='ocrx_word' id='word_1_321' title='bbox 1003 3856 1138 3927; x_wconf 88' lang='lat' dir='ltr'>pollicitae</span> 
     </span>
     <span class='ocr_line' id='line_1_35' title="bbox 96 3955 1137 4028; baseline -0.001 -14"><span class='ocrx_word' id='word_1_322' title='bbox 96 3959 211 4016; x_wconf 85' lang='lat' dir='ltr'>terentes</span> <span class='ocrx_word' id='word_1_323' title='bbox 237 3963 348 4015; x_wconf 84' lang='lat' dir='ltr'>oranter</span> <span class='ocrx_word' id='word_1_324' title='bbox 371 3973 460 4014; x_wconf 88' lang='lat' dir='ltr'>cerno.</span> <span class='ocrx_word' id='word_1_325' title='bbox 497 3955 519 4012; x_wconf 95' lang='lat'>0</span> <span class='ocrx_word' id='word_1_326' title='bbox 542 3955 721 4028; x_wconf 87' lang='lat' dir='ltr'>pulcherrima</span> <span class='ocrx_word' id='word_1_327' title='bbox 743 3962 771 4012; x_wconf 90' lang='lat' dir='ltr'>et</span> <span class='ocrx_word' id='word_1_328' title='bbox 794 3957 830 4010; x_wconf 90' lang='lat' dir='ltr'>mi</span> <span class='ocrx_word' id='word_1_329' title='bbox 851 3955 950 4012; x_wconf 88' lang='lat' dir='ltr'>dilecta</span> <span class='ocrx_word' id='word_1_330' title='bbox 967 3972 1046 4011; x_wconf 85' lang='lat' dir='ltr'>soror</span> <span class='ocrx_word' id='word_1_331' title='bbox 1063 3959 1137 4013; x_wconf 82' lang='lat' dir='ltr'>rivas</span> 
     </span>
     <span class='ocr_line' id='line_1_36' title="bbox 95 4055 1139 4132; baseline -0.001 -19"><span class='ocrx_word' id='word_1_332' title='bbox 95 4074 152 4114; x_wconf 87' lang='lat' dir='ltr'>cum</span> <span class='ocrx_word' id='word_1_333' title='bbox 176 4061 305 4132; x_wconf 85' lang='lat' dir='ltr'>magistro</span> <span class='ocrx_word' id='word_1_334' title='bbox 329 4064 376 4113; x_wconf 90' lang='lat' dir='ltr'>tuo</span> <span class='ocrx_word' id='word_1_335' title='bbox 401 4063 428 4113; x_wconf 90' lang='lat' dir='ltr'>et</span> <span class='ocrx_word' id='word_1_336' title='bbox 444 4057 551 4128; x_wconf 88' lang='lat' dir='ltr'>hospite</span> <span class='ocrx_word' id='word_1_337' title='bbox 568 4071 626 4112; x_wconf 88' lang='lat' dir='ltr'>meo</span> <span class='ocrx_word' id='word_1_338' title='bbox 646 4058 672 4110; x_wconf 92' lang='lat' dir='ltr'>in</span> <span class='ocrx_word' id='word_1_339' title='bbox 688 4055 753 4112; x_wconf 89' lang='lat' dir='ltr'>sade</span> <span class='ocrx_word' id='word_1_340' title='bbox 770 4056 859 4112; x_wconf 84' lang='lat' dir='ltr'>beata.</span> <span class='ocrx_word' id='word_1_341' title='bbox 893 4055 1041 4126; x_wconf 84' lang='lat' dir='ltr'>Statimque</span> <span class='ocrx_word' id='word_1_342' title='bbox 1057 4055 1139 4112; x_wconf 87' lang='lat' dir='ltr'>beata</span> 
     </span>
     <span class='ocr_line' id='line_1_37' title="bbox 88 4155 1136 4226; baseline -0.004 -12"><span class='ocrx_word' id='word_1_343' title='bbox 88 4156 202 4214; x_wconf 86' lang='lat' dir='ltr'>lilartlra</span> <span class='ocrx_word' id='word_1_344' title='bbox 218 4159 314 4214; x_wconf 79' lang='lat' dir='ltr'>exitum</span> <span class='ocrx_word' id='word_1_345' title='bbox 334 4172 408 4212; x_wconf 90' lang='lat' dir='ltr'>suum</span> <span class='ocrx_word' id='word_1_346' title='bbox 425 4158 537 4213; x_wconf 86' lang='lat' dir='ltr'>uicinum</span> <span class='ocrx_word' id='word_1_347' title='bbox 556 4157 738 4226; x_wconf 86' lang='lat' dir='ltr'>praesentiens</span> <span class='ocrx_word' id='word_1_348' title='bbox 757 4170 820 4210; x_wconf 90' lang='lat' dir='ltr'>suos</span> <span class='ocrx_word' id='word_1_349' title='bbox 839 4155 989 4222; x_wconf 88' lang='lat' dir='ltr'>admonuit,</span> <span class='ocrx_word' id='word_1_350' title='bbox 1013 4161 1042 4210; x_wconf 92' lang='lat' dir='ltr'>ut</span> <span class='ocrx_word' id='word_1_351' title='bbox 1058 4155 1136 4212; x_wconf 83' lang='lat' dir='ltr'>lumi-</span> 
     </span>
     <span class='ocr_line' id='line_1_38' title="bbox 94 4253 1135 4328; baseline -0.002 -15"><span class='ocrx_word' id='word_1_352' title='bbox 94 4256 204 4313; x_wconf 88' lang='lat' dir='ltr'>naribus</span> <span class='ocrx_word' id='word_1_353' title='bbox 227 4259 348 4312; x_wconf 84' lang='lat' dir='ltr'>aceensis</span> <span class='ocrx_word' id='word_1_354' title='bbox 373 4259 445 4312; x_wconf 88' lang='lat' dir='ltr'>circa</span> <span class='ocrx_word' id='word_1_355' title='bbox 468 4272 499 4313; x_wconf 88' lang='lat' dir='ltr'>ae</span> <span class='ocrx_word' id='word_1_356' title='bbox 522 4253 657 4328; x_wconf 84' lang='lat' dir='ltr'>usquead</span> <span class='ocrx_word' id='word_1_357' title='bbox 675 4256 774 4312; x_wconf 84' lang='lat' dir='ltr'>obituro</span> <span class='ocrx_word' id='word_1_358' title='bbox 792 4254 949 4328; x_wconf 78' lang='lat' dir='ltr'>vigilarent,</span> <span class='ocrx_word' id='word_1_359' title='bbox 975 4261 1053 4310; x_wconf 88' lang='lat' dir='ltr'>nocte</span> <span class='ocrx_word' id='word_1_360' title='bbox 1072 4271 1135 4312; x_wconf 83' lang='lat' dir='ltr'>vero</span> 
     </span>
     <span class='ocr_line' id='line_1_39' title="bbox 94 4354 1135 4442; baseline 0 -32"><span class='ocrx_word' id='word_1_361' title='bbox 94 4355 266 4442; x_wconf 34' lang='lat' dir='ltr'>media-ante</span> <span class='ocrx_word' id='word_1_362' title='bbox 291 4359 419 4413; x_wconf 86' lang='lat' dir='ltr'>transitus</span> <span class='ocrx_word' id='word_1_363' title='bbox 442 4359 485 4412; x_wconf 85' lang='lat' dir='ltr'>sui</span> <span class='ocrx_word' id='word_1_364' title='bbox 508 4355 576 4411; x_wconf 88' lang='lat' dir='ltr'>diem</span> <span class='ocrx_word' id='word_1_365' title='bbox 599 4354 753 4411; x_wconf 87' lang='lat' dir='ltr'>custodibus</span> <span class='ocrx_word' id='word_1_366' title='bbox 782 4370 875 4412; x_wconf 88' lang='lat' dir='ltr'>somno</span> <span class='ocrx_word' id='word_1_367' title='bbox 899 4357 1018 4428; x_wconf 81' lang='lat' dir='ltr'>grauatis</span> <span class='ocrx_word' id='word_1_368' title='bbox 1042 4363 1135 4410; x_wconf 84' lang='lat' dir='ltr'>ventus</span> 
     </span>
     <span class='ocr_line' id='line_1_40' title="bbox 94 4451 1133 4528; baseline -0.002 -16"><span class='ocrx_word' id='word_1_369' title='bbox 94 4453 235 4514; x_wconf 78' lang='lat' dir='ltr'>uehemens</span> <span class='ocrx_word' id='word_1_370' title='bbox 252 4459 329 4514; x_wconf 88' lang='lat' dir='ltr'>irruit</span> <span class='ocrx_word' id='word_1_371' title='bbox 347 4462 374 4514; x_wconf 91' lang='lat' dir='ltr'>et</span> <span class='ocrx_word' id='word_1_372' title='bbox 391 4456 531 4513; x_wconf 87' lang='lat' dir='ltr'>luminaria</span> <span class='ocrx_word' id='word_1_373' title='bbox 548 4461 642 4512; x_wconf 85' lang='lat' dir='ltr'>cuncta</span> <span class='ocrx_word' id='word_1_374' title='bbox 658 4455 795 4525; x_wconf 77' lang='lat' dir='ltr'>exstinxit,</span> <span class='ocrx_word' id='word_1_375' title='bbox 813 4451 861 4510; x_wconf 85' lang='lat' dir='ltr'>iila</span> <span class='ocrx_word' id='word_1_376' title='bbox 881 4469 944 4512; x_wconf 89' lang='lat' dir='ltr'>roro</span> <span class='ocrx_word' id='word_1_377' title='bbox 961 4453 1133 4528; x_wconf 81' lang='lat' dir='ltr'>malignorum</span> 
     </span>
    </p>
   </div>
   <div class='ocr_carea' id='block_1_3' title="bbox 0 0 1496 5316">
    <p class='ocr_par' dir='ltr' id='par_1_3' title="bbox 0 0 1496 5316">
     <span class='ocr_line' id='line_1_41' title="bbox 0 0 1496 5316; baseline 0 1"><span class='ocrx_word' id='word_1_378' title='bbox 0 0 1496 5316; x_wconf 95' lang='lat' dir='ltr'> </span> 
     </span>
    </p>
   </div>
  </div>
 </body>
</html>
