2984 5316
325 473 389 536 tsi)
477 473 549 552 Cap.
572 473 658 533 cvii.
701 473 746 532 De
768 481 866 530 saneta
890 471 1037 532 Germano
1060 473 1207 550 episeopo.

324 635 510 716 eoniiagraret.
546 627 593 692 Qut
618 639 674 684 eurr
693 639 846 706 rogaretur,
873 638 902 688 ut
926 629 986 684 inde
1011 634 1162 700 asportatur
1187 628 1274 701 ignem
1297 645 1360 684 err-

325 735 408 798 deret,
427 733 473 787 iiie
491 730 611 784 incendio
628 744 658 785 se
677 734 786 801 opponit
808 737 834 787 et
859 731 928 786 uitus
950 733 1068 800 sitneque
1090 733 1176 785 onnia
1192 733 1361 785 consumente

325 836 428 890 deunana
452 831 593 900 nospitium
617 831 675 900 ejus
695 841 746 884 non
765 834 862 903 tetigit.
897 829 960 886 Dum
977 828 1011 886 ad
1034 827 1185 884 Britannias
1202 831 1299 886 iterato
1317 845 1360 884 re-

324 935 410 996 diret,
433 939 461 986 ut
485 929 636 984 haereticos
662 927 826 997 ooniuturet,
849 928 954 1002 quidam
979 944 1012 984 ex
1036 928 1173 1000 discipulis
1199 931 1257 1000 ejus
1274 929 1361 1001 gradu

324 1036 425 1090 eunotto
446 1032 505 1102 ejus
522 1029 635 1100 vestigia
655 1029 830 1099 sequebatur,
854 1030 898 1100 qni
916 1035 1003 1084 tanen
1023 1028 1092 1100 apud
1113 1029 1300 1085 Cordonerurn
1320 1031 1362 1082 in·

324 1133 461 1188 irnttatua
480 1127 612 1186 oeouduit.
647 1127 762 1184 Rediens
782 1128 844 1184 inde
861 1128 955 1184 beatus
968 1126 1111 1184 tiernanus
1122 1128 1289 1200 suprtoirrurn
1302 1130 1360 1198 ejus

323 1234 421 1304 rporiri
442 1230 507 1285 ieoit
521 1230 660 1298 ipsumque
679 1241 776 1284 rooans
795 1243 828 1284 ex
847 1229 963 1295 nonina,
988 1227 1052 1300 quid
1079 1233 1187 1300 egeret,
1215 1243 1250 1282 an
1273 1226 1362 1283 adhue
1437 1289 1440 1294 ,

324 1345 410 1388 secun
429 1327 542 1383 mititare
561 1333 684 1397 cuperet,
708 1329 855 1400 requisivit.
888 1325 953 1383 Mon
976 1327 1022 1382 iiis
1045 1325 1166 1383 residens
1190 1333 1285 1382 οιοοίο
1308 1327 1361 1382 ribi

324 1437 446 1487 oonstare
472 1427 566 1482 suaria
589 1439 620 1481 ιο
642 1441 672 1482 se
696 1427 768 1484 noiie
793 1431 915 1482 econtra
937 1427 1047 1482 ulterius
1070 1429 1190 1482 reuocari
1214 1427 1360 1497 respondit.

323 1529 399 1588 Tuae
423 1533 515 1583 saneto
538 1532 685 1591 annuente,
713 1533 742 1582 ut
761 1527 955 1598 requiesceret,
984 1525 1031 1581 iiie
1054 1525 1176 1596 deposito
1195 1529 1282 1597 eapite
1302 1543 1361 1581 rur-

322 1645 379 1686 aurn
398 1631 423 1682 in
441 1626 545 1682 domino
564 1623 731 1682 obdornirit.
765 1624 830 1682 iiurn
855 1626 882 1679 in
904 1623 1042 1681 Britannia
1064 1625 1232 1696 praedicaret
1254 1635 1282 1682 et
1307 1628 1360 1681 ribi

323 1738 350 1788 et
375 1730 455 1784 sociis
479 1741 526 1781 rex
545 1725 699 1781 Britanniae
717 1723 858 1796 hospitium
876 1724 1053 1798 derogasset,
1076 1724 1200 1782 eubuleus
1224 1729 1297 1800 regis
1318 1742 1361 1786 re-

322 1843 432 1905 gressus
458 1839 475 1881 ι
499 1825 607 1896 pussula
629 1830 761 1894 reeoptem
789 1823 965 1894 praebendum
995 1826 1022 1880 in
1047 1825 1147 1896 palatio
1169 1823 1202 1880 ad
1228 1827 1360 1900 tugurirnr

323 1930 456 2002 proprium
473 1924 592 1980 reterens
612 1923 677 1978 vidit
696 1923 798 1978 terrun
818 1922 973 1980 Germanum
995 1939 1052 1979 ouri
1070 1927 1151 1980 soriis
1175 1923 1244 1980 iane
1266 1931 1292 1980 et
1310 1924 1360 1979 iri-

321 2045 389 2106 gore
407 2027 586 2090 laborantem,
609 2037 677 2093 quos
697 2022 723 2078 in
741 2022 817 2078 dono
838 2037 888 2078 sua
903 2025 1020 2097 benigne
1038 2028 1139 2095 resapit
1156 2031 1182 2081 et
1199 2025 1301 2079 unieurn
1319 2025 1361 2078 rt-

320 2131 417 2192 tutunr,
439 2139 515 2196 quen
543 2122 674 2190 habebat,
704 2121 853 2194 hospitibus
876 2122 964 2178 ooeidi
987 2127 1131 2194 praesepti.
1165 2123 1230 2180 Post
1251 2137 1360 2179 menan

321 2235 428 2287 sanetus
449 2224 593 2280 Germanus
612 2224 700 2278 onnia
718 2235 781 2278 ossa
799 2223 873 2278 rituti
896 2237 978 2294 super
1002 2223 1095 2294 petiern
1113 2227 1232 2296 conponi
1251 2223 1315 2279 ierit
1333 2229 1361 2279 et

321 2328 355 2385 ad
374 2329 433 2398 ejus
450 2327 595 2406 erptionern
613 2324 709 2378 vitutus
733 2326 791 2379 sius
815 2337 889 2377 nora
913 2325 1035 2378 surrexit.
1071 2323 1198 2395 Sequenti
1222 2322 1266 2378 die
1292 2321 1360 2379 tier-

320 2440 412 2483 nanus
428 2426 486 2496 regi
505 2422 616 2478 festinus
634 2425 747 2478 occurrit
764 2427 800 2488 et,
817 2433 865 2476 eur
881 2423 905 2477 ei
917 2421 1057 2492 hospitium
1069 2423 1216 2496 denegarit,
1236 2431 1361 2498 potenter

321 2527 437 2598 inquirit.
472 2520 549 2577 Tune
575 2535 622 2577 rer
647 2521 815 2577 retenenter
837 2522 964 2576 attonitus
989 2521 1041 2576 sibi
1060 2522 1222 2593 respondere
1238 2539 1290 2578 non
1307 2539 1358 2594 po·

320 2627 372 2680 tuit
388 2631 416 2680 et
432 2623 492 2677 iiie:
517 2620 663 2696 egredere,
689 2621 786 2692 inquit,
812 2625 839 2675 et
857 2635 964 2691 regnum
983 2622 1085 2678 rneiiori
1104 2623 1213 2677 dinitte.
1249 2621 1359 2680 Garna-

320 2739 370 2780 nus
386 2725 469 2796 igitur
485 2719 533 2775 Dei
550 2719 672 2776 mandato
689 2719 825 2774 sihuiourn
839 2733 896 2772 ouen
914 2733 998 2776 uxore
1010 2725 1099 2778 redire
1116 2720 1179 2776 iecit
1189 2728 1215 2777 et
1226 2723 1359 2778 uniuersis

320 2821 487 2893 stupentibus
510 2835 599 2892 regern
623 2821 758 2874 constituit
785 2830 811 2876 et
835 2837 867 2876 ex
884 2829 946 2876 trino
971 2836 1049 2893 reges
1075 2820 1109 2877 de
1133 2818 1236 2877 suiuuiei
1258 2837 1359 2894 genere

220 2925 222 2928 ’
319 2921 480 2996 prodeuntes
505 2919 671 2974 donrineutur
694 2923 767 2992 genti
788 2921 931 2979 aritonun.
967 2921 1030 2976 Curi
1048 2920 1278 2976 aurorescente
1296 2917 1357 2976 sn.

318 3032 396 3078 tonas
423 3019 577 3074 dimicarent
599 3025 626 3074 et
648 3035 677 3074 as
698 3031 797 3090 pareus
822 3020 955 3078 riderent.
980 3025 1087 3076 rennos
1104 3019 1165 3076 inde
1188 3027 1357 3076 transeuntes

318 3127 480 3177 rooauerunt
498 3125 525 3174 et
541 3121 573 3172 ab
593 3120 627 3172 tis
642 3118 792 3189 praedieati
813 3122 930 3176 eonstin
947 3132 1038 3174 onnes
1056 3123 1089 3173 ad
1104 3119 1227 3191 baptismi
1242 3123 1356 3192 gratissi

319 3218 503 3274 oonroiuirnnt
539 3217 587 3273 Die
603 3219 686 3290 igitur
698 3219 815 3289 poscite
830 3233 862 3275 ex
875 3219 980 3276 terrore
994 3218 1052 3274 idei
1067 3221 1192 3292 protestis
1203 3223 1282 3274 srrnis
1292 3233 1356 3290 pro-

318 3324 419 3389 ponunt
433 3317 681 3388 iortiierproeiiari,
702 3317 771 3390 quod
784 3317 822 3373 iiii
835 3315 973 3375 audientes
991 3319 1117 3374 sudaster
1135 3327 1227 3375 eontra
1242 3321 1357 3376 inerner

319 3422 471 3488 properant,
489 3414 536 3470 sed
556 3415 699 3477 Geminus
717 3417 802 3474 ittens
820 3431 875 3473 eun
892 3421 948 3474 suis
967 3435 1057 3474 ornnes
1075 3417 1218 3483 adnuerit,
1239 3424 1275 3484 ut,
1299 3433 1356 3473 eure

319 3519 377 3588 ipse
394 3515 503 3586 niieiuju
520 3514 660 3582 strueret,
683 3531 773 3572 ornnes
791 3516 843 3572 sibi
860 3525 912 3572 uno
930 3517 1044 3575 elamore
1058 3518 1245 3592 respondeant.
1279 3516 1356 3581 Quod

318 3629 375 3670 eurr
391 3615 487 3669 iactura
503 3621 584 3682 esset,
602 3622 691 3670 tentus
710 3615 802 3671 iroates
819 3631 899 3687 super
909 3633 939 3672 se
946 3621 1001 3689 jair
1012 3620 1141 3673 irruentes
1152 3624 1239 3672 terror
1251 3619 1357 3680 inrusit,

320 3723 349 3771 ut
365 3716 495 3787 projectis
505 3719 585 3770 urnis
596 3727 647 3770 non
658 3713 742 3770 sotum
753 3723 853 3770 nonies
864 3715 910 3771 sed
923 3717 1023 3772 ooeiun
1044 3717 1120 3772 eitanr
1139 3727 1357 3787 superuenere

319 3821 456 3887 putarent,
482 3817 619 3885 cunctique
642 3812 804 3886 diffugerunt
847 3814 963 3878 Qusdan
989 3819 1047 3871 ries
1070 3816 1129 3871 duur
1155 3831 1203 3887 per
1219 3816 1355 3890 Angusto·

319 3916 413 3970 dununr
436 3912 572 3970 ,transiens
598 3913 631 3968 ad
655 3913 777 3968 tunuium
806 3917 892 3969 saneti
908 3913 1030 3970 coustant
1054 3918 1172 3987 episcopt
1193 3915 1356 3982 devenisset,

320 4014 451 4086 quomodo
470 4027 500 4068 ae
518 4011 643 4078 haberet,
661 4016 807 4084 inquisisti.
840 4011 888 4068 iiie
912 4015 999 4068 siatint
1024 4030 1055 4069 er
1073 4016 1172 4070 turreio
1191 4017 1291 4070 eunetis
1308 4029 1356 4070 su-

320 4113 452 4168 dieniiius
472 4115 511 4167 rie
530 4113 680 4184 respondit:
705 4112 773 4167 duioi
797 4115 886 4183 quiete
911 4113 1033 4184 periruor
1049 4119 1076 4170 et
1094 4115 1232 4170 adrentum
1253 4114 1356 4170 redent-

320 4213 387 4266 toris
406 4219 540 4283 exspecto.
576 4211 609 4267 Et
627 4212 686 4267 iiie:
711 4215 819 4286 quiesse
844 4227 893 4283 per
914 4214 1020 4286 iungunt
1040 4214 1066 4268 in
1086 4212 1190 4269 Christo
1207 4215 1310 4284 tenpus
1329 4221 1357 4270 et

321 4326 370 4382 pro
394 4310 471 4366 nubis
495 4315 621 4369 attentius
647 4313 797 4378 intercede,
828 4318 857 4368 ut
886 4311 1006 4369 obtinere
1032 4330 1126 4370 sacrae
1151 4314 1356 4370 resurreetionia

321 4409 422 4481 gaudia
438 4425 592 4466 nereunur.
626 4409 691 4466 nun
711 4411 782 4482 epud
797 4410 948 4470 brennum
966 4412 1133 4482 devenisset,
1152 4428 1168 4468 ι
1186 4415 1280 4487 regins
1294 4412 1360 4472 Pia-
