2828 5302
282 483 342 546 tto
505 479 576 561 Cap.
599 481 702 542 XXiii.
745 481 788 540 De
810 491 908 539 sancto
929 479 1111 542 Sebastiano.

281 641 366 700 tettan.
401 641 463 714 ipsa
479 641 591 713 inperat
607 640 731 708 crimina,
752 639 831 712 jubet
849 639 984 707 facinora,
1004 639 1099 696 suadet
1117 640 1234 712 injusta,
1251 637 1318 695 baec

280 751 366 801 eutoso
385 742 542 814 persecutio,
562 753 639 812 qums
657 736 699 794 bie
716 742 837 812 pabuur,
855 738 934 796 bodio
954 739 1122 797 excandescit
1137 744 1164 796 et
1180 753 1242 795 cras
1253 754 1318 796 era·
1403 799 1409 812 ‚

280 845 378 910 nescit,
395 839 474 898 bodie
493 839 642 896 exardescit
659 845 686 895 et
702 854 761 894 oras
781 839 946 913 refrigeseit,
965 839 1014 897 sub
1031 856 1083 898 unu
1101 838 1168 896 bora
1185 838 1318 895 inducitur

280 951 308 1002 et
324 941 373 998 sub
392 955 444 998 una
460 939 527 996 bura
543 939 698 996 excluditur.
746 939 828 996 Doior
847 946 933 996 auteur
951 947 1073 998 aeternus
1091 945 1251 1006 mucimus,
1288 947 1317 994 ut

280 1046 399 1110 sooria,
419 1046 617 1114 augmentatur,
636 1046 665 1095 ut
679 1047 790 1108 cunrat,
810 1041 1028 1096 rotundaretur
1046 1041 1147 1112 puniat.
1179 1039 1209 1098 io
1226 1056 1317 1097 auore

280 1159 345 1217 orgo
364 1142 473 1197 martirii
490 1145 595 1196 nostres
610 1141 666 1213 jaro
686 1143 840 1197 suscitemus
860 1140 979 1198 affectus.
1031 1139 1071 1196 ibi
1096 1142 1163 1198 enisu
1186 1139 1316 1214 dyabolus

281 1260 310 1300 se
329 1244 433 1298 succro
450 1241 592 1307 existimat,
611 1241 656 1310 qui
673 1240 734 1296 dnus
749 1242 831 1312 cupit,
848 1247 941 1314 captus
958 1248 1017 1309 est,
1034 1239 1093 1297 dun
1112 1247 1204 1310 tenet,
1227 1246 1315 1298 tcum

281 1348 332 1410 est,
348 1340 408 1396 duur
427 1341 514 1409 uincit,
531 1341 616 1397 victus
633 1346 684 1409 est,
701 1346 728 1396 ot
747 1338 806 1396 duos
826 1347 939 1418 torquet,
958 1347 1105 1414 torquetur,
1124 1339 1184 1396 duur
1197 1339 1317 1415 juguiut,

281 1443 384 1498 occisus
402 1444 457 1506 cst,
475 1444 503 1494 ct
518 1437 578 1494 dun
595 1439 719 1508 insultat,
738 1441 831 1496 irrisus
848 1446 898 1496 est.
938 1439 1022 1514 Igitur
1039 1441 1099 1498 duur
1117 1441 1211 1499 beatus
1230 1440 1316 1498 Seba-

281 1544 384 1598 stianus
399 1538 464 1595 baec
483 1554 516 1594 ex
532 1554 578 1595 ore
595 1539 737 1611 proferret,
757 1539 844 1596 subito
862 1556 910 1612 por
928 1556 1003 1597 unctu
1023 1541 1078 1598 iere
1090 1540 1182 1598 borau
1197 1541 1315 1613 asplen-

281 1642 346 1699 dors
370 1641 449 1696 nimio
472 1638 506 1695 de
522 1639 597 1696 coeio
621 1637 795 1696 descendente
816 1640 974 1696 illuminatus
992 1650 1033 1698 est
1049 1648 1076 1698 ct
1093 1640 1141 1697 snb
1160 1640 1207 1696 iilo
1226 1639 1316 1713 unim-

281 1741 345 1798 dorc
371 1739 453 1813 paiiie
476 1737 661 1795 candidissime
687 1741 796 1796 amictus
821 1745 847 1794 ct
871 1739 904 1795 ab
922 1742 1025 1815 singolis
1044 1747 1143 1814 septem
1162 1740 1317 1796 oiarissiruis

279 1839 462 1898 circumdatus.
479 1837 587 1896 Juvenis
604 1841 682 1896 eduens
700 1839 824 1911 ausparuit
837 1841 916 1911 juxta
931 1858 989 1898 estur
1006 1841 1072 1898 dans
1089 1842 1114 1898 ei
1132 1854 1223 1913 paceni
1237 1839 1316 1896 ctdi-

280 1957 357 1999 cens:
386 1945 415 1994 tn
433 1954 535 2010 semper
552 1955 648 1994 nocuos
666 1942 728 1997 eris.
764 1939 826 1995 cunr
844 1945 930 1996 auctoru
946 1941 1040 1997 boatus
1061 1941 1233 1998 Sebastianus
1250 1939 1317 1997 baec

281 2047 308 2097 et
325 2039 366 2094 bis
384 2039 480 2094 similia
497 2037 674 2110 praeriicurot,
690 2039 745 2095 Zoc
765 2054 830 2094 uxor
846 2037 1003 2104 Nicostrati.
1022 2044 1048 2096 iu
1064 2041 1139 2112 cujus
1157 2040 1234 2132 douo
1252 2055 1313 2097 sun·

280 2143 315 2200 oti
332 2137 564 2207 custodiebantur,
598 2153 666 2210 qnae
687 2138 819 2210 loquelam
837 2141 976 2205 amiserat,
1010 2140 1122 2212 podibus
1139 2141 1198 2212 ejus
1217 2156 1314 2212 prouu-

280 2241 337 2298 iuta
358 2237 463 2294 nutibus
488 2241 589 2293 renisu
614 2237 775 2310 postulabat.
826 2236 901 2295 Tuus
926 2239 1099 2298 Sebastianus
1123 2245 1175 2296 nit:
1209 2241 1232 2294 si
1262 2255 1314 2312 ego

281 2339 378 2397 Christi
396 2355 489 2394 sersus
502 2352 565 2393 'suur
582 2343 608 2393 et
628 2339 651 2392 si
674 2353 738 2395 rara
755 2344 815 2395 suut
833 2340 936 2407 onnia,
976 2355 1044 2413 quae
1061 2357 1094 2398 eu
1112 2356 1158 2396 ore
1175 2354 1233 2395 mco
1249 2336 1316 2394 baec

282 2440 373 2496 mulier
390 2437 491 2494 audiuit
507 2445 535 2494 ct
551 2437 677 2506 credidit,
702 2439 805 2511 aperiat
824 2453 855 2493 os
872 2439 948 2510 ejus,
977 2443 1023 2512 qui
1040 2443 1192 2512 specubus
1211 2437 1315 2495 Zacbs-

281 2541 337 2596 riue
356 2536 500 2613 propbetas
522 2538 549 2606 ¹)
568 2539 618 2593 sui.
668 2537 711 2594 Ad
727 2537 794 2596 baruc
813 2554 900 2594 uoceru
919 2538 1012 2595 muiisr
1028 2541 1198 2596 exclamarit:
1232 2537 1315 2594 bene·

281 2639 366 2695 dietus
390 2653 477 2695 seruo
499 2638 554 2692 oris
578 2637 617 2692 tui
641 2643 668 2694 et
691 2635 881 2712 benedictioni
900 2638 1035 2708 curribus,
1070 2654 1138 2714 quus
1155 2638 1258 2694 locutus
1273 2621 1314 2702 es,

282 2737 398 2796 credunt.
449 2735 510 2792 Vidi
528 2737 596 2792 eninr
612 2735 734 2809 anguinus
751 2738 844 2794 iibrunu
863 2743 992 2795 wnsntsuu
1008 2746 1069 2796 unte
1086 2746 1129 2807 te,
1152 2738 1197 2794 ubi
1216 2740 1313 2802 curuis,

282 2854 350 2912 qnae
367 2837 467 2903 dixisti,
484 2839 584 2908 scrilrta
602 2840 686 2892 erant.
720 2835 768 2894 Vir
784 2845 869 2894 nutent
887 2839 945 2910 ejus
963 2835 1014 2894 bec
1028 2838 1139 2894 audiens
1156 2835 1313 2911 prociditud

281 2936 363 3010 pedes
380 2939 464 2992 suncti
483 2935 632 2992 Sebastiuut
651 2936 702 2991 sibi
720 2938 856 3008 pouuians
872 2934 1004 3011 indulgeri
1021 2935 1313 3012 stntiusqneubsoirens

281 3039 402 3094 martires
420 3035 550 3110 rugabat,
584 3041 613 3092 ut
629 3034 704 3092 liberi
722 3036 833 3093 abirent.
869 3035 1080 3104 enarrarunt,
1116 3037 1265 3093 nuliatenus
1283 3050 1313 3090 sc

281 3137 432 3194 deserturos
451 3137 595 3204 victoriato,
614 3152 690 3208 quum
708 3139 847 3208 cepissent
873 3135 985 3192 Tantutn
1002 3137 1083 3210 igitur
1099 3139 1212 3212 gratian
1223 3138 1312 3193 stair-

274 3221 360 3294 ¹tutcus
377 3235 468 3292 serbis
483 3238 568 3291 sancti
585 3235 737 3292 Sebastiant
756 3235 875 3292 deminus
890 3234 1053 3303 contulerat,
1072 3237 1142 3309 qnod
1159 3253 1210 3292 noo
1229 3236 1312 3290 soiuu

280 3335 478 3394 Marcellianum
497 3341 525 3391 et
541 3335 658 3392 Marenen
676 3337 702 3390 in
721 3337 831 3391 martirii
848 3337 998 3391 wnstsntia
1013 3334 1158 3403 roboravit,
1176 3334 1311 3392 sedetiam

280 3442 381 3509 putrent
399 3451 486 3491 eorum
503 3437 605 3491 nomino
625 3433 832 3507 Tranquilliounr
850 3443 877 3492 st
893 3441 1001 3491 mutreru
1019 3449 1075 3490 curu
1093 3434 1180 3490 nouitio
1198 3433 1259 3489 aliis
1277 3434 1312 3488 ud

281 3536 357 3592 bdern
373 3534 517 3602 concutit,
541 3550 608 3606 quus
627 3529 888 3608 umes'i’oiicerpus
906 3535 1038 3607 presbiter
1054 3534 1208 3607 baptizarit
1226 3563 1262 3578 -·
1277 3563 1312 3578 -·

279 3639 313 3696 2.
337 3632 535 3706 Trarrqniiiinns
558 3640 645 3690 auaro
667 3633 758 3690 norbo
782 3637 941 3707 grauinboo
958 3632 1084 3690 laborans
1103 3649 1162 3690 oros
1179 3641 1210 3689 ut
1224 3633 1312 3706 banti-

280 3738 430 3800 natusest,
454 3733 593 3789 sanitatem
613 3736 720 3804 recepit
754 3733 908 3790 Praefectus
925 3739 1012 3790 sutore
1030 3732 1102 3789 urbis
1121 3733 1235 3804 botuae,
1266 3735 1311 3805 qui

279 3842 308 3891 et
325 3836 382 3906 ipse
399 3830 491 3888 norbo
505 3833 664 3904 grauissimo
678 3829 837 3899 laborabat,
861 3836 967 3906 rogasit
984 3832 1207 3905 Tranquiiiionn,
1231 3839 1261 3889 ot
1277 3833 1313 3889 ud

281 3951 311 3992 sc
328 3931 471 3990 &duceret
488 3948 563 3999 euuu,
580 3934 626 4005 qut
643 3931 695 3988 sibi
712 3933 849 3988 sanitatem
866 3931 985 3988 dederat
1037 3933 1100 3989 cusu
1117 3947 1183 4006 ergo
1200 3933 1234 3988 ud
1253 3949 1311 3990 euru

280 4037 414 4090 uenissent
435 4029 589 4104 Pudicarpus
613 4033 744 4104 presbiter
768 4039 794 4088 et
816 4030 989 4088 Sebastianus
1012 4033 1112 4104 etipse
1129 4047 1176 4088 eos
1194 4039 1312 4106 rogant,

281 4139 310 4189 ut
327 4135 405 4190 etiarn
423 4135 562 4187 sanitatem
581 4134 724 4203 reciperet,
754 4130 821 4186 dixit
838 4133 863 4187 ci
881 4129 1072 4199 Sebastianus,
1097 4137 1125 4187 ut
1142 4135 1215 4204 prius
1231 4132 1313 4204 ydoia

280 4231 426 4306 ubuqnet
443 4237 471 4289 ct
487 4230 671 4305 confringendi
687 4246 721 4288 ea
738 4231 789 4288 sibi
807 4238 964 4304 newenton
980 4229 1097 4288 truderet
1113 4237 1140 4287 et
1157 4233 1195 4286 sic
1212 4233 1331 4288 sanita-''-

343 4454 364 4506 t)
376 4451 418 4500 ΙιΙ.
429 4450 501 4499 brius.
514 4449 580 4504 innita
595 4454 662 4498 Dee.
