2798 5302
304 481 345 544 20
499 481 572 560 Cap.
595 480 628 538 ii.
670 478 715 538 De
737 489 836 540 senec
859 479 972 542 indues
994 483 1135 562 sportolo.

304 645 368 712 iiie,
390 659 422 701 ne
439 641 573 708 formides,
593 644 657 714 quia
674 639 728 708 ilie,
748 640 783 697 eb
800 643 875 714 cujus
893 657 1007 701 cncren
1023 650 1051 702 te
1069 652 1096 701 et
1111 649 1173 700 tuce
1189 647 1220 700 et
1231 647 1278 698 tua
1288 645 1339 697 tra

304 741 417 800 viriiiter
432 745 602 809 centenurii,
620 741 669 797 tiirt
683 738 719 796 cir
738 741 789 796 lnce
806 747 833 798 et
849 746 874 797 ie
892 747 1028 814 praesenti
1044 742 1173 799 eunuiurn
1189 745 1298 817 gratier
1314 748 1340 799 et

303 849 331 900 in
350 845 437 899 luture
463 839 649 915 plenitudinem
674 837 777 913 gloriae
799 840 936 916 largietur.
979 843 1032 899 seu
1051 849 1078 899 ct
1094 859 1146 917 ege
1170 857 1268 898 serane
1282 843 1339 914 elur

305 962 346 1002 aue
364 948 391 1001 ct
409 957 468 999 rnee
484 938 532 995 tibi
551 940 648 1007 elfere,
679 939 819 1014 eligasque
835 939 901 1007 tibi,
925 940 970 997 uiri
990 942 1134 1015 placuerit,
1161 944 1339 999 nauricnear

304 1045 366 1101 veie
384 1049 470 1098 autern
489 1039 568 1096 nouus
584 1053 682 1095 nuceum
702 1039 831 1110 prendere
848 1039 956 1097 debeas.
991 1041 1039 1098 (iul
1056 1041 1105 1099 ille
1116 1046 1157 1112 ¹):
1174 1041 1229 1099 reli
1246 1044 1339 1115 lnquit,

305 1153 395 1217 pater,
413 1141 469 1198 neit
487 1139 521 1197 rie
541 1139 591 1195 inec
608 1154 637 1194 re
654 1155 694 1196 nuc
711 1140 827 1210 regere,
851 1155 884 1198 ne
902 1138 971 1196 terte
988 1155 1021 1198 cx
1037 1140 1089 1198 inec
1105 1143 1196 1216 eliqua
1212 1142 1276 1198 meli
1295 1157 1338 1196 su·

305 1247 389 1317 spicio
408 1245 437 1312 Ι)
465 1242 602 1313 perveniet
626 1245 653 1294 et
676 1242 746 1296 niter
771 1240 857 1296 ianae
875 1246 981 1298 restrae
998 1240 1205 1315 denigratione·
1224 1241 1338 1314 eliqueret

305 1347 430 1418 patiatur.
463 1337 506 1395 ne
523 1353 599 1410 quarn
618 1341 759 1411 episeopus
777 1339 856 1396 lixit:
874 1340 965 1411 piures
982 1343 1077 1396 erimus
1095 1347 1123 1398 ct
1139 1357 1191 1397 nen
1209 1341 1271 1398 ccli.
1305 1337 1339 1396 Bt

236 1439 237 1442 ’
304 1444 367 1501 idec
384 1441 481 1497 nullum
506 1438 569 1494 nali
587 1440 744 1510 suspicionis
766 1439 914 1511 scrupulum
933 1441 959 1495 tin
978 1440 1068 1512 aliqum
1088 1445 1187 1513 peterit
1203 1443 1336 1515 gennad.

304 1543 446 1600 Venientes
464 1542 553 1610 itaque
570 1537 604 1592 ni
622 1553 735 1593 nensaun
753 1541 893 1611 episeopus
911 1545 938 1596 et
954 1539 1002 1595 ilia
1019 1554 1052 1596 eu
1070 1543 1194 1613 eppesitc
1210 1541 1340 1598 cenede-

305 1648 366 1699 runt
386 1641 499 1695 caeteris
520 1636 697 1693 residentibus
724 1637 784 1693 ltine
808 1644 836 1695 et
857 1637 928 1696 inde
980 1639 1094 1698 Intendit
1117 1644 1144 1696 in
1169 1655 1227 1697 earu
1245 1639 1338 1697 erelrre

304 1745 445 1815 episeopus
463 1740 572 1810 ejusque
591 1736 683 1793 lacten
701 1753 753 1794 nen
769 1737 867 1794 desinit
882 1741 976 1796 intueri
1002 1747 1028 1797 et
1052 1740 1269 1814 pulchritudinem
1291 1739 1338 1796 eu-

304 1843 404 1899 mirari.
438 1840 533 1910 sieque
550 1837 609 1893 aun
627 1838 718 1894 cenius
737 1839 843 1913 igitur,
862 1839 962 1897 enim
981 1844 1128 1908 saucietur,
1148 1848 1183 1896 et
1201 1839 1262 1895 riu·
1280 1843 1337 1912 ejus

305 1943 398 1999 leeiem
416 1953 467 1996 nea
486 1938 583 1994 ussine
600 1941 708 2005 intueri,
744 1939 868 2010 antiquus
890 1937 975 1996 lucetis
1000 1955 1046 1996 cer
1070 1943 1129 2013 ejus
1145 1940 1224 2014 gravi
1247 1938 1339 2012 jaculo

305 2043 460 2099 vulneravit.
510 2037 651 2110 Perpendit
678 2035 726 2093 luce
752 2041 812 2110 ipse
835 2037 963 2110 dyabolus
985 2044 1012 2094 et
1028 2037 1246 2110 pulchritudinem
1265 2053 1337 2095 sueta

303 2145 391 2214 eceptt
409 2141 494 2212 nugis
510 2153 542 2194 ae
560 2141 645 2210 negiu
663 2153 761 2212 aegere
774 2140 883 2211 leuique
901 2140 1041 2212 episeopus
1053 2131 1192 2214 ‘proximus
1208 2144 1338 2196 eratcerr-

305 2243 410 2307 cearnt,
444 2244 473 2294 ut
491 2251 548 2294 esra
565 2235 598 2293 ule
616 2237 706 2292 illicite
725 2253 806 2309 opere
824 2242 981 2307 attentaret,
1011 2238 1116 2312 quaele
1130 2238 1339 2311 possibilitas„

306 2341 423 2408 cilensi,
441 2343 504 2394 tune
520 2329 609 2392 subite
627 2337 898 2410 quidanperegrinur
914 2341 986 2394 renit
1004 2338 1040 2394 erl
1056 2340 1150 2394 ostien
1167 2337 1268 2394 crebris
1280 2341 1338 2394 teti-

306 2439 356 2494 irus
374 2439 483 2510 pulsans
508 2443 535 2494 et
553 2439 656 2509 magnis
674 2435 831 2492 elancribus
851 2436 988 2508 postulans
1006 2437 1059 2493 ribi
1077 2439 1190 2509 aperiri,
1227 2453 1338 2510 cunque

306 2542 411 2610 uperire
434 2538 534 2594 nollent
558 2541 585 2592 et
601 2535 647 2592 tile
664 2537 766 2609 rnagnie
785 2535 943 2592 clamoribus
961 2541 988 2594 et
1003 2536 1098 2593 letibus
1116 2539 1192 2593 ninia
1210 2541 1244 2594 its
1263 2538 1340 2594 lieret

304 2642 477 2709 inportunus,
494 2639 642 2710 interroget
657 2641 798 2708 episeopus
814 2637 956 2704 mulierem,
974 2637 997 2693 ri
1016 2640 1162 2710 ingressum
1180 2637 1338 2709 iiliusperc·

305 2739 375 2812 grint
393 2735 505 2793 nonnis
521 2735 691 2808 acceptaret?
739 2735 788 2792 (iul
811 2735 859 2792 illa
882 2735 963 2792 linit:
998 2742 1162 2810 properatur
1178 2737 1230 2792 silui
1248 2737 1339 2810 eliqua

306 2841 428 2910 quietio
446 2840 553 2910 gructa,
589 2837 708 2909 quamsi
727 2835 982 2904 succenserent,
1011 2837 1179 2906 eulnittetur,
1210 2839 1234 2892 si
1251 2845 1338 2895 auten

302 2938 444 3004 nescierit,
478 2943 608 3008 unquam
633 2938 730 2991 inseite
754 2941 781 2990 et
798 2935 921 3010 indignus
940 2935 975 2991 ab
992 2939 1110 3008 episcopi
1127 2941 1281 3008 praeseutia
1295 2955 1338 2994 re-

307 3037 427 3108 pelletur.
456 3034 555 3092 Parent
571 3039 630 3110 cjer
647 3050 736 3092 onnes
755 3038 900 3092 sententiae
917 3042 945 3092 ct
960 3037 1020 3109 quis
1038 3035 1171 3092 euitetens
1190 3037 1338 3093 essetlnanc

267 3173 268 3176 η
306 3138 485 3209 qumticaear
508 3149 657 3208 preponere
679 3137 853 3191 sciscitantur.
906 3135 1021 3208 curaque
1049 3133 1136 3192 nnius
1166 3138 1336 3200 inveniretur,

303 3237 444 3308 epiecopus
462 3235 543 3290 dixit:
562 3237 621 3308 quis
637 3236 704 3289 euin
721 3239 837 3290 ncrtrurn
855 3233 890 3291 al
907 3235 957 3293 lnce
973 3241 1026 3290 tan
1043 3235 1176 3292 eumeleus
1189 3240 1241 3305 est,
1259 3251 1336 3311 quan

304 3350 352 3390 ucs
371 3350 387 3389 e
405 3333 526 3402 denies,
561 3347 631 3407 quac
651 3338 773 3389 caeteros
790 3350 839 3389 ncs
855 3339 882 3390 et
900 3334 1052 3407 eloquentia
1069 3335 1228 3406 praeceditis
1247 3343 1275 3394 ct
1292 3352 1337 3393 sa-

304 3437 404 3507 pientia
421 3430 499 3489 nelis
517 3431 636 3489 unctius
653 3433 764 3504 anplius
781 3432 906 3491 meleti.
943 3431 999 3492 lice
1015 3436 1098 3508 igitur
1112 3432 1179 3492 hene
1196 3439 1338 3510 preposite

280 3601 282 3606 k
304 3537 492 3607 quecuenenu.
518 3533 593 3590 'lece
608 3531 657 3588 lile
673 3529 753 3586 linit:
771 3533 958 3606 interrogetur,
977 3534 1046 3608 queri
1057 3541 1099 3590 est
1112 3537 1337 3606 nujusnuiralrile,

305 3632 376 3706 quud
393 3633 462 3689 Deus
480 3647 592 3705 erpere
612 3634 639 3686 in
658 3645 742 3703 parra
759 3647 789 3687 re
806 3631 907 3688 iecerit.
941 3631 1121 3707 iuterrogatus
1140 3633 1172 3691 uie
1192 3634 1242 3691 nee
1259 3650 1338 3708 pere

304 3736 397 3806 grirus
413 3746 462 3805 per
477 3735 593 3788 nuntium
612 3731 694 3786 linit:
712 3730 864 3787 ‘diversitas
881 3738 908 3788 ct
923 3731 1080 3788 excellentis
1097 3732 1236 3790 lecturum:
1269 3739 1339 3792 inter

304 3837 345 3887 tet
362 3835 428 3888 enirn
447 3830 573 3896 hemines,
592 3832 637 3904 qui
656 3829 760 3885 luerunt
777 3831 811 3885 eb
829 3833 905 3886 tuttic
924 3831 1011 3887 nundi
1028 3839 1056 3888 et
1073 3847 1158 3906 usque
1174 3835 1285 3891 inice!
1297 3837 1339 3892 lu-

303 3933 355 3987 turi
374 3936 450 3998 runt,
475 3929 527 3986 lue
545 3931 655 4002 reperiri
674 3945 726 3985 nen
745 3938 870 4003 peccent,
900 3947 1007 4004 quorun
1028 3932 1110 3990 iacies
1128 3949 1178 4005 per
1195 3937 1282 3990 carnia
1301 3937 1339 3990 ri·

305 4029 380 4086 rutiles
391 4033 443 4086 siut
454 4031 481 4102 ⁸)
500 4029 542 4086 rei
560 4035 658 4097 essent,
677 4036 704 4088 et
721 4031 747 4086 ie
765 4032 825 4102 ipsa
847 4045 951 4103 queque
968 4035 1021 4086 iens
1039 4033 1145 4088 neieina
1163 4032 1230 4090 lucie
1248 4049 1340 4092 curce

305 4143 400 4187 serim
414 4131 534 4202 corperis
550 4129 621 4186 lietu
644 4129 793 4185 eeliceerit.
840 4128 985 4187 audientes
1002 4145 1092 4188 cunci
1110 4133 1168 4204 ejus
1186 4136 1340 4206 responsiu-

358 4368 380 4422 Ι)
392 4367 433 4412 tul
446 4367 516 4414 trine.
528 4365 625 4413 torturae
637 4367 732 4414 reetiuar
751 4368 826 4414 uclc.
903 4368 926 4422 2>
944 4369 985 4414 td.
998 4375 1031 4415 Pr.
1044 4368 1110 4423 leuitt
1128 4367 1302 4426 perveniret
1316 4390 1340 4408 -

206 4421 211 4430 ⁴
306 4441 468 4494 peteretur.
542 4435 1179 4490 strenam!suouetaurcniumrreeeutiusu
