<?xml version="1.0" encoding="UTF-8"?>
<!DOCTYPE html PUBLIC "-//W3C//DTD XHTML 1.0 Transitional//EN"
    "http://www.w3.org/TR/xhtml1/DTD/xhtml1-transitional.dtd">
<html xmlns="http://www.w3.org/1999/xhtml" xml:lang="en" lang="en">
 <head>
  <title>
</title>
<meta http-equiv="Content-Type" content="text/html;charset=utf-8" />
  <meta name='ocr-system' content='tesseract 3.04.00' />
  <meta name='ocr-capabilities' content='ocr_page ocr_carea ocr_par ocr_line ocrx_word'/>
</head>
<body>
  <div class='ocr_page' id='page_1' title='image "./jacobiavoragine00jacogoog_0303.png"; bbox 0 0 2866 5310; ppageno 0'>
   <div class='ocr_carea' id='block_1_1' title="bbox 347 467 1212 549">
    <p class='ocr_par' dir='ltr' id='par_1_1' title="bbox 347 467 1212 549">
     <span class='ocr_line' id='line_1_1' title="bbox 347 467 1212 549; baseline 0.003 -21"><span class='ocrx_word' id='word_1_1' title='bbox 347 467 407 528; x_wconf 80' lang='lat'>282</span> <span class='ocrx_word' id='word_1_2' title='bbox 525 469 597 549; x_wconf 86' lang='lat' dir='ltr'>Cap.</span> <span class='ocrx_word' id='word_1_3' title='bbox 620 469 723 530; x_wconf 83' lang='lat' dir='ltr'>thtt.</span> <span class='ocrx_word' id='word_1_4' title='bbox 752 471 811 544; x_wconf 16' lang='lat' dir='ltr'>&#39;Dc</span> <span class='ocrx_word' id='word_1_5' title='bbox 838 481 937 531; x_wconf 87' lang='lat' dir='ltr'>sancto</span> <span class='ocrx_word' id='word_1_6' title='bbox 965 471 1052 531; x_wconf 85' lang='lat' dir='ltr'>Petro</span> <span class='ocrx_word' id='word_1_7' title='bbox 1082 475 1212 532; x_wconf 84' lang='lat' dir='ltr'>martire.</span> 
     </span>
    </p>
   </div>
   <div class='ocr_carea' id='block_1_2' title="bbox 331 627 1421 4495">
    <p class='ocr_par' dir='ltr' id='par_1_2' title="bbox 331 627 1421 4495">
     <span class='ocr_line' id='line_1_2' title="bbox 344 627 1376 701; baseline 0.002 -19"><span class='ocrx_word' id='word_1_8' title='bbox 344 641 400 682; x_wconf 81' lang='lat' dir='ltr'>cunr</span> <span class='ocrx_word' id='word_1_9' title='bbox 427 628 486 698; x_wconf 88' lang='lat' dir='ltr'>ipso</span> <span class='ocrx_word' id='word_1_10' title='bbox 511 633 572 681; x_wconf 87' lang='lat' dir='ltr'>tunc</span> <span class='ocrx_word' id='word_1_11' title='bbox 596 632 750 698; x_wconf 70' lang='lat' dir='ltr'>quartanam</span> <span class='ocrx_word' id='word_1_12' title='bbox 771 634 908 700; x_wconf 84' lang='lat' dir='ltr'>pateretur</span> <span class='ocrx_word' id='word_1_13' title='bbox 932 636 958 686; x_wconf 89' lang='lat' dir='ltr'>ot</span> <span class='ocrx_word' id='word_1_14' title='bbox 983 630 1049 684; x_wconf 79' lang='lat' dir='ltr'>socii</span> <span class='ocrx_word' id='word_1_15' title='bbox 1073 627 1212 696; x_wconf 82' lang='lat' dir='ltr'>dicerent,</span> <span class='ocrx_word' id='word_1_16' title='bbox 1239 628 1310 701; x_wconf 93' lang='lat' dir='ltr'>quod</span> <span class='ocrx_word' id='word_1_17' title='bbox 1333 645 1376 684; x_wconf 85' lang='lat' dir='ltr'>um</span> 
     </span>
     <span class='ocr_line' id='line_1_3' title="bbox 344 725 1421 800; baseline 0.003 -20"><span class='ocrx_word' id='word_1_18' title='bbox 344 733 455 798; x_wconf 86' lang='lat' dir='ltr'>possent</span> <span class='ocrx_word' id='word_1_19' title='bbox 472 725 650 783; x_wconf 77' lang='lat' dir='ltr'>Mediolanum</span> <span class='ocrx_word' id='word_1_20' title='bbox 667 727 817 800; x_wconf 79' lang='lat' dir='ltr'>applicare,</span> <span class='ocrx_word' id='word_1_21' title='bbox 837 728 883 784; x_wconf 91' lang='lat' dir='ltr'>illc</span> <span class='ocrx_word' id='word_1_22' title='bbox 903 729 1053 800; x_wconf 71' lang='lat' dir='ltr'>respondite</span> <span class='ocrx_word' id='word_1_23' title='bbox 1072 731 1098 784; x_wconf 86' lang='lat' dir='ltr'>oi</span> <span class='ocrx_word' id='word_1_24' title='bbox 1116 743 1170 783; x_wconf 85' lang='lat' dir='ltr'>aon</span> <span class='ocrx_word' id='word_1_25' title='bbox 1190 731 1335 799; x_wconf 81' lang='lat' dir='ltr'>poterimus</span> <span class='ocrx_word' id='word_1_26' title='bbox 1350 728 1377 783; x_wconf 83' lang='lat' dir='ltr'>ad</span> <span class='ocrx_word' id='word_1_27' title='bbox 1420 757 1421 764; x_wconf 23' lang='grc' dir='ltr'><strong>κ</strong></span> 
     </span>
     <span class='ocr_line' id='line_1_4' title="bbox 344 826 1377 899; baseline 0.002 -19"><span class='ocrx_word' id='word_1_28' title='bbox 344 827 447 881; x_wconf 82' lang='lat' dir='ltr'>domum</span> <span class='ocrx_word' id='word_1_29' title='bbox 470 826 579 880; x_wconf 77' lang='lat' dir='ltr'>fratrum</span> <span class='ocrx_word' id='word_1_30' title='bbox 603 829 756 896; x_wconf 84' lang='lat' dir='ltr'>peruenire,</span> <span class='ocrx_word' id='word_1_31' title='bbox 782 827 853 899; x_wconf 88' lang='lat' dir='ltr'>apud</span> <span class='ocrx_word' id='word_1_32' title='bbox 878 835 996 884; x_wconf 77' lang='lat' dir='ltr'>sarrmun</span> <span class='ocrx_word' id='word_1_33' title='bbox 1021 827 1222 899; x_wconf 74' lang='lat' dir='ltr'>simplicianum</span> <span class='ocrx_word' id='word_1_34' title='bbox 1242 829 1377 898; x_wconf 78' lang='lat' dir='ltr'>poterium</span> 
     </span>
     <span class='ocr_line' id='line_1_5' title="bbox 343 924 1376 998; baseline -0.002 -17"><span class='ocrx_word' id='word_1_35' title='bbox 343 926 481 997; x_wconf 84' lang='lat' dir='ltr'>hospitari.</span> <span class='ocrx_word' id='word_1_36' title='bbox 518 924 593 989; x_wconf 81' lang='lat' dir='ltr'>Quot</span> <span class='ocrx_word' id='word_1_37' title='bbox 610 933 637 982; x_wconf 90' lang='lat' dir='ltr'>et</span> <span class='ocrx_word' id='word_1_38' title='bbox 655 925 751 981; x_wconf 85' lang='lat' dir='ltr'>fantum</span> <span class='ocrx_word' id='word_1_39' title='bbox 769 933 818 982; x_wconf 86' lang='lat' dir='ltr'>ost.</span> <span class='ocrx_word' id='word_1_40' title='bbox 851 925 916 982; x_wconf 82' lang='lat' dir='ltr'>Nam</span> <span class='ocrx_word' id='word_1_41' title='bbox 940 944 997 982; x_wconf 83' lang='lat' dir='ltr'>curu</span> <span class='ocrx_word' id='word_1_42' title='bbox 1021 943 1125 982; x_wconf 81' lang='lat' dir='ltr'>sacrum</span> <span class='ocrx_word' id='word_1_43' title='bbox 1145 928 1205 998; x_wconf 84' lang='lat' dir='ltr'>ojus</span> <span class='ocrx_word' id='word_1_44' title='bbox 1223 941 1322 998; x_wconf 81' lang='lat' dir='ltr'>corpus</span> <span class='ocrx_word' id='word_1_45' title='bbox 1337 925 1376 980; x_wconf 88' lang='lat' dir='ltr'>dr·</span> 
     </span>
     <span class='ocr_line' id='line_1_6' title="bbox 343 1025 1377 1099; baseline -0.001 -19"><span class='ocrx_word' id='word_1_46' title='bbox 343 1027 471 1092; x_wconf 86' lang='lat' dir='ltr'>ferretur,</span> <span class='ocrx_word' id='word_1_47' title='bbox 499 1026 596 1080; x_wconf 86' lang='lat' dir='ltr'>fratros</span> <span class='ocrx_word' id='word_1_48' title='bbox 620 1034 730 1095; x_wconf 86' lang='lat' dir='ltr'>propter</span> <span class='ocrx_word' id='word_1_49' title='bbox 746 1028 850 1081; x_wconf 82' lang='lat' dir='ltr'>niniam</span> <span class='ocrx_word' id='word_1_50' title='bbox 869 1028 961 1098; x_wconf 90' lang='lat' dir='ltr'>populi</span> <span class='ocrx_word' id='word_1_51' title='bbox 981 1025 1152 1099; x_wconf 74' lang='lat' dir='ltr'>frequentiam</span> <span class='ocrx_word' id='word_1_52' title='bbox 1172 1043 1228 1080; x_wconf 87' lang='lat' dir='ltr'>uon</span> <span class='ocrx_word' id='word_1_53' title='bbox 1245 1031 1377 1096; x_wconf 80' lang='lat' dir='ltr'>potueruut</span> 
     </span>
     <span class='ocr_line' id='line_1_7' title="bbox 341 1124 1375 1198; baseline -0.001 -20"><span class='ocrx_word' id='word_1_54' title='bbox 341 1125 407 1180; x_wconf 89' lang='lat' dir='ltr'>illud</span> <span class='ocrx_word' id='word_1_55' title='bbox 426 1124 517 1180; x_wconf 87' lang='lat' dir='ltr'>cadem</span> <span class='ocrx_word' id='word_1_56' title='bbox 536 1125 578 1179; x_wconf 93' lang='lat' dir='ltr'>dic</span> <span class='ocrx_word' id='word_1_57' title='bbox 597 1124 630 1179; x_wconf 82' lang='lat' dir='ltr'>ad</span> <span class='ocrx_word' id='word_1_58' title='bbox 648 1124 749 1179; x_wconf 82' lang='lat' dir='ltr'>donnum</span> <span class='ocrx_word' id='word_1_59' title='bbox 766 1125 915 1193; x_wconf 77' lang='lat' dir='ltr'>deducere,</span> <span class='ocrx_word' id='word_1_60' title='bbox 941 1127 989 1182; x_wconf 84' lang='lat' dir='ltr'>sed</span> <span class='ocrx_word' id='word_1_61' title='bbox 1007 1127 1078 1198; x_wconf 86' lang='lat' dir='ltr'>apud</span> <span class='ocrx_word' id='word_1_62' title='bbox 1095 1134 1217 1181; x_wconf 78' lang='lat' dir='ltr'>sanctum</span> <span class='ocrx_word' id='word_1_63' title='bbox 1235 1125 1375 1195; x_wconf 68' lang='lat' dir='ltr'>sinplicit-</span> 
     </span>
     <span class='ocr_line' id='line_1_8' title="bbox 341 1223 1374 1297; baseline -0.001 -19"><span class='ocrx_word' id='word_1_64' title='bbox 341 1240 401 1278; x_wconf 84' lang='lat' dir='ltr'>uum</span> <span class='ocrx_word' id='word_1_65' title='bbox 424 1224 603 1294; x_wconf 86' lang='lat' dir='ltr'>dcposuernnt</span> <span class='ocrx_word' id='word_1_66' title='bbox 627 1230 654 1280; x_wconf 86' lang='lat' dir='ltr'>ct</span> <span class='ocrx_word' id='word_1_67' title='bbox 679 1223 777 1279; x_wconf 81' lang='lat' dir='ltr'>ilrldcm</span> <span class='ocrx_word' id='word_1_68' title='bbox 805 1240 838 1280; x_wconf 91' lang='lat' dir='ltr'>ca</span> <span class='ocrx_word' id='word_1_69' title='bbox 860 1233 937 1282; x_wconf 83' lang='lat' dir='ltr'>nocte</span> <span class='ocrx_word' id='word_1_70' title='bbox 963 1229 1115 1297; x_wconf 83' lang='lat' dir='ltr'>permansit.</span> <span class='ocrx_word' id='word_1_71' title='bbox 1149 1225 1253 1280; x_wconf 85' lang='lat' dir='ltr'>Ductor</span> <span class='ocrx_word' id='word_1_72' title='bbox 1285 1226 1311 1278; x_wconf 87' lang='lat' dir='ltr'>iu</span> <span class='ocrx_word' id='word_1_73' title='bbox 1340 1239 1374 1289; x_wconf 84' lang='lat' dir='ltr'>co,</span> 
     </span>
     <span class='ocr_line' id='line_1_9' title="bbox 340 1321 1373 1396; baseline -0.002 -18"><span class='ocrx_word' id='word_1_74' title='bbox 340 1323 523 1396; x_wconf 85' lang='lat' dir='ltr'>quodetiam,</span> <span class='ocrx_word' id='word_1_75' title='bbox 548 1337 606 1378; x_wconf 85' lang='lat' dir='ltr'>uam</span> <span class='ocrx_word' id='word_1_76' title='bbox 630 1330 779 1394; x_wconf 84' lang='lat' dir='ltr'>pateretur,</span> <span class='ocrx_word' id='word_1_77' title='bbox 805 1322 880 1380; x_wconf 83' lang='lat' dir='ltr'>iidem</span> <span class='ocrx_word' id='word_1_78' title='bbox 905 1341 993 1380; x_wconf 81' lang='lat' dir='ltr'>ueram</span> <span class='ocrx_word' id='word_1_79' title='bbox 1011 1325 1133 1392; x_wconf 85' lang='lat' dir='ltr'>edocuit,</span> <span class='ocrx_word' id='word_1_80' title='bbox 1157 1325 1221 1379; x_wconf 85' lang='lat' dir='ltr'>duur</span> <span class='ocrx_word' id='word_1_81' title='bbox 1239 1321 1373 1394; x_wconf 62' lang='lat' dir='ltr'>mmbolu</span> 
     </span>
     <span class='ocr_line' id='line_1_10' title="bbox 341 1405 1373 1497; baseline 0 -21"><span class='ocrx_word' id='word_1_82' title='bbox 341 1422 403 1478; x_wconf 84' lang='lat' dir='ltr'>ddcl</span> <span class='ocrx_word' id='word_1_83' title='bbox 419 1423 492 1478; x_wconf 85' lang='lat' dir='ltr'>clara</span> <span class='ocrx_word' id='word_1_84' title='bbox 511 1437 574 1478; x_wconf 84' lang='lat' dir='ltr'>uoce</span> <span class='ocrx_word' id='word_1_85' title='bbox 592 1424 695 1478; x_wconf 85' lang='lat' dir='ltr'>cecinit.</span> <span class='ocrx_word' id='word_1_86' title='bbox 729 1405 811 1497; x_wconf 76' lang='lat' dir='ltr'>(iujos</span> <span class='ocrx_word' id='word_1_87' title='bbox 829 1439 935 1496; x_wconf 86' lang='lat' dir='ltr'>quoquc</span> <span class='ocrx_word' id='word_1_88' title='bbox 953 1428 1044 1496; x_wconf 86' lang='lat' dir='ltr'>passio</span> <span class='ocrx_word' id='word_1_89' title='bbox 1064 1425 1219 1480; x_wconf 79' lang='lat' dir='ltr'>veneranda</span> <span class='ocrx_word' id='word_1_90' title='bbox 1237 1424 1373 1478; x_wconf 80' lang='lat' dir='ltr'>dominicae</span> 
     </span>
     <span class='ocr_line' id='line_1_11' title="bbox 339 1521 1372 1594; baseline 0 -17"><span class='ocrx_word' id='word_1_91' title='bbox 339 1523 458 1592; x_wconf 80' lang='lat' dir='ltr'>passioni</span> <span class='ocrx_word' id='word_1_92' title='bbox 485 1521 579 1577; x_wconf 81' lang='lat' dir='ltr'>similis</span> <span class='ocrx_word' id='word_1_93' title='bbox 606 1521 712 1578; x_wconf 86' lang='lat' dir='ltr'>multum</span> <span class='ocrx_word' id='word_1_94' title='bbox 739 1523 822 1578; x_wconf 78' lang='lat' dir='ltr'>finisse</span> <span class='ocrx_word' id='word_1_95' title='bbox 843 1523 956 1580; x_wconf 86' lang='lat' dir='ltr'>uidetur.</span> <span class='ocrx_word' id='word_1_96' title='bbox 993 1524 1113 1580; x_wconf 78' lang='lat' dir='ltr'>Christus</span> <span class='ocrx_word' id='word_1_97' title='bbox 1134 1527 1203 1579; x_wconf 87' lang='lat' dir='ltr'>enirn</span> <span class='ocrx_word' id='word_1_98' title='bbox 1223 1538 1320 1594; x_wconf 79' lang='lat' dir='ltr'>passus</span> <span class='ocrx_word' id='word_1_99' title='bbox 1339 1527 1372 1577; x_wconf 77' lang='lat' dir='ltr'>cst</span> 
     </span>
     <span class='ocr_line' id='line_1_12' title="bbox 339 1622 1371 1695; baseline 0 -19"><span class='ocrx_word' id='word_1_100' title='bbox 339 1637 388 1692; x_wconf 90' lang='lat' dir='ltr'>pro</span> <span class='ocrx_word' id='word_1_101' title='bbox 415 1623 540 1689; x_wconf 80' lang='lat' dir='ltr'>ueritate,</span> <span class='ocrx_word' id='word_1_102' title='bbox 568 1638 645 1694; x_wconf 86' lang='lat' dir='ltr'>quam</span> <span class='ocrx_word' id='word_1_103' title='bbox 670 1622 857 1694; x_wconf 81' lang='lat' dir='ltr'>praedicabat,</span> <span class='ocrx_word' id='word_1_104' title='bbox 884 1623 979 1680; x_wconf 79' lang='lat' dir='ltr'>Petrus</span> <span class='ocrx_word' id='word_1_105' title='bbox 998 1640 1047 1695; x_wconf 89' lang='lat' dir='ltr'>pro</span> <span class='ocrx_word' id='word_1_106' title='bbox 1068 1625 1181 1680; x_wconf 83' lang='lat' dir='ltr'>acritate</span> <span class='ocrx_word' id='word_1_107' title='bbox 1200 1623 1280 1690; x_wconf 79' lang='lat' dir='ltr'>ndei,</span> <span class='ocrx_word' id='word_1_108' title='bbox 1305 1637 1371 1694; x_wconf 80' lang='lat' dir='ltr'>qm</span> 
     </span>
     <span class='ocr_line' id='line_1_13' title="bbox 339 1719 1369 1796; baseline 0.003 -21"><span class='ocrx_word' id='word_1_109' title='bbox 339 1720 514 1789; x_wconf 82' lang='lat' dir='ltr'>defendebat,</span> <span class='ocrx_word' id='word_1_110' title='bbox 534 1720 654 1777; x_wconf 81' lang='lat' dir='ltr'>Christus</span> <span class='ocrx_word' id='word_1_111' title='bbox 671 1737 766 1792; x_wconf 79' lang='lat' dir='ltr'>pascuo</span> <span class='ocrx_word' id='word_1_112' title='bbox 784 1731 827 1778; x_wconf 87' lang='lat' dir='ltr'>cst</span> <span class='ocrx_word' id='word_1_113' title='bbox 843 1722 876 1778; x_wconf 81' lang='lat' dir='ltr'>aiu</span> <span class='ocrx_word' id='word_1_114' title='bbox 896 1723 996 1780; x_wconf 87' lang='lat' dir='ltr'>inideti</span> <span class='ocrx_word' id='word_1_115' title='bbox 1014 1723 1113 1796; x_wconf 92' lang='lat' dir='ltr'>populo</span> <span class='ocrx_word' id='word_1_116' title='bbox 1129 1722 1307 1787; x_wconf 75' lang='lat' dir='ltr'>ludaeorum,</span> <span class='ocrx_word' id='word_1_117' title='bbox 1327 1719 1369 1778; x_wconf 75' lang='lat' dir='ltr'>l’e</span> 
     </span>
     <span class='ocr_line' id='line_1_14' title="bbox 337 1819 1370 1902; baseline -0.002 -26"><span class='ocrx_word' id='word_1_118' title='bbox 337 1828 395 1876; x_wconf 72' lang='lat' dir='ltr'>uns</span> <span class='ocrx_word' id='word_1_119' title='bbox 413 1820 447 1874; x_wconf 83' lang='lat' dir='ltr'>alu</span> <span class='ocrx_word' id='word_1_120' title='bbox 466 1819 564 1875; x_wconf 83' lang='lat' dir='ltr'>nriidell</span> <span class='ocrx_word' id='word_1_121' title='bbox 587 1822 677 1877; x_wconf 86' lang='lat' dir='ltr'>turba</span> <span class='ocrx_word' id='word_1_122' title='bbox 689 1821 896 1890; x_wconf 85' lang='lat' dir='ltr'>haereticorum,</span> <span class='ocrx_word' id='word_1_123' title='bbox 921 1823 1042 1880; x_wconf 76' lang='lat' dir='ltr'>Gloriatur</span> <span class='ocrx_word' id='word_1_124' title='bbox 1067 1827 1094 1878; x_wconf 89' lang='lat' dir='ltr'>ia</span> <span class='ocrx_word' id='word_1_125' title='bbox 1118 1821 1242 1902; x_wconf 74' lang='lat' dir='ltr'>paschali</span> <span class='ocrx_word' id='word_1_126' title='bbox 1261 1828 1370 1892; x_wconf 80' lang='lat' dir='ltr'>tempore</span> 
     </span>
     <span class='ocr_line' id='line_1_15' title="bbox 338 1915 1368 1996; baseline 0.002 -22"><span class='ocrx_word' id='word_1_127' title='bbox 338 1919 508 1993; x_wconf 79' lang='lat' dir='ltr'>crucifigitur,</span> <span class='ocrx_word' id='word_1_128' title='bbox 525 1920 619 1978; x_wconf 81' lang='lat' dir='ltr'>Petrus</span> <span class='ocrx_word' id='word_1_129' title='bbox 638 1922 729 1977; x_wconf 82' lang='lat' dir='ltr'>codena</span> <span class='ocrx_word' id='word_1_130' title='bbox 747 1915 865 1992; x_wconf 86' lang='lat' dir='ltr'>ternpore</span> <span class='ocrx_word' id='word_1_131' title='bbox 884 1926 1032 1994; x_wconf 75' lang='lat' dir='ltr'>martyrium</span> <span class='ocrx_word' id='word_1_132' title='bbox 1053 1926 1162 1996; x_wconf 85' lang='lat' dir='ltr'>patitur,</span> <span class='ocrx_word' id='word_1_133' title='bbox 1182 1921 1305 1978; x_wconf 79' lang='lat' dir='ltr'>Christus</span> <span class='ocrx_word' id='word_1_134' title='bbox 1321 1936 1368 1976; x_wconf 81' lang='lat' dir='ltr'>ou</span> 
     </span>
     <span class='ocr_line' id='line_1_16' title="bbox 337 2020 1368 2094; baseline 0.003 -22"><span class='ocrx_word' id='word_1_135' title='bbox 337 2025 489 2090; x_wconf 84' lang='lat' dir='ltr'>patoretur:</span> <span class='ocrx_word' id='word_1_136' title='bbox 514 2023 541 2074; x_wconf 88' lang='lat' dir='ltr'>in</span> <span class='ocrx_word' id='word_1_137' title='bbox 559 2037 650 2077; x_wconf 86' lang='lat' dir='ltr'>manus</span> <span class='ocrx_word' id='word_1_138' title='bbox 669 2027 744 2088; x_wconf 75' lang='lat' dir='ltr'>tuam,</span> <span class='ocrx_word' id='word_1_139' title='bbox 769 2021 887 2089; x_wconf 86' lang='lat' dir='ltr'>dominc,</span> <span class='ocrx_word' id='word_1_140' title='bbox 905 2023 1057 2078; x_wconf 84' lang='lat' dir='ltr'>commendo</span> <span class='ocrx_word' id='word_1_141' title='bbox 1073 2026 1195 2094; x_wconf 81' lang='lat' dir='ltr'>spiritura</span> <span class='ocrx_word' id='word_1_142' title='bbox 1213 2037 1314 2087; x_wconf 82' lang='lat' dir='ltr'>meum,</span> <span class='ocrx_word' id='word_1_143' title='bbox 1336 2020 1368 2075; x_wconf 94' lang='lat' dir='ltr'>di-</span> 
     </span>
     <span class='ocr_line' id='line_1_17' title="bbox 337 2119 1368 2189; baseline -0.002 -14"><span class='ocrx_word' id='word_1_144' title='bbox 337 2120 430 2187; x_wconf 85' lang='lat' dir='ltr'>cetat,</span> <span class='ocrx_word' id='word_1_145' title='bbox 450 2119 543 2176; x_wconf 83' lang='lat' dir='ltr'>Petrus</span> <span class='ocrx_word' id='word_1_146' title='bbox 562 2136 618 2175; x_wconf 87' lang='lat' dir='ltr'>cunr</span> <span class='ocrx_word' id='word_1_147' title='bbox 638 2121 816 2188; x_wconf 87' lang='lat' dir='ltr'>occideretur,</span> <span class='ocrx_word' id='word_1_148' title='bbox 839 2122 922 2177; x_wconf 82' lang='lat' dir='ltr'>acrba</span> <span class='ocrx_word' id='word_1_149' title='bbox 947 2123 1039 2178; x_wconf 88' lang='lat' dir='ltr'>cadem</span> <span class='ocrx_word' id='word_1_150' title='bbox 1061 2121 1234 2189; x_wconf 81' lang='lat' dir='ltr'>clamitabat,</span> <span class='ocrx_word' id='word_1_151' title='bbox 1257 2121 1368 2177; x_wconf 80' lang='lat' dir='ltr'>ctruur</span> 
     </span>
     <span class='ocr_line' id='line_1_18' title="bbox 337 2215 1367 2294; baseline -0.001 -20"><span class='ocrx_word' id='word_1_152' title='bbox 337 2236 386 2290; x_wconf 89' lang='lat' dir='ltr'>pro</span> <span class='ocrx_word' id='word_1_153' title='bbox 409 2221 519 2294; x_wconf 81' lang='lat' dir='ltr'>triginta</span> <span class='ocrx_word' id='word_1_154' title='bbox 545 2219 662 2276; x_wconf 86' lang='lat' dir='ltr'>denariis</span> <span class='ocrx_word' id='word_1_155' title='bbox 685 2221 798 2278; x_wconf 82' lang='lat' dir='ltr'>traditus</span> <span class='ocrx_word' id='word_1_156' title='bbox 823 2223 889 2291; x_wconf 87' lang='lat' dir='ltr'>fuit,</span> <span class='ocrx_word' id='word_1_157' title='bbox 915 2229 945 2277; x_wconf 90' lang='lat' dir='ltr'>ut</span> <span class='ocrx_word' id='word_1_158' title='bbox 969 2215 1183 2293; x_wconf 80' lang='lat' dir='ltr'>crucifigeretur,</span> <span class='ocrx_word' id='word_1_159' title='bbox 1208 2219 1303 2276; x_wconf 81' lang='lat' dir='ltr'>l&#39;ctrus</span> <span class='ocrx_word' id='word_1_160' title='bbox 1328 2235 1367 2289; x_wconf 88' lang='lat' dir='ltr'>pru</span> 
     </span>
     <span class='ocr_line' id='line_1_19' title="bbox 337 2317 1368 2392; baseline -0.002 -18"><span class='ocrx_word' id='word_1_161' title='bbox 337 2318 514 2392; x_wconf 80' lang='lat' dir='ltr'>quadraginta</span> <span class='ocrx_word' id='word_1_162' title='bbox 530 2320 607 2375; x_wconf 88' lang='lat' dir='ltr'>libris</span> <span class='ocrx_word' id='word_1_163' title='bbox 624 2319 799 2392; x_wconf 83' lang='lat' dir='ltr'>Pupiensibns</span> <span class='ocrx_word' id='word_1_164' title='bbox 813 2322 863 2377; x_wconf 87' lang='lat' dir='ltr'>fuit</span> <span class='ocrx_word' id='word_1_165' title='bbox 877 2321 1007 2389; x_wconf 78' lang='lat' dir='ltr'>venditus,</span> <span class='ocrx_word' id='word_1_166' title='bbox 1023 2327 1053 2377; x_wconf 88' lang='lat' dir='ltr'>ut</span> <span class='ocrx_word' id='word_1_167' title='bbox 1066 2317 1275 2387; x_wconf 77' lang='lat' dir='ltr'>interficeretur,</span> <span class='ocrx_word' id='word_1_168' title='bbox 1302 2318 1368 2373; x_wconf 80' lang='lat' dir='ltr'>Chri-</span> 
     </span>
     <span class='ocr_line' id='line_1_20' title="bbox 336 2419 1366 2492; baseline -0.001 -17"><span class='ocrx_word' id='word_1_169' title='bbox 336 2428 394 2475; x_wconf 83' lang='lat' dir='ltr'>stus</span> <span class='ocrx_word' id='word_1_170' title='bbox 414 2421 628 2492; x_wconf 74' lang='lat' dir='ltr'>perpessionem</span> <span class='ocrx_word' id='word_1_171' title='bbox 649 2437 722 2476; x_wconf 86' lang='lat' dir='ltr'>suam</span> <span class='ocrx_word' id='word_1_172' title='bbox 741 2423 835 2477; x_wconf 85' lang='lat' dir='ltr'>maltos</span> <span class='ocrx_word' id='word_1_173' title='bbox 853 2422 887 2477; x_wconf 91' lang='lat' dir='ltr'>ad</span> <span class='ocrx_word' id='word_1_174' title='bbox 906 2421 981 2477; x_wconf 83' lang='lat' dir='ltr'>iidem</span> <span class='ocrx_word' id='word_1_175' title='bbox 997 2419 1116 2486; x_wconf 78' lang='lat' dir='ltr'>adduxit,</span> <span class='ocrx_word' id='word_1_176' title='bbox 1133 2419 1230 2475; x_wconf 81' lang='lat' dir='ltr'>Petrus</span> <span class='ocrx_word' id='word_1_177' title='bbox 1249 2433 1366 2490; x_wconf 80' lang='lat' dir='ltr'>pernar-</span> 
     </span>
     <span class='ocr_line' id='line_1_21' title="bbox 335 2519 1369 2592; baseline -0.002 -18"><span class='ocrx_word' id='word_1_178' title='bbox 335 2521 424 2574; x_wconf 88' lang='lat' dir='ltr'>tirium</span> <span class='ocrx_word' id='word_1_179' title='bbox 448 2519 597 2575; x_wconf 75' lang='lat' dir='ltr'>haeredium</span> <span class='ocrx_word' id='word_1_180' title='bbox 616 2520 711 2575; x_wconf 88' lang='lat' dir='ltr'>multos</span> <span class='ocrx_word' id='word_1_181' title='bbox 729 2524 868 2577; x_wconf 82' lang='lat' dir='ltr'>conuertit.</span> <span class='ocrx_word' id='word_1_182' title='bbox 903 2522 1027 2585; x_wconf 78' lang='lat' dir='ltr'>Quamuis</span> <span class='ocrx_word' id='word_1_183' title='bbox 1045 2522 1112 2576; x_wconf 85' lang='lat' dir='ltr'>euim</span> <span class='ocrx_word' id='word_1_184' title='bbox 1134 2522 1264 2592; x_wconf 78' lang='lat' dir='ltr'>egregius</span> <span class='ocrx_word' id='word_1_185' title='bbox 1286 2519 1369 2574; x_wconf 88' lang='lat' dir='ltr'>doctor</span> 
     </span>
     <span class='ocr_line' id='line_1_22' title="bbox 336 2617 1367 2693; baseline -0.001 -19"><span class='ocrx_word' id='word_1_186' title='bbox 336 2625 364 2674; x_wconf 90' lang='lat' dir='ltr'>ct</span> <span class='ocrx_word' id='word_1_187' title='bbox 381 2617 441 2674; x_wconf 88' lang='lat' dir='ltr'>iidci</span> <span class='ocrx_word' id='word_1_188' title='bbox 458 2619 534 2692; x_wconf 77' lang='lat' dir='ltr'>pugil</span> <span class='ocrx_word' id='word_1_189' title='bbox 551 2619 742 2675; x_wconf 83' lang='lat' dir='ltr'>haereticorum</span> <span class='ocrx_word' id='word_1_190' title='bbox 760 2621 857 2693; x_wconf 80' lang='lat' dir='ltr'>dogma</span> <span class='ocrx_word' id='word_1_191' title='bbox 874 2621 1027 2692; x_wconf 81' lang='lat' dir='ltr'>pestiferunt</span> <span class='ocrx_word' id='word_1_192' title='bbox 1052 2622 1079 2674; x_wconf 86' lang='lat' dir='ltr'>in</span> <span class='ocrx_word' id='word_1_193' title='bbox 1096 2621 1151 2674; x_wconf 83' lang='lat' dir='ltr'>uita</span> <span class='ocrx_word' id='word_1_194' title='bbox 1169 2635 1220 2674; x_wconf 81' lang='lat' dir='ltr'>sua</span> <span class='ocrx_word' id='word_1_195' title='bbox 1240 2620 1367 2689; x_wconf 78' lang='lat' dir='ltr'>plurimun</span> 
     </span>
     <span class='ocr_line' id='line_1_23' title="bbox 336 2718 1367 2792; baseline -0.002 -19"><span class='ocrx_word' id='word_1_196' title='bbox 336 2718 525 2782; x_wconf 75' lang='lat' dir='ltr'>eradicaverit,</span> <span class='ocrx_word' id='word_1_197' title='bbox 544 2728 606 2792; x_wconf 87' lang='lat' dir='ltr'>post</span> <span class='ocrx_word' id='word_1_198' title='bbox 629 2727 737 2777; x_wconf 85' lang='lat' dir='ltr'>mortona</span> <span class='ocrx_word' id='word_1_199' title='bbox 755 2727 841 2777; x_wconf 84' lang='lat' dir='ltr'>tamen</span> <span class='ocrx_word' id='word_1_200' title='bbox 859 2735 932 2776; x_wconf 88' lang='lat' dir='ltr'>suam</span> <span class='ocrx_word' id='word_1_201' title='bbox 950 2722 1009 2792; x_wconf 87' lang='lat' dir='ltr'>ojus</span> <span class='ocrx_word' id='word_1_202' title='bbox 1025 2722 1125 2776; x_wconf 78' lang='lat' dir='ltr'>noritis</span> <span class='ocrx_word' id='word_1_203' title='bbox 1136 2718 1367 2776; x_wconf 77' lang='lat' dir='ltr'>ctooruscantthru</span> 
     </span>
     <span class='ocr_line' id='line_1_24' title="bbox 336 2819 1365 2892; baseline -0.002 -20"><span class='ocrx_word' id='word_1_204' title='bbox 336 2819 469 2874; x_wconf 85' lang='lat' dir='ltr'>miraculis</span> <span class='ocrx_word' id='word_1_205' title='bbox 477 2819 601 2875; x_wconf 88' lang='lat' dir='ltr'>fuitadeo</span> <span class='ocrx_word' id='word_1_206' title='bbox 610 2823 792 2892; x_wconf 80' lang='lat' dir='ltr'>exstirpatum,</span> <span class='ocrx_word' id='word_1_207' title='bbox 804 2827 915 2891; x_wconf 88' lang='lat' dir='ltr'>utquam</span> <span class='ocrx_word' id='word_1_208' title='bbox 923 2821 1145 2891; x_wconf 73' lang='lat' dir='ltr'>plurinlcrrorotu</span> <span class='ocrx_word' id='word_1_209' title='bbox 1156 2833 1233 2874; x_wconf 84' lang='lat' dir='ltr'>sunm</span> <span class='ocrx_word' id='word_1_210' title='bbox 1243 2819 1365 2889; x_wconf 82' lang='lat' dir='ltr'>relinque-</span> 
     </span>
     <span class='ocr_line' id='line_1_25' title="bbox 337 2917 1366 2992; baseline -0.001 -19"><span class='ocrx_word' id='word_1_211' title='bbox 337 2919 602 2992; x_wconf 80' lang='lat' dir='ltr'>rontotudgromlum</span> <span class='ocrx_word' id='word_1_212' title='bbox 611 2926 718 2976; x_wconf 88' lang='lat' dir='ltr'>sanctae</span> <span class='ocrx_word' id='word_1_213' title='bbox 732 2919 861 2976; x_wconf 83' lang='lat' dir='ltr'>ecclesiae</span> <span class='ocrx_word' id='word_1_214' title='bbox 876 2919 1055 2986; x_wconf 75' lang='lat' dir='ltr'>convolarent,</span> <span class='ocrx_word' id='word_1_215' title='bbox 1074 2921 1112 2974; x_wconf 75' lang='lat' dir='ltr'>lta</span> <span class='ocrx_word' id='word_1_216' title='bbox 1123 2925 1152 2973; x_wconf 87' lang='lat' dir='ltr'>at</span> <span class='ocrx_word' id='word_1_217' title='bbox 1164 2921 1262 2974; x_wconf 82' lang='lat' dir='ltr'>civitas</span> <span class='ocrx_word' id='word_1_218' title='bbox 1270 2917 1366 2974; x_wconf 77' lang='lat' dir='ltr'>lolrdio-</span> 
     </span>
     <span class='ocr_line' id='line_1_26' title="bbox 335 3018 1367 3091; baseline -0.003 -16"><span class='ocrx_word' id='word_1_219' title='bbox 335 3021 422 3076; x_wconf 85' lang='lat' dir='ltr'>larum</span> <span class='ocrx_word' id='word_1_220' title='bbox 441 3026 470 3076; x_wconf 84' lang='lat' dir='ltr'>ct</span> <span class='ocrx_word' id='word_1_221' title='bbox 487 3021 624 3076; x_wconf 86' lang='lat' dir='ltr'>comitatus</span> <span class='ocrx_word' id='word_1_222' title='bbox 641 3019 774 3091; x_wconf 84' lang='lat' dir='ltr'>cjusdom,</span> <span class='ocrx_word' id='word_1_223' title='bbox 800 3019 846 3074; x_wconf 86' lang='lat' dir='ltr'>ubl</span> <span class='ocrx_word' id='word_1_224' title='bbox 863 3025 903 3076; x_wconf 91' lang='lat' dir='ltr'>tot</span> <span class='ocrx_word' id='word_1_225' title='bbox 920 3018 1113 3075; x_wconf 71' lang='lat' dir='ltr'>torrendorum</span> <span class='ocrx_word' id='word_1_226' title='bbox 1131 3018 1319 3074; x_wconf 79' lang='lat' dir='ltr'>conventicula</span> <span class='ocrx_word' id='word_1_227' title='bbox 1333 3034 1367 3072; x_wconf 91' lang='lat' dir='ltr'>rc·</span> 
     </span>
     <span class='ocr_line' id='line_1_27' title="bbox 334 3117 1369 3192; baseline -0.004 -15"><span class='ocrx_word' id='word_1_228' title='bbox 334 3121 467 3190; x_wconf 84' lang='lat' dir='ltr'>sidebant,</span> <span class='ocrx_word' id='word_1_229' title='bbox 487 3121 554 3176; x_wconf 88' lang='lat' dir='ltr'>adeo</span> <span class='ocrx_word' id='word_1_230' title='bbox 571 3125 686 3192; x_wconf 79' lang='lat' dir='ltr'>purgata</span> <span class='ocrx_word' id='word_1_231' title='bbox 703 3127 752 3187; x_wconf 81' lang='lat' dir='ltr'>eut,</span> <span class='ocrx_word' id='word_1_232' title='bbox 770 3125 799 3174; x_wconf 89' lang='lat' dir='ltr'>ut</span> <span class='ocrx_word' id='word_1_233' title='bbox 816 3119 877 3174; x_wconf 80' lang='lat' dir='ltr'>aliis</span> <span class='ocrx_word' id='word_1_234' title='bbox 894 3118 1021 3190; x_wconf 82' lang='lat' dir='ltr'>exemplis</span> <span class='ocrx_word' id='word_1_235' title='bbox 1041 3125 1067 3174; x_wconf 88' lang='lat' dir='ltr'>ct</span> <span class='ocrx_word' id='word_1_236' title='bbox 1083 3119 1144 3174; x_wconf 87' lang='lat' dir='ltr'>aliis</span> <span class='ocrx_word' id='word_1_237' title='bbox 1162 3118 1197 3174; x_wconf 79' lang='lat' dir='ltr'>ad</span> <span class='ocrx_word' id='word_1_238' title='bbox 1216 3117 1295 3174; x_wconf 81' lang='lat' dir='ltr'>idern</span> <span class='ocrx_word' id='word_1_239' title='bbox 1314 3135 1369 3174; x_wconf 87' lang='lat' dir='ltr'>cor·</span> 
     </span>
     <span class='ocr_line' id='line_1_28' title="bbox 334 3216 1369 3292; baseline -0.006 -14"><span class='ocrx_word' id='word_1_240' title='bbox 334 3223 421 3278; x_wconf 79' lang='lat' dir='ltr'>uerois</span> <span class='ocrx_word' id='word_1_241' title='bbox 444 3221 532 3276; x_wconf 83' lang='lat' dir='ltr'>nullm</span> <span class='ocrx_word' id='word_1_242' title='bbox 556 3219 654 3275; x_wconf 86' lang='lat' dir='ltr'>ibidem</span> <span class='ocrx_word' id='word_1_243' title='bbox 678 3217 789 3276; x_wconf 83' lang='lat' dir='ltr'>auderet</span> <span class='ocrx_word' id='word_1_244' title='bbox 812 3219 964 3292; x_wconf 75' lang='lat' dir='ltr'>aliqualiter</span> <span class='ocrx_word' id='word_1_245' title='bbox 983 3233 1145 3290; x_wconf 84' lang='lat' dir='ltr'>comparere.</span> <span class='ocrx_word' id='word_1_246' title='bbox 1180 3216 1276 3274; x_wconf 78' lang='lat' dir='ltr'>Plures</span> <span class='ocrx_word' id='word_1_247' title='bbox 1296 3220 1369 3274; x_wconf 80' lang='lat' dir='ltr'>etiarn</span> 
     </span>
     <span class='ocr_line' id='line_1_29' title="bbox 334 3317 1370 3390; baseline -0.007 -13"><span class='ocrx_word' id='word_1_248' title='bbox 334 3321 368 3379; x_wconf 88' lang='lat' dir='ltr'>dc</span> <span class='ocrx_word' id='word_1_249' title='bbox 391 3323 424 3376; x_wconf 87' lang='lat' dir='ltr'>lio</span> <span class='ocrx_word' id='word_1_250' title='bbox 446 3321 551 3376; x_wconf 77' lang='lat' dir='ltr'>maximi</span> <span class='ocrx_word' id='word_1_251' title='bbox 575 3327 603 3376; x_wconf 89' lang='lat' dir='ltr'>et</span> <span class='ocrx_word' id='word_1_252' title='bbox 619 3320 715 3375; x_wconf 84' lang='lat' dir='ltr'>famosi</span> <span class='ocrx_word' id='word_1_253' title='bbox 732 3319 932 3390; x_wconf 84' lang='lat' dir='ltr'>praedicatores</span> <span class='ocrx_word' id='word_1_254' title='bbox 951 3320 1068 3375; x_wconf 82' lang='lat' dir='ltr'>ordinem</span> <span class='ocrx_word' id='word_1_255' title='bbox 1092 3319 1306 3390; x_wconf 68' lang='lat' dir='ltr'>snotingensi,</span> <span class='ocrx_word' id='word_1_256' title='bbox 1331 3317 1370 3390; x_wconf 86' lang='lat' dir='ltr'>qui</span> 
     </span>
     <span class='ocr_line' id='line_1_30' title="bbox 334 3415 1370 3494; baseline -0.006 -16"><span class='ocrx_word' id='word_1_257' title='bbox 334 3438 418 3494; x_wconf 80' lang='lat' dir='ltr'>usqne</span> <span class='ocrx_word' id='word_1_258' title='bbox 441 3437 508 3478; x_wconf 87' lang='lat' dir='ltr'>nuuc</span> <span class='ocrx_word' id='word_1_259' title='bbox 532 3426 640 3476; x_wconf 78' lang='lat' dir='ltr'>cunctos</span> <span class='ocrx_word' id='word_1_260' title='bbox 663 3419 813 3475; x_wconf 76' lang='lat' dir='ltr'>hacreticus</span> <span class='ocrx_word' id='word_1_261' title='bbox 839 3428 866 3474; x_wconf 89' lang='lat' dir='ltr'>ct</span> <span class='ocrx_word' id='word_1_262' title='bbox 888 3420 1008 3475; x_wconf 86' lang='lat' dir='ltr'>fautores</span> <span class='ocrx_word' id='word_1_263' title='bbox 1027 3419 1132 3474; x_wconf 85' lang='lat' dir='ltr'>feruore</span> <span class='ocrx_word' id='word_1_264' title='bbox 1148 3415 1266 3472; x_wconf 82' lang='lat' dir='ltr'>mirabili</span> <span class='ocrx_word' id='word_1_265' title='bbox 1283 3432 1370 3488; x_wconf 83' lang='lat' dir='ltr'>perse·</span> 
     </span>
     <span class='ocr_line' id='line_1_31' title="bbox 334 3517 1371 3594; baseline -0.005 -17"><span class='ocrx_word' id='word_1_266' title='bbox 334 3529 454 3594; x_wconf 87' lang='lat' dir='ltr'>quuutur.</span> <span class='ocrx_word' id='word_1_267' title='bbox 489 3520 534 3576; x_wconf 85' lang='lat' dir='ltr'>Sic</span> <span class='ocrx_word' id='word_1_268' title='bbox 558 3526 649 3576; x_wconf 85' lang='lat' dir='ltr'>noster</span> <span class='ocrx_word' id='word_1_269' title='bbox 673 3519 784 3575; x_wconf 84' lang='lat' dir='ltr'>Samson</span> <span class='ocrx_word' id='word_1_270' title='bbox 808 3519 898 3589; x_wconf 83' lang='lat' dir='ltr'>plurcs</span> <span class='ocrx_word' id='word_1_271' title='bbox 916 3518 1077 3574; x_wconf 86' lang='lat' dir='ltr'>Philistueos</span> <span class='ocrx_word' id='word_1_272' title='bbox 1096 3517 1231 3573; x_wconf 85' lang='lat' dir='ltr'>interfecit</span> <span class='ocrx_word' id='word_1_273' title='bbox 1248 3519 1371 3580; x_wconf 74' lang='lat' dir='ltr'>nortem,</span> 
     </span>
     <span class='ocr_line' id='line_1_32' title="bbox 333 3617 1372 3694; baseline -0.006 -18"><span class='ocrx_word' id='word_1_274' title='bbox 333 3637 409 3694; x_wconf 87' lang='lat' dir='ltr'>quam</span> <span class='ocrx_word' id='word_1_275' title='bbox 427 3621 560 3676; x_wconf 81' lang='lat' dir='ltr'>occideret</span> <span class='ocrx_word' id='word_1_276' title='bbox 577 3622 679 3676; x_wconf 75' lang='lat' dir='ltr'>ducas.</span> <span class='ocrx_word' id='word_1_277' title='bbox 715 3619 761 3674; x_wconf 87' lang='lat' dir='ltr'>Sic</span> <span class='ocrx_word' id='word_1_278' title='bbox 787 3634 896 3690; x_wconf 81' lang='lat' dir='ltr'>granum</span> <span class='ocrx_word' id='word_1_279' title='bbox 915 3617 1037 3674; x_wconf 86' lang='lat' dir='ltr'>frameati</span> <span class='ocrx_word' id='word_1_280' title='bbox 1059 3617 1156 3674; x_wconf 81' lang='lat' dir='ltr'>cadem</span> <span class='ocrx_word' id='word_1_281' title='bbox 1180 3619 1208 3671; x_wconf 88' lang='lat' dir='ltr'>iu</span> <span class='ocrx_word' id='word_1_282' title='bbox 1230 3622 1332 3672; x_wconf 79' lang='lat' dir='ltr'>term</span> <span class='ocrx_word' id='word_1_283' title='bbox 1348 3621 1372 3671; x_wconf 85' lang='lat' dir='ltr'>ct</span> 
     </span>
     <span class='ocr_line' id='line_1_33' title="bbox 332 3715 1371 3791; baseline -0.007 -14"><span class='ocrx_word' id='word_1_284' title='bbox 332 3722 472 3777; x_wconf 80' lang='lat' dir='ltr'>infidelium</span> <span class='ocrx_word' id='word_1_285' title='bbox 492 3720 611 3776; x_wconf 80' lang='lat' dir='ltr'>manibus</span> <span class='ocrx_word' id='word_1_286' title='bbox 629 3718 845 3791; x_wconf 82' lang='lat' dir='ltr'>comprehensum</span> <span class='ocrx_word' id='word_1_287' title='bbox 870 3725 897 3774; x_wconf 84' lang='lat' dir='ltr'>ct</span> <span class='ocrx_word' id='word_1_288' title='bbox 918 3725 1046 3773; x_wconf 84' lang='lat' dir='ltr'>mortuum</span> <span class='ocrx_word' id='word_1_289' title='bbox 1068 3715 1174 3772; x_wconf 76' lang='lat' dir='ltr'>ulcerent</span> <span class='ocrx_word' id='word_1_290' title='bbox 1192 3718 1371 3789; x_wconf 80' lang='lat' dir='ltr'>consurgitin</span> 
     </span>
     <span class='ocr_line' id='line_1_34' title="bbox 332 3815 1371 3894; baseline -0.005 -17"><span class='ocrx_word' id='word_1_291' title='bbox 332 3826 449 3894; x_wconf 79' lang='lat' dir='ltr'>spicum,</span> <span class='ocrx_word' id='word_1_292' title='bbox 476 3823 515 3876; x_wconf 87' lang='lat' dir='ltr'>sic</span> <span class='ocrx_word' id='word_1_293' title='bbox 534 3820 627 3876; x_wconf 85' lang='lat' dir='ltr'>botrus</span> <span class='ocrx_word' id='word_1_294' title='bbox 652 3822 677 3874; x_wconf 89' lang='lat' dir='ltr'>to</span> <span class='ocrx_word' id='word_1_295' title='bbox 707 3818 836 3874; x_wconf 85' lang='lat' dir='ltr'>torculari</span> <span class='ocrx_word' id='word_1_296' title='bbox 862 3817 979 3873; x_wconf 80' lang='lat' dir='ltr'>calcatur</span> <span class='ocrx_word' id='word_1_297' title='bbox 1003 3817 1115 3889; x_wconf 72' lang='lat' dir='ltr'>liquoris</span> <span class='ocrx_word' id='word_1_298' title='bbox 1132 3815 1264 3872; x_wconf 77' lang='lat' dir='ltr'>redundat</span> <span class='ocrx_word' id='word_1_299' title='bbox 1281 3820 1310 3872; x_wconf 87' lang='lat' dir='ltr'>tn</span> <span class='ocrx_word' id='word_1_300' title='bbox 1328 3833 1371 3872; x_wconf 91' lang='lat' dir='ltr'>oo·</span> 
     </span>
     <span class='ocr_line' id='line_1_35' title="bbox 331 3914 1373 3993; baseline -0.004 -18"><span class='ocrx_word' id='word_1_301' title='bbox 331 3925 417 3993; x_wconf 82' lang='lat' dir='ltr'>pianr,</span> <span class='ocrx_word' id='word_1_302' title='bbox 443 3923 483 3976; x_wconf 84' lang='lat' dir='ltr'>aio</span> <span class='ocrx_word' id='word_1_303' title='bbox 501 3928 620 3976; x_wconf 84' lang='lat' dir='ltr'>aromata</span> <span class='ocrx_word' id='word_1_304' title='bbox 637 3919 693 3992; x_wconf 90' lang='lat' dir='ltr'>pilo</span> <span class='ocrx_word' id='word_1_305' title='bbox 711 3929 822 3975; x_wconf 87' lang='lat' dir='ltr'>contusa</span> <span class='ocrx_word' id='word_1_306' title='bbox 839 3918 946 3974; x_wconf 87' lang='lat' dir='ltr'>odorem</span> <span class='ocrx_word' id='word_1_307' title='bbox 964 3918 1067 3988; x_wconf 85' lang='lat' dir='ltr'>plenius</span> <span class='ocrx_word' id='word_1_308' title='bbox 1084 3914 1312 3983; x_wconf 84' lang='lat' dir='ltr'>circumfundunt,</span> <span class='ocrx_word' id='word_1_309' title='bbox 1335 3918 1373 3971; x_wconf 87' lang='lat' dir='ltr'>sio</span> 
     </span>
     <span class='ocr_line' id='line_1_36' title="bbox 331 4016 1372 4096; baseline -0.005 -20"><span class='ocrx_word' id='word_1_310' title='bbox 331 4037 441 4096; x_wconf 83' lang='lat' dir='ltr'>granum</span> <span class='ocrx_word' id='word_1_311' title='bbox 468 4023 570 4092; x_wconf 81' lang='lat' dir='ltr'>sinapis</span> <span class='ocrx_word' id='word_1_312' title='bbox 593 4021 731 4076; x_wconf 85' lang='lat' dir='ltr'>contritum</span> <span class='ocrx_word' id='word_1_313' title='bbox 749 4021 867 4075; x_wconf 83' lang='lat' dir='ltr'>uirtutem</span> <span class='ocrx_word' id='word_1_314' title='bbox 885 4033 959 4077; x_wconf 79' lang='lat' dir='ltr'>suam</span> <span class='ocrx_word' id='word_1_315' title='bbox 976 4016 1158 4088; x_wconf 68' lang='lat' dir='ltr'>multipliciter</span> <span class='ocrx_word' id='word_1_316' title='bbox 1174 4016 1372 4071; x_wconf 81' lang='lat' dir='ltr'>demonstrarit</span> 
     </span>
     <span class='ocr_line' id='line_1_37' title="bbox 331 4115 1370 4192; baseline -0.009 -13"><span class='ocrx_word' id='word_1_317' title='bbox 331 4155 365 4164; x_wconf 89' lang='lat'>-</span> <span class='ocrx_word' id='word_1_318' title='bbox 381 4153 414 4165; x_wconf 92' lang='lat'>-</span> <span class='ocrx_word' id='word_1_319' title='bbox 431 4153 466 4165; x_wconf 90' lang='lat'>-</span> <span class='ocrx_word' id='word_1_320' title='bbox 486 4125 521 4181; x_wconf 71' lang='grc' dir='ltr'>ὅ.</span> <span class='ocrx_word' id='word_1_321' title='bbox 538 4121 603 4177; x_wconf 85' lang='lat' dir='ltr'>Post</span> <span class='ocrx_word' id='word_1_322' title='bbox 621 4121 706 4176; x_wconf 83' lang='lat' dir='ltr'>sancti</span> <span class='ocrx_word' id='word_1_323' title='bbox 730 4122 781 4175; x_wconf 83' lang='lat' dir='ltr'>utri</span> <span class='ocrx_word' id='word_1_324' title='bbox 798 4119 944 4192; x_wconf 80' lang='lat' dir='ltr'>gloriosum</span> <span class='ocrx_word' id='word_1_325' title='bbox 965 4115 1123 4188; x_wconf 82' lang='lat' dir='ltr'>triumphum</span> <span class='ocrx_word' id='word_1_326' title='bbox 1141 4115 1230 4171; x_wconf 82' lang='lat' dir='ltr'>multis</span> <span class='ocrx_word' id='word_1_327' title='bbox 1247 4132 1306 4172; x_wconf 85' lang='lat' dir='ltr'>curu</span> <span class='ocrx_word' id='word_1_328' title='bbox 1324 4115 1370 4170; x_wconf 78' lang='lat' dir='ltr'>do</span> 
     </span>
     <span class='ocr_line' id='line_1_38' title="bbox 331 4215 1374 4292; baseline -0.008 -14"><span class='ocrx_word' id='word_1_329' title='bbox 331 4225 415 4278; x_wconf 81' lang='lat' dir='ltr'>ninus</span> <span class='ocrx_word' id='word_1_330' title='bbox 432 4222 565 4277; x_wconf 82' lang='lat' dir='ltr'>miraculis</span> <span class='ocrx_word' id='word_1_331' title='bbox 583 4220 734 4288; x_wconf 81' lang='lat' dir='ltr'>illustrauit,</span> <span class='ocrx_word' id='word_1_332' title='bbox 753 4235 862 4292; x_wconf 87' lang='lat' dir='ltr'>quorum</span> <span class='ocrx_word' id='word_1_333' title='bbox 881 4217 1011 4289; x_wconf 83' lang='lat' dir='ltr'>qnacdum</span> <span class='ocrx_word' id='word_1_334' title='bbox 1030 4231 1144 4271; x_wconf 81' lang='lat' dir='ltr'>summus</span> <span class='ocrx_word' id='word_1_335' title='bbox 1161 4216 1281 4287; x_wconf 78' lang='lat' dir='ltr'>pontifex</span> <span class='ocrx_word' id='word_1_336' title='bbox 1292 4215 1374 4272; x_wconf 87' lang='lat' dir='ltr'>refert</span> 
     </span>
     <span class='ocr_line' id='line_1_39' title="bbox 331 4314 1372 4394; baseline -0.006 -18"><span class='ocrx_word' id='word_1_337' title='bbox 331 4323 436 4378; x_wconf 80' lang='lat' dir='ltr'>diceus:</span> <span class='ocrx_word' id='word_1_338' title='bbox 454 4328 516 4394; x_wconf 90' lang='lat' dir='ltr'>post</span> <span class='ocrx_word' id='word_1_339' title='bbox 533 4327 641 4377; x_wconf 87' lang='lat' dir='ltr'>mortem</span> <span class='ocrx_word' id='word_1_340' title='bbox 657 4322 742 4392; x_wconf 84' lang='lat' dir='ltr'>ipsius</span> <span class='ocrx_word' id='word_1_341' title='bbox 761 4319 897 4391; x_wconf 83' lang='lat' dir='ltr'>lampados</span> <span class='ocrx_word' id='word_1_342' title='bbox 915 4317 950 4374; x_wconf 92' lang='lat' dir='ltr'>ad</span> <span class='ocrx_word' id='word_1_343' title='bbox 968 4315 1133 4390; x_wconf 83' lang='lat' dir='ltr'>scpulclrrunr</span> <span class='ocrx_word' id='word_1_344' title='bbox 1147 4316 1206 4387; x_wconf 76' lang='lat' dir='ltr'>rjus</span> <span class='ocrx_word' id='word_1_345' title='bbox 1221 4314 1372 4388; x_wconf 84' lang='lat' dir='ltr'>dependen-</span> 
     </span>
     <span class='ocr_line' id='line_1_40' title="bbox 331 4415 1374 4495; baseline -0.004 -18"><span class='ocrx_word' id='word_1_346' title='bbox 331 4430 372 4479; x_wconf 87' lang='lat' dir='ltr'>tcs</span> <span class='ocrx_word' id='word_1_347' title='bbox 389 4422 490 4495; x_wconf 85' lang='lat' dir='ltr'>plurios</span> <span class='ocrx_word' id='word_1_348' title='bbox 514 4438 561 4495; x_wconf 84' lang='lat' dir='ltr'>per</span> <span class='ocrx_word' id='word_1_349' title='bbox 586 4437 615 4478; x_wconf 85' lang='lat' dir='ltr'>sc</span> <span class='ocrx_word' id='word_1_350' title='bbox 634 4423 709 4494; x_wconf 84' lang='lat' dir='ltr'>ipsac</span> <span class='ocrx_word' id='word_1_351' title='bbox 728 4419 830 4492; x_wconf 82' lang='lat' dir='ltr'>absque</span> <span class='ocrx_word' id='word_1_352' title='bbox 852 4420 921 4476; x_wconf 86' lang='lat' dir='ltr'>omni</span> <span class='ocrx_word' id='word_1_353' title='bbox 945 4416 1058 4475; x_wconf 85' lang='lat' dir='ltr'>lrumuuo</span> <span class='ocrx_word' id='word_1_354' title='bbox 1076 4415 1164 4473; x_wconf 86' lang='lat' dir='ltr'>studio</span> <span class='ocrx_word' id='word_1_355' title='bbox 1182 4421 1210 4473; x_wconf 89' lang='lat' dir='ltr'>ct</span> <span class='ocrx_word' id='word_1_356' title='bbox 1226 4417 1374 4474; x_wconf 71' lang='lat' dir='ltr'>monario</span> 
     </span>
    </p>
   </div>
   <div class='ocr_carea' id='block_1_3' title="bbox 0 0 1438 5310">
    <p class='ocr_par' dir='ltr' id='par_1_3' title="bbox 0 0 1438 5310">
     <span class='ocr_line' id='line_1_41' title="bbox 0 0 1438 5310; baseline 0 3"><span class='ocrx_word' id='word_1_357' title='bbox 0 0 1438 5310; x_wconf 95' lang='lat' dir='ltr'> </span> 
     </span>
    </p>
   </div>
  </div>
 </body>
</html>
