2842 5286
244 451 246 453 ’
331 464 394 528 tot
548 467 1149 547 cap.xn1x.nenneonenenn0.

330 639 379 696 per
395 621 510 680 uoubru
526 630 554 679 et
574 623 714 695 juncturae
738 624 867 698 dirumpi,
894 625 1012 683 retundo
1036 624 1152 681 iustibuu
1173 623 1267 692 coedi,
1293 625 1366 678 tortio

329 725 414 796 uirgis
431 719 572 794 dugeiiuri,
589 728 682 794 quarm
700 725 727 778 iu
741 726 867 780 cuminum
885 725 995 797 ignitum
1008 725 1113 796 projici,
1131 739 1214 797 equo
1228 739 1277 794 per
1293 737 1366 779 teru-
1418 761 1420 768 .

330 823 405 896 giutu
422 819 524 877 cubitos
543 822 613 892 ignis
634 822 725 876 exient
743 837 791 876 tou
808 821 891 877 nuiiiit
907 821 1084 895 ydolatroruuu
1103 824 1211 890 occidit,
1229 824 1307 896 uirgo
1323 837 1366 878 tu-

329 929 381 978 teru
399 919 495 976 iiiueso
511 922 538 975 iu
557 922 619 993 igne
636 918 723 975 ruodio
740 919 892 977 ambulabat
906 924 956 989 itu,
987 929 1016 976 ut
1034 923 1111 993 quusi
1136 937 1228 978 utrum
1246 921 1366 977 rudiunt.

331 1022 427 1086 Quinto
445 1018 617 1076 candentibus
635 1019 820 1089 perscrutoriis
838 1020 988 1092 perforatur
1012 1028 1039 1076 et
1055 1023 1096 1076 cio
1114 1037 1170 1078 eunt
1187 1022 1306 1076 martiris
1322 1023 1366 1076 tri·

330 1119 411 1193 podio
428 1122 534 1175 transiit
552 1134 600 1189 pur
618 1117 734 1191 gladium
753 1120 788 1176 td
807 1135 937 1176 coronant.
970 1119 1058 1178 Mater
1074 1123 1173 1193 optimu
1191 1119 1305 1176 iiiiurunu
1322 1137 1367 1192 op·

330 1223 450 1276 timorum
477 1217 604 1290 reliquias
624 1233 681 1272 euru
702 1218 790 1274 muitie
809 1220 993 1291 praesentibus
1012 1219 1161 1276 recondidit
1183 1227 1212 1276 et
1229 1235 1311 1291 super
1327 1236 1366 1274 ue-

330 1318 467 1392 pulchrum
483 1331 627 1388 seponunt
643 1315 724 1371 dixit:
742 1316 875 1386 desidero,
889 1317 960 1376 filiae
973 1319 1135 1386 curistiuue,
1151 1317 1289 1373 uobiscum
1304 1333 1367 1374 etue.

331 1419 377 1476 Sic
396 1434 461 1491 ergo
478 1419 506 1472 in
525 1430 592 1488 putee
610 1417 734 1489 uuigrurit
758 1421 784 1473 tt
800 1417 840 1495 vab
861 1416 1028 1473 adstantibus
1051 1417 1157 1488 repulia
1182 1424 1225 1473 est
1243 1432 1303 1472 cun
1327 1432 1366 1472 ct·

330 1519 443 1575 riteinris
459 1515 563 1571 filiabus
580 1521 673 1570 sudu
691 1513 800 1586 Sophia,
820 1531 889 1589 quuc
907 1531 963 1572 curu
981 1515 1087 1589 ubrguia
1099 1531 1180 1588 pastu
1198 1515 1288 1572 iuerut
1305 1514 1368 1570 iiu-

280 1647 282 1654 ·
331 1633 387 1674 ruiu
405 1623 535 1674 tormenta
555 1622 581 1672 et
597 1614 658 1672 ideo
678 1614 738 1688 pius
756 1630 833 1688 quau
851 1617 942 1670 nurtir
959 1613 1017 1671 iuit.
1046 1614 1179 1672 Adrianus
1196 1623 1285 1672 tutent
1302 1621 1369 1671 totu

331 1713 494 1788 putreioctuc
513 1715 639 1772 emarcuit
656 1713 783 1770 confiteor
801 1715 902 1770 tundit
915 1713 966 1770 Dei
983 1715 1081 1788 iujuute
1093 1709 1206 1789 iujuriae
1224 1716 1354 1774 intuliuue·

673 2180 769 2278 tii.
792 2180 903 2277 iiii.
932 2179 1037 2282 (it).

566 2351 642 2421 lie
664 2353 829 2420 saneto
849 2349 1128 2421 Benedieto.

398 2507 557 2567 Benedictus
571 2510 657 2567 dictus
677 2511 777 2567 estrei
796 2513 859 2585 quit
875 2511 957 2568 uruitt
972 2509 1117 2577 benedixit,
1135 2511 1178 2567 rei
1195 2515 1259 2586 quit
1275 2515 1305 2570 in
1322 2513 1372 2569 buc

320 2610 385 2665 ,vitu
400 2609 495 2664 nultus
512 2610 711 2668 benedictiones
735 2610 843 2679 babuit,
872 2610 916 2668 rei
933 2613 996 2684 quit
1013 2625 1103 2666 onnes
1126 2609 1322 2668 benedittini
1338 2611 1373 2668 do

331 2725 381 2778 oo,
408 2708 450 2765 rel
473 2713 536 2780 quit
558 2718 692 2768 aeteruum
714 2713 809 2767 meruit
832 2709 1042 2768 benedictionem
1059 2708 1167 2767 babere.
1209 2709 1275 2784 Ejus
1292 2714 1371 2768 ritu

329 2814 436 2864 cunctus
457 2807 602 2883 Gregorius
622 2813 739 2885 scripsit.

389 2913 414 2967 1.
433 2907 592 2967 Brnedietuu
611 2929 643 2968 ex
661 2911 758 2967 iiurtit
773 2907 914 2982 provincio
927 2915 1000 2965 crint
1025 2925 1081 2965 cunr
1097 2907 1195 2966 Rouue
1212 2907 1370 2966 iiberuiibur

328 3007 423 3064 etudiie
440 3009 553 3066 truditur
571 3017 658 3077 ercet,
677 3012 703 3066 iu
720 3011 780 3082 ipsu
796 3011 838 3066 tui
858 3007 970 3064 iuiuutia
985 3009 1078 3064 literne
1095 3007 1212 3064 descruit
1231 3014 1258 3064 et
1274 3008 1370 3065 deser·

327 3112 382 3162 tutu
397 3114 489 3178 pctore
506 3107 633 3176 decrevit,
650 3125 726 3182 quent
745 3111 835 3165 nutrit
845 3124 903 3176 tut,
923 3107 991 3180 qnae
1005 3123 1062 3163 euru
1071 3110 1211 3164 tenerrime
1226 3107 1369 3181 diligebat,

328 3221 412 3278 utque
431 3208 457 3262 iu
473 3209 602 3281 quondum
619 3207 720 3276 locunt,
745 3211 790 3282 qui
814 3208 910 3266 dieitur
932 3206 1041 3274 beside,
1070 3213 1163 3263 ueoutu
1186 3213 1242 3274 est,
1266 3207 1316 3262 ubi
1335 3207 1369 3263 ud

327 3305 490 3379 purgandum
507 3309 622 3363 triticum
640 3313 729 3362 mutuo
748 3309 916 3380 capisterium
930 3309 1016 3380 petiit,
1034 3305 1084 3362 ted
1101 3321 1181 3378 cuper
1199 3322 1315 3362 uentum
1328 3309 1370 3362 in·

329 3411 406 3461 caute
428 3422 528 3477 ponent
554 3421 611 3462 curu
638 3407 798 3474 corruisset,
832 3408 860 3462 iu
884 3405 987 3462 duobus
1014 3406 1135 3479 partibus
1158 3397 1269 3460 fructum
1291 3405 1368 3460 uidit.

329 3502 410 3566 iiuuru
427 3501 586 3561 Benedictus
610 3504 675 3561 dero
694 3509 860 3579 ooutpioiene
884 3514 974 3580 portet
999 3493 1135 3578 oupirterii
1160 3506 1264 3576 aceepit
1287 3512 1316 3560 et
1335 3505 1368 3560 ab

327 3583 448 3660 oratione
467 3619 580 3678 turgent
604 3606 709 3678 integre
736 3605 877 3662 coiidutunu
902 3608 1009 3663 inuenit.
1049 3603 1217 3662 Postmodum
1240 3607 1370 3660 nutricem

272 3677 282 3694 ⁶
328 3703 432 3759 occulte
447 3702 555 3777 fugient
571 3705 599 3760 iu
617 3703 746 3777 quendum
762 3705 848 3762 iocunu
865 3709 947 3774 uenit,
961 3707 1006 3763 ubi
1021 3704 1107 3760 tribus
1124 3705 1200 3760 unniu
1217 3702 1368 3759 bominibus

327 3803 478 3876 incognitus
495 3806 608 3872 monuit,
636 3811 746 3876 cteepto
771 3804 883 3877 quoduuu
901 3805 1028 3862 monacho
1043 3804 1160 3862 Romano
1176 3805 1295 3868 nomine,
1323 3805 1371 3875 qui

328 3899 381 3958 tibi
398 3901 490 3960 teduie
508 3905 662 3960 ueoetttritt
679 3904 852 3960 ministrabat.
888 3905 951 3961 iiuuu
969 3921 1033 3962 vcro
1050 3902 1085 3959 cd
1099 3918 1204 3975 specu!
1223 3916 1239 3956 a
1256 3900 1369 3957 Rouuuui

327 4003 488 4058 monasterio
508 4003 560 4060 iter
576 4019 630 4060 non
647 4009 733 4070 eueet,
751 4018 844 4075 panon
862 4007 889 4060 iu
905 4003 1061 4079 longissimo
1082 4002 1144 4060 iuue
1161 4000 1263 4076 iigubut
1282 4008 1310 4057 et
1328 4002 1369 4058 eie

328 4117 387 4157 cnut
405 4099 539 4174 deponere
565 4107 746 4159 consueuerat
788 4102 1002 4160 Tintinuubulunr
1027 4105 1105 4161 etiam
1125 4103 1179 4175 ipti
1202 4099 1300 4157 cordte
1325 4103 1368 4156 iu-

327 4201 425 4267 ueruii‚
441 4206 472 4256 ut
489 4200 523 4257 ud
541 4203 599 4276 esu·
615 4201 729 4259 uouitm
746 4203 787 4260 tir
802 4201 853 4260 liei
870 4209 1059 4276 cognosceret,
1077 4199 1181 4275 wando
1199 4199 1252 4256 tibi
1268 4199 1368 4256 iiouue·

327 4314 377 4356 unt
396 4314 489 4372 puueru
506 4302 664 4373 praeberet,
683 4317 758 4375 quen
777 4303 868 4358 exient
888 4305 1029 4374 acciperet.
1063 4301 1116 4358 Sed
1139 4303 1262 4373 tutiquus
1280 4297 1369 4356 boetio

327 4400 404 4455 uruiut
422 4400 526 4456 cunuti
542 4404 569 4458 ct
588 4399 697 4458 ulterius
715 4400 836 4459 inrident
854 4401 993 4459 reiectioui
1009 4399 1125 4472 lapident
1139 4401 1253 4474 iactavit
1270 4406 1299 4458 et
1313 4401 1367 4455 tiu·
