<?xml version="1.0" encoding="UTF-8"?>
<!DOCTYPE html PUBLIC "-//W3C//DTD XHTML 1.0 Transitional//EN"
    "http://www.w3.org/TR/xhtml1/DTD/xhtml1-transitional.dtd">
<html xmlns="http://www.w3.org/1999/xhtml" xml:lang="en" lang="en">
 <head>
  <title>
</title>
<meta http-equiv="Content-Type" content="text/html;charset=utf-8" />
  <meta name='ocr-system' content='tesseract 3.04.00' />
  <meta name='ocr-capabilities' content='ocr_page ocr_carea ocr_par ocr_line ocrx_word'/>
</head>
<body>
  <div class='ocr_page' id='page_1' title='image "./jacobiavoragine00jacogoog_0335.png"; bbox 0 0 2866 5310; ppageno 0'>
   <div class='ocr_carea' id='block_1_1' title="bbox 337 488 1217 574">
    <p class='ocr_par' dir='ltr' id='par_1_1' title="bbox 337 488 1217 574">
     <span class='ocr_line' id='line_1_1' title="bbox 337 488 1217 574; baseline 0.002 -24"><span class='ocrx_word' id='word_1_1' title='bbox 337 488 402 553; x_wconf 76' lang='lat'><strong>314</strong></span> <span class='ocrx_word' id='word_1_2' title='bbox 497 490 570 570; x_wconf 84' lang='lat' dir='ltr'><strong>Cep.</strong></span> <span class='ocrx_word' id='word_1_3' title='bbox 593 489 682 552; x_wconf 80' lang='lat' dir='ltr'><strong>Lxx,</strong></span> <span class='ocrx_word' id='word_1_4' title='bbox 725 491 770 549; x_wconf 87' lang='lat' dir='ltr'><strong>De</strong></span> <span class='ocrx_word' id='word_1_5' title='bbox 800 491 907 552; x_wconf 77' lang='lat' dir='ltr'><strong>letania</strong></span> <span class='ocrx_word' id='word_1_6' title='bbox 928 493 1029 574; x_wconf 78' lang='lat' dir='ltr'><strong>mejeri</strong></span> <span class='ocrx_word' id='word_1_7' title='bbox 1050 501 1080 554; x_wconf 89' lang='lat' dir='ltr'><strong>et</strong></span> <span class='ocrx_word' id='word_1_8' title='bbox 1101 492 1217 552; x_wconf 81' lang='lat' dir='ltr'><strong>minori.</strong></span> 
     </span>
    </p>
   </div>
   <div class='ocr_carea' id='block_1_2' title="bbox 328 648 1420 4542">
    <p class='ocr_par' dir='ltr' id='par_1_2' title="bbox 328 648 1420 4542">
     <span class='ocr_line' id='line_1_2' title="bbox 339 648 1360 723; baseline 0.001 -18"><span class='ocrx_word' id='word_1_9' title='bbox 339 651 458 706; x_wconf 77' lang='lat' dir='ltr'><strong>nocturni</strong></span> <span class='ocrx_word' id='word_1_10' title='bbox 480 651 583 704; x_wconf 88' lang='lat' dir='ltr'><strong>sonitus</strong></span> <span class='ocrx_word' id='word_1_11' title='bbox 611 653 638 704; x_wconf 92' lang='lat' dir='ltr'><strong>et</strong></span> <span class='ocrx_word' id='word_1_12' title='bbox 653 648 782 706; x_wconf 85' lang='lat' dir='ltr'><strong>ednnores</strong></span> <span class='ocrx_word' id='word_1_13' title='bbox 800 665 883 723; x_wconf 81' lang='lat' dir='ltr'><strong>saepe</strong></span> <span class='ocrx_word' id='word_1_14' title='bbox 900 649 1091 718; x_wconf 74' lang='lat' dir='ltr'><strong>audiebantur,</strong></span> <span class='ocrx_word' id='word_1_15' title='bbox 1116 656 1180 706; x_wconf 83' lang='lat' dir='ltr'><strong>tune</strong></span> <span class='ocrx_word' id='word_1_16' title='bbox 1204 651 1282 708; x_wconf 79' lang='lat' dir='ltr'><strong>edon</strong></span> <span class='ocrx_word' id='word_1_17' title='bbox 1302 648 1360 706; x_wconf 84' lang='lat' dir='ltr'><strong>diod</strong></span> 
     </span>
     <span class='ocr_line' id='line_1_3' title="bbox 338 747 1362 825; baseline 0.004 -21"><span class='ocrx_word' id='word_1_18' title='bbox 338 750 456 806; x_wconf 74' lang='lat' dir='ltr'><strong>terribile</strong></span> <span class='ocrx_word' id='word_1_19' title='bbox 474 749 587 818; x_wconf 76' lang='lat' dir='ltr'><strong>residit,</strong></span> <span class='ocrx_word' id='word_1_20' title='bbox 606 751 668 822; x_wconf 84' lang='lat' dir='ltr'><strong>quis</strong></span> <span class='ocrx_word' id='word_1_21' title='bbox 685 751 712 805; x_wconf 91' lang='lat' dir='ltr'><strong>in</strong></span> <span class='ocrx_word' id='word_1_22' title='bbox 730 750 774 807; x_wconf 92' lang='lat' dir='ltr'><strong>die</strong></span> <span class='ocrx_word' id='word_1_23' title='bbox 792 751 908 823; x_wconf 79' lang='lat' dir='ltr'><strong>pesebue</strong></span> <span class='ocrx_word' id='word_1_24' title='bbox 928 754 998 825; x_wconf 77' lang='lat' dir='ltr'><strong>ignis</strong></span> <span class='ocrx_word' id='word_1_25' title='bbox 1016 749 1050 807; x_wconf 90' lang='lat' dir='ltr'><strong>de</strong></span> <span class='ocrx_word' id='word_1_26' title='bbox 1069 747 1148 806; x_wconf 88' lang='lat' dir='ltr'><strong>eoois</strong></span> <span class='ocrx_word' id='word_1_27' title='bbox 1159 748 1362 824; x_wconf 72' lang='lat' dir='ltr'><strong>eseiditetnsgis</strong></span> 
     </span>
     <span class='ocr_line' id='line_1_4' title="bbox 336 835 1362 923; baseline 0.001 -18"><span class='ocrx_word' id='word_1_28' title='bbox 336 835 653 922; x_wconf 77' lang='lat' dir='ltr'><strong>¹putretiornuenerornurit.</strong></span> <span class='ocrx_word' id='word_1_29' title='bbox 669 848 1124 923; x_wconf 76' lang='lat' dir='ltr'><strong>Adiudinsupernirobidiusdebet.</strong></span> <span class='ocrx_word' id='word_1_30' title='bbox 1146 848 1362 906; x_wconf 75' lang='lat' dir='ltr'><strong>securene-dre-</strong></span> 
     </span>
     <span class='ocr_line' id='line_1_5' title="bbox 336 949 1363 1024; baseline 0 -20"><span class='ocrx_word' id='word_1_31' title='bbox 336 965 427 1006; x_wconf 89' lang='lat' dir='ltr'><strong>nones</strong></span> <span class='ocrx_word' id='word_1_32' title='bbox 444 965 541 1024; x_wconf 78' lang='lat' dir='ltr'><strong>nereos</strong></span> <span class='ocrx_word' id='word_1_33' title='bbox 555 949 605 1006; x_wconf 78' lang='lat' dir='ltr'><strong>liei</strong></span> <span class='ocrx_word' id='word_1_34' title='bbox 618 953 792 1022; x_wconf 73' lang='lat' dir='ltr'><strong>permissione</strong></span> <span class='ocrx_word' id='word_1_35' title='bbox 806 952 867 1006; x_wconf 89' lang='lat' dir='ltr'><strong>olirn</strong></span> <span class='ocrx_word' id='word_1_36' title='bbox 886 953 1058 1018; x_wconf 81' lang='lat' dir='ltr'><strong>intraverunt,</strong></span> <span class='ocrx_word' id='word_1_37' title='bbox 1074 954 1114 1006; x_wconf 87' lang='lat' dir='ltr'><strong>sie</strong></span> <span class='ocrx_word' id='word_1_38' title='bbox 1133 951 1308 1023; x_wconf 73' lang='lat' dir='ltr'><strong>permissione</strong></span> <span class='ocrx_word' id='word_1_39' title='bbox 1323 949 1363 1004; x_wconf 74' lang='lat' dir='ltr'><strong>de</strong></span> 
     </span>
     <span class='ocr_line' id='line_1_6' title="bbox 336 1048 1420 1123; baseline -0.001 -17"><span class='ocrx_word' id='word_1_40' title='bbox 336 1053 396 1106; x_wconf 89' lang='lat' dir='ltr'><strong>ruini</strong></span> <span class='ocrx_word' id='word_1_41' title='bbox 412 1056 522 1122; x_wconf 77' lang='lat' dir='ltr'><strong>propter</strong></span> <span class='ocrx_word' id='word_1_42' title='bbox 534 1057 647 1122; x_wconf 79' lang='lat' dir='ltr'><strong>peresis</strong></span> <span class='ocrx_word' id='word_1_43' title='bbox 660 1048 791 1106; x_wconf 85' lang='lat' dir='ltr'><strong>bemineru</strong></span> <span class='ocrx_word' id='word_1_44' title='bbox 805 1052 882 1123; x_wconf 79' lang='lat' dir='ltr'><strong>depos</strong></span> <span class='ocrx_word' id='word_1_45' title='bbox 897 1059 923 1106; x_wconf 89' lang='lat' dir='ltr'><strong>et</strong></span> <span class='ocrx_word' id='word_1_46' title='bbox 937 1051 1005 1106; x_wconf 80' lang='lat' dir='ltr'><strong>alins</strong></span> <span class='ocrx_word' id='word_1_47' title='bbox 1019 1051 1089 1108; x_wconf 81' lang='lat' dir='ltr'><strong>ierus</strong></span> <span class='ocrx_word' id='word_1_48' title='bbox 1101 1051 1276 1106; x_wconf 82' lang='lat' dir='ltr'><strong>irrtrsbeetrt</strong></span> <span class='ocrx_word' id='word_1_49' title='bbox 1291 1050 1364 1106; x_wconf 88' lang='grc' dir='ltr'>ιιΙΙιι</span> <span class='ocrx_word' id='word_1_50' title='bbox 1419 1076 1420 1105; x_wconf 60' lang='grc' dir='ltr'>ι</span> 
     </span>
     <span class='ocr_line' id='line_1_7' title="bbox 338 1149 1365 1223; baseline -0.002 -17"><span class='ocrx_word' id='word_1_51' title='bbox 338 1159 457 1210; x_wconf 77' lang='lat' dir='ltr'><strong>verentes</strong></span> <span class='ocrx_word' id='word_1_52' title='bbox 469 1167 519 1206; x_wconf 88' lang='lat' dir='ltr'><strong>uren</strong></span> <span class='ocrx_word' id='word_1_53' title='bbox 531 1150 615 1206; x_wconf 87' lang='lat' dir='ltr'><strong>solun</strong></span> <span class='ocrx_word' id='word_1_54' title='bbox 635 1166 683 1222; x_wconf 77' lang='lat' dir='ltr'><strong>per</strong></span> <span class='ocrx_word' id='word_1_55' title='bbox 699 1153 755 1206; x_wconf 86' lang='lat' dir='ltr'><strong>vies</strong></span> <span class='ocrx_word' id='word_1_56' title='bbox 772 1151 822 1208; x_wconf 86' lang='lat' dir='ltr'><strong>sed</strong></span> <span class='ocrx_word' id='word_1_57' title='bbox 840 1167 888 1223; x_wconf 78' lang='lat' dir='ltr'><strong>per</strong></span> <span class='ocrx_word' id='word_1_58' title='bbox 907 1153 1041 1208; x_wconf 73' lang='lat' dir='ltr'><strong>diritatem</strong></span> <span class='ocrx_word' id='word_1_59' title='bbox 1057 1149 1164 1222; x_wconf 78' lang='lat' dir='ltr'><strong>postire</strong></span> <span class='ocrx_word' id='word_1_60' title='bbox 1183 1149 1365 1214; x_wconf 72' lang='lat' dir='ltr'><strong>discurrebant</strong></span> 
     </span>
     <span class='ocr_line' id='line_1_8' title="bbox 336 1250 1365 1324; baseline -0.004 -16"><span class='ocrx_word' id='word_1_61' title='bbox 336 1258 362 1308; x_wconf 89' lang='lat' dir='ltr'><strong>et</strong></span> <span class='ocrx_word' id='word_1_62' title='bbox 372 1255 469 1324; x_wconf 78' lang='lat' dir='ltr'><strong>possin</strong></span> <span class='ocrx_word' id='word_1_63' title='bbox 485 1265 582 1322; x_wconf 85' lang='lat' dir='ltr'><strong>pueros</strong></span> <span class='ocrx_word' id='word_1_64' title='bbox 597 1256 623 1307; x_wconf 89' lang='lat' dir='ltr'><strong>et</strong></span> <span class='ocrx_word' id='word_1_65' title='bbox 641 1264 720 1306; x_wconf 86' lang='lat' dir='ltr'><strong>senes</strong></span> <span class='ocrx_word' id='word_1_66' title='bbox 738 1255 810 1306; x_wconf 82' lang='lat' dir='ltr'><strong>uiros</strong></span> <span class='ocrx_word' id='word_1_67' title='bbox 828 1260 855 1309; x_wconf 89' lang='lat' dir='ltr'><strong>et</strong></span> <span class='ocrx_word' id='word_1_68' title='bbox 873 1251 985 1308; x_wconf 81' lang='lat' dir='ltr'><strong>seminus</strong></span> <span class='ocrx_word' id='word_1_69' title='bbox 1004 1250 1177 1308; x_wconf 80' lang='lat' dir='ltr'><strong>deserebant.</strong></span> <span class='ocrx_word' id='word_1_70' title='bbox 1215 1250 1278 1307; x_wconf 82' lang='lat' dir='ltr'><strong>Cure</strong></span> <span class='ocrx_word' id='word_1_71' title='bbox 1296 1253 1365 1322; x_wconf 72' lang='lat' dir='ltr'><strong>igitur</strong></span> 
     </span>
     <span class='ocr_line' id='line_1_9' title="bbox 334 1349 1365 1424; baseline -0.001 -17"><span class='ocrx_word' id='word_1_72' title='bbox 334 1359 386 1408; x_wconf 80' lang='lat' dir='ltr'><strong>tenu</strong></span> <span class='ocrx_word' id='word_1_73' title='bbox 404 1351 525 1407; x_wconf 82' lang='lat' dir='ltr'><strong>deterosi</strong></span> <span class='ocrx_word' id='word_1_74' title='bbox 543 1365 621 1406; x_wconf 84' lang='lat' dir='ltr'><strong>ossus</strong></span> <span class='ocrx_word' id='word_1_75' title='bbox 637 1350 756 1420; x_wconf 81' lang='lat' dir='ltr'><strong>qnotidie</strong></span> <span class='ocrx_word' id='word_1_76' title='bbox 775 1349 875 1420; x_wconf 85' lang='lat' dir='ltr'><strong>dorent,</strong></span> <span class='ocrx_word' id='word_1_77' title='bbox 894 1353 1047 1424; x_wconf 77' lang='lat' dir='ltr'><strong>praediotus</strong></span> <span class='ocrx_word' id='word_1_78' title='bbox 1065 1355 1210 1424; x_wconf 77' lang='lat' dir='ltr'><strong>episeopus</strong></span> <span class='ocrx_word' id='word_1_79' title='bbox 1230 1349 1365 1406; x_wconf 72' lang='lat' dir='ltr'><strong>triduanus</strong></span> 
     </span>
     <span class='ocr_line' id='line_1_10' title="bbox 331 1448 1365 1524; baseline -0.003 -17"><span class='ocrx_word' id='word_1_80' title='bbox 331 1453 461 1524; x_wconf 84' lang='lat' dir='ltr'><strong>jejunium</strong></span> <span class='ocrx_word' id='word_1_81' title='bbox 473 1450 576 1518; x_wconf 84' lang='lat' dir='ltr'><strong>indixit,</strong></span> <span class='ocrx_word' id='word_1_82' title='bbox 595 1450 709 1506; x_wconf 82' lang='lat' dir='ltr'><strong>detentus</strong></span> <span class='ocrx_word' id='word_1_83' title='bbox 720 1448 834 1508; x_wconf 85' lang='lat' dir='ltr'><strong>institnit</strong></span> <span class='ocrx_word' id='word_1_84' title='bbox 847 1459 873 1510; x_wconf 88' lang='lat' dir='ltr'><strong>ei</strong></span> <span class='ocrx_word' id='word_1_85' title='bbox 886 1455 925 1508; x_wconf 87' lang='lat' dir='ltr'><strong>ste</strong></span> <span class='ocrx_word' id='word_1_86' title='bbox 938 1452 1077 1524; x_wconf 83' lang='lat' dir='ltr'><strong>prsediote</strong></span> <span class='ocrx_word' id='word_1_87' title='bbox 1092 1453 1234 1508; x_wconf 80' lang='lat' dir='ltr'><strong>tribuistis</strong></span> <span class='ocrx_word' id='word_1_88' title='bbox 1252 1452 1365 1522; x_wconf 76' lang='lat' dir='ltr'><strong>conquie-</strong></span> 
     </span>
     <span class='ocr_line' id='line_1_11' title="bbox 334 1549 1367 1621; baseline -0.001 -14"><span class='ocrx_word' id='word_1_89' title='bbox 334 1554 379 1608; x_wconf 83' lang='lat' dir='ltr'><strong>uit.</strong></span> <span class='ocrx_word' id='word_1_90' title='bbox 414 1550 517 1608; x_wconf 82' lang='lat' dir='ltr'><strong>Deinde</strong></span> <span class='ocrx_word' id='word_1_91' title='bbox 534 1555 660 1607; x_wconf 77' lang='lat' dir='ltr'><strong>statutum</strong></span> <span class='ocrx_word' id='word_1_92' title='bbox 676 1557 719 1607; x_wconf 89' lang='lat' dir='ltr'><strong>est</strong></span> <span class='ocrx_word' id='word_1_93' title='bbox 736 1549 770 1608; x_wconf 82' lang='lat' dir='ltr'><strong>sb</strong></span> <span class='ocrx_word' id='word_1_94' title='bbox 789 1553 904 1610; x_wconf 81' lang='lat' dir='ltr'><strong>ecclesie</strong></span> <span class='ocrx_word' id='word_1_95' title='bbox 920 1559 947 1610; x_wconf 90' lang='lat' dir='ltr'><strong>et</strong></span> <span class='ocrx_word' id='word_1_96' title='bbox 965 1553 1106 1621; x_wconf 80' lang='lat' dir='ltr'><strong>demetere,</strong></span> <span class='ocrx_word' id='word_1_97' title='bbox 1133 1558 1162 1608; x_wconf 92' lang='lat' dir='ltr'><strong>ut</strong></span> <span class='ocrx_word' id='word_1_98' title='bbox 1188 1551 1259 1608; x_wconf 81' lang='lat' dir='ltr'><strong>been</strong></span> <span class='ocrx_word' id='word_1_99' title='bbox 1280 1549 1367 1607; x_wconf 75' lang='lat' dir='ltr'><strong>totuin</strong></span> 
     </span>
     <span class='ocr_line' id='line_1_12' title="bbox 335 1649 1366 1726; baseline -0.005 -18"><span class='ocrx_word' id='word_1_100' title='bbox 335 1653 522 1708; x_wconf 81' lang='lat' dir='ltr'><strong>uenirersniiter</strong></span> <span class='ocrx_word' id='word_1_101' title='bbox 540 1649 704 1707; x_wconf 70' lang='lat' dir='ltr'><strong>observetur.</strong></span> <span class='ocrx_word' id='word_1_102' title='bbox 740 1651 843 1708; x_wconf 81' lang='lat' dir='ltr'><strong>Dieitur</strong></span> <span class='ocrx_word' id='word_1_103' title='bbox 861 1654 939 1710; x_wconf 76' lang='lat' dir='ltr'><strong>etiarn</strong></span> <span class='ocrx_word' id='word_1_104' title='bbox 958 1655 1129 1726; x_wconf 84' lang='lat' dir='ltr'><strong>rogationes,</strong></span> <span class='ocrx_word' id='word_1_105' title='bbox 1154 1655 1221 1724; x_wconf 81' lang='lat' dir='ltr'><strong>quie</strong></span> <span class='ocrx_word' id='word_1_106' title='bbox 1245 1659 1305 1706; x_wconf 85' lang='lat' dir='ltr'><strong>tune</strong></span> <span class='ocrx_word' id='word_1_107' title='bbox 1320 1665 1366 1704; x_wconf 77' lang='grc' dir='ltr'><strong>ιι·</strong></span> 
     </span>
     <span class='ocr_line' id='line_1_13' title="bbox 333 1750 1368 1826; baseline -0.006 -17"><span class='ocrx_word' id='word_1_108' title='bbox 333 1754 402 1808; x_wconf 87' lang='lat' dir='ltr'><strong>niurn</strong></span> <span class='ocrx_word' id='word_1_109' title='bbox 421 1759 570 1808; x_wconf 78' lang='lat' dir='ltr'><strong>senetorurn</strong></span> <span class='ocrx_word' id='word_1_110' title='bbox 590 1750 719 1824; x_wconf 78' lang='lat' dir='ltr'><strong>susngin</strong></span> <span class='ocrx_word' id='word_1_111' title='bbox 738 1752 924 1826; x_wconf 82' lang='lat' dir='ltr'><strong>impleremus,</strong></span> <span class='ocrx_word' id='word_1_112' title='bbox 950 1760 977 1809; x_wconf 88' lang='lat' dir='ltr'><strong>et</strong></span> <span class='ocrx_word' id='word_1_113' title='bbox 1002 1755 1095 1810; x_wconf 85' lang='lat' dir='ltr'><strong>merito</strong></span> <span class='ocrx_word' id='word_1_114' title='bbox 1116 1751 1180 1808; x_wconf 83' lang='lat' dir='ltr'><strong>talis</strong></span> <span class='ocrx_word' id='word_1_115' title='bbox 1205 1750 1368 1806; x_wconf 73' lang='lat' dir='ltr'><strong>observantie</strong></span> 
     </span>
     <span class='ocr_line' id='line_1_14' title="bbox 334 1847 1366 1924; baseline -0.004 -16"><span class='ocrx_word' id='word_1_116' title='bbox 334 1853 376 1908; x_wconf 89' lang='lat' dir='ltr'><strong>bis</strong></span> <span class='ocrx_word' id='word_1_117' title='bbox 403 1851 495 1907; x_wconf 88' lang='lat' dir='ltr'><strong>diebus</strong></span> <span class='ocrx_word' id='word_1_118' title='bbox 520 1850 652 1907; x_wconf 83' lang='lat' dir='ltr'><strong>serrende</strong></span> <span class='ocrx_word' id='word_1_119' title='bbox 677 1858 719 1908; x_wconf 89' lang='lat' dir='ltr'><strong>est</strong></span> <span class='ocrx_word' id='word_1_120' title='bbox 738 1859 764 1908; x_wconf 88' lang='lat' dir='ltr'><strong>et</strong></span> <span class='ocrx_word' id='word_1_121' title='bbox 781 1847 965 1924; x_wconf 79' lang='lat' dir='ltr'><strong>rogationibus</strong></span> <span class='ocrx_word' id='word_1_122' title='bbox 985 1849 1135 1909; x_wconf 81' lang='lat' dir='ltr'><strong>senetorurn</strong></span> <span class='ocrx_word' id='word_1_123' title='bbox 1159 1857 1187 1908; x_wconf 90' lang='lat' dir='ltr'><strong>et</strong></span> <span class='ocrx_word' id='word_1_124' title='bbox 1201 1851 1315 1923; x_wconf 84' lang='lat' dir='ltr'><strong>jejuniis</strong></span> <span class='ocrx_word' id='word_1_125' title='bbox 1330 1848 1366 1904; x_wconf 87' lang='lat' dir='ltr'><strong>bis</strong></span> 
     </span>
     <span class='ocr_line' id='line_1_15' title="bbox 333 1948 1367 2026; baseline 0.003 -17"><span class='ocrx_word' id='word_1_126' title='bbox 333 1954 429 2009; x_wconf 84' lang='lat' dir='ltr'><strong>diebus</strong></span> <span class='ocrx_word' id='word_1_127' title='bbox 441 1952 613 2008; x_wconf 86' lang='lat' dir='ltr'><strong>insistendum</strong></span> <span class='ocrx_word' id='word_1_128' title='bbox 630 1951 768 2023; x_wconf 77' lang='lat' dir='ltr'><strong>multipiici</strong></span> <span class='ocrx_word' id='word_1_129' title='bbox 782 1954 897 2008; x_wconf 80' lang='lat' dir='ltr'><strong>ratione:</strong></span> <span class='ocrx_word' id='word_1_130' title='bbox 916 1955 1000 2026; x_wconf 80' lang='lat' dir='ltr'><strong>prime</strong></span> <span class='ocrx_word' id='word_1_131' title='bbox 1017 1959 1047 2009; x_wconf 88' lang='lat' dir='ltr'><strong>ut</strong></span> <span class='ocrx_word' id='word_1_132' title='bbox 1064 1952 1135 2010; x_wconf 84' lang='lat' dir='ltr'><strong>Deus</strong></span> <span class='ocrx_word' id='word_1_133' title='bbox 1152 1951 1227 2008; x_wconf 81' lang='lat' dir='ltr'><strong>belle</strong></span> <span class='ocrx_word' id='word_1_134' title='bbox 1246 1948 1367 2022; x_wconf 76' lang='lat' dir='ltr'><strong>eadbert</strong></span> 
     </span>
     <span class='ocr_line' id='line_1_16' title="bbox 332 2049 1367 2127; baseline -0.005 -18"><span class='ocrx_word' id='word_1_135' title='bbox 332 2057 396 2127; x_wconf 77' lang='lat' dir='ltr'><strong>quis</strong></span> <span class='ocrx_word' id='word_1_136' title='bbox 419 2055 446 2108; x_wconf 90' lang='lat' dir='ltr'><strong>in</strong></span> <span class='ocrx_word' id='word_1_137' title='bbox 471 2067 533 2108; x_wconf 86' lang='lat' dir='ltr'><strong>rere</strong></span> <span class='ocrx_word' id='word_1_138' title='bbox 555 2050 718 2124; x_wconf 77' lang='lat' dir='ltr'><strong>frequentius</strong></span> <span class='ocrx_word' id='word_1_139' title='bbox 742 2053 923 2124; x_wconf 79' lang='lat' dir='ltr'><strong>connituntur,</strong></span> <span class='ocrx_word' id='word_1_140' title='bbox 954 2051 1073 2110; x_wconf 84' lang='lat' dir='ltr'><strong>seeundo</strong></span> <span class='ocrx_word' id='word_1_141' title='bbox 1101 2060 1130 2110; x_wconf 87' lang='lat' dir='ltr'><strong>ut</strong></span> <span class='ocrx_word' id='word_1_142' title='bbox 1154 2057 1264 2110; x_wconf 85' lang='lat' dir='ltr'><strong>teneres</strong></span> <span class='ocrx_word' id='word_1_143' title='bbox 1288 2049 1367 2105; x_wconf 74' lang='lat' dir='ltr'><strong>edire</strong></span> 
     </span>
     <span class='ocr_line' id='line_1_17' title="bbox 332 2149 1368 2224; baseline -0.005 -15"><span class='ocrx_word' id='word_1_144' title='bbox 332 2157 433 2210; x_wconf 74' lang='lat' dir='ltr'><strong>fruetus</strong></span> <span class='ocrx_word' id='word_1_145' title='bbox 448 2151 629 2208; x_wconf 76' lang='lat' dir='ltr'><strong>conservando</strong></span> <span class='ocrx_word' id='word_1_146' title='bbox 649 2152 821 2224; x_wconf 80' lang='lat' dir='ltr'><strong>multiplicet,</strong></span> <span class='ocrx_word' id='word_1_147' title='bbox 850 2155 928 2210; x_wconf 88' lang='lat' dir='ltr'><strong>tertio</strong></span> <span class='ocrx_word' id='word_1_148' title='bbox 947 2160 976 2210; x_wconf 85' lang='lat' dir='ltr'><strong>et</strong></span> <span class='ocrx_word' id='word_1_149' title='bbox 995 2159 1080 2208; x_wconf 83' lang='lat' dir='ltr'><strong>neotus</strong></span> <span class='ocrx_word' id='word_1_150' title='bbox 1098 2151 1236 2219; x_wconf 80' lang='lat' dir='ltr'><strong>esrueies,</strong></span> <span class='ocrx_word' id='word_1_151' title='bbox 1261 2153 1308 2224; x_wconf 75' lang='lat' dir='ltr'><strong>qui</strong></span> <span class='ocrx_word' id='word_1_152' title='bbox 1323 2149 1368 2204; x_wconf 87' lang='lat' dir='ltr'><strong>boe</strong></span> 
     </span>
     <span class='ocr_line' id='line_1_18' title="bbox 331 2247 1369 2326; baseline -0.004 -16"><span class='ocrx_word' id='word_1_153' title='bbox 331 2262 450 2326; x_wconf 83' lang='lat' dir='ltr'><strong>tenpore</strong></span> <span class='ocrx_word' id='word_1_154' title='bbox 468 2254 553 2324; x_wconf 73' lang='lat' dir='ltr'><strong>inagis</strong></span> <span class='ocrx_word' id='word_1_155' title='bbox 576 2249 695 2319; x_wconf 82' lang='lat' dir='ltr'><strong>terreret,</strong></span> <span class='ocrx_word' id='word_1_156' title='bbox 723 2253 750 2308; x_wconf 87' lang='lat' dir='ltr'><strong>in</strong></span> <span class='ocrx_word' id='word_1_157' title='bbox 774 2269 805 2308; x_wconf 87' lang='lat' dir='ltr'><strong>se</strong></span> <span class='ocrx_word' id='word_1_158' title='bbox 829 2255 940 2326; x_wconf 80' lang='lat' dir='ltr'><strong>queisque</strong></span> <span class='ocrx_word' id='word_1_159' title='bbox 964 2256 1050 2326; x_wconf 76' lang='lat' dir='ltr'><strong>nugis</strong></span> <span class='ocrx_word' id='word_1_160' title='bbox 1075 2249 1225 2308; x_wconf 79' lang='lat' dir='ltr'><strong>mortificet.</strong></span> <span class='ocrx_word' id='word_1_161' title='bbox 1259 2247 1296 2306; x_wconf 79' lang='lat' dir='ltr'><strong>In&#39;</strong></span> <span class='ocrx_word' id='word_1_162' title='bbox 1312 2265 1369 2306; x_wconf 84' lang='lat' dir='ltr'><strong>rere</strong></span> 
     </span>
     <span class='ocr_line' id='line_1_19' title="bbox 332 2351 1369 2426; baseline -0.005 -16"><span class='ocrx_word' id='word_1_163' title='bbox 332 2358 399 2410; x_wconf 87' lang='lat' dir='ltr'><strong>enin</strong></span> <span class='ocrx_word' id='word_1_164' title='bbox 417 2354 527 2426; x_wconf 77' lang='lat' dir='ltr'><strong>sangnis</strong></span> <span class='ocrx_word' id='word_1_165' title='bbox 544 2354 630 2425; x_wconf 75' lang='lat' dir='ltr'><strong>magis</strong></span> <span class='ocrx_word' id='word_1_166' title='bbox 649 2353 732 2409; x_wconf 75' lang='lat' dir='ltr'><strong>terrei</strong></span> <span class='ocrx_word' id='word_1_167' title='bbox 751 2357 777 2408; x_wconf 90' lang='lat' dir='ltr'><strong>et</strong></span> <span class='ocrx_word' id='word_1_168' title='bbox 793 2352 876 2410; x_wconf 87' lang='lat' dir='ltr'><strong>iliieiti</strong></span> <span class='ocrx_word' id='word_1_169' title='bbox 890 2360 975 2409; x_wconf 83' lang='lat' dir='ltr'><strong>notus</strong></span> <span class='ocrx_word' id='word_1_170' title='bbox 990 2354 1076 2426; x_wconf 81' lang='lat' dir='ltr'><strong>rengis</strong></span> <span class='ocrx_word' id='word_1_171' title='bbox 1087 2351 1228 2424; x_wconf 79' lang='lat' dir='ltr'><strong>pullulent.</strong></span> <span class='ocrx_word' id='word_1_172' title='bbox 1262 2351 1369 2414; x_wconf 75' lang='lat' dir='ltr'><strong>Quane,</strong></span> 
     </span>
     <span class='ocr_line' id='line_1_20' title="bbox 332 2451 1370 2526; baseline -0.006 -13"><span class='ocrx_word' id='word_1_173' title='bbox 332 2464 361 2513; x_wconf 85' lang='lat' dir='ltr'><strong>ut</strong></span> <span class='ocrx_word' id='word_1_174' title='bbox 377 2453 410 2510; x_wconf 81' lang='lat' dir='ltr'><strong>ad</strong></span> <span class='ocrx_word' id='word_1_175' title='bbox 429 2455 604 2524; x_wconf 78' lang='lat' dir='ltr'><strong>receptionem</strong></span> <span class='ocrx_word' id='word_1_176' title='bbox 628 2456 712 2510; x_wconf 80' lang='lat' dir='ltr'><strong>saneti</strong></span> <span class='ocrx_word' id='word_1_177' title='bbox 737 2455 845 2526; x_wconf 75' lang='lat' dir='ltr'><strong>spiritus</strong></span> <span class='ocrx_word' id='word_1_178' title='bbox 864 2469 894 2510; x_wconf 93' lang='lat' dir='ltr'><strong>se</strong></span> <span class='ocrx_word' id='word_1_179' title='bbox 914 2455 1026 2526; x_wconf 78' lang='lat' dir='ltr'><strong>quisque</strong></span> <span class='ocrx_word' id='word_1_180' title='bbox 1045 2453 1131 2525; x_wconf 78' lang='lat' dir='ltr'><strong>rengis</strong></span> <span class='ocrx_word' id='word_1_181' title='bbox 1149 2451 1293 2520; x_wconf 85' lang='lat' dir='ltr'><strong>hebilitet,</strong></span> <span class='ocrx_word' id='word_1_182' title='bbox 1315 2468 1370 2507; x_wconf 86' lang='grc' dir='ltr'><strong>ιιι</strong></span> 
     </span>
     <span class='ocr_line' id='line_1_21' title="bbox 331 2551 1373 2628; baseline -0.005 -17"><span class='ocrx_word' id='word_1_183' title='bbox 331 2571 381 2628; x_wconf 80' lang='lat' dir='ltr'><strong>per</strong></span> <span class='ocrx_word' id='word_1_184' title='bbox 403 2555 532 2626; x_wconf 78' lang='lat' dir='ltr'><strong>Jejonion</strong></span> <span class='ocrx_word' id='word_1_185' title='bbox 560 2553 638 2610; x_wconf 86' lang='lat' dir='ltr'><strong>irone</strong></span> <span class='ocrx_word' id='word_1_186' title='bbox 661 2555 747 2627; x_wconf 82' lang='lat' dir='ltr'><strong>bregis</strong></span> <span class='ocrx_word' id='word_1_187' title='bbox 773 2553 929 2610; x_wconf 76' lang='lat' dir='ltr'><strong>debilitetur</strong></span> <span class='ocrx_word' id='word_1_188' title='bbox 957 2561 984 2610; x_wconf 91' lang='lat' dir='ltr'><strong>et</strong></span> <span class='ocrx_word' id='word_1_189' title='bbox 1006 2568 1056 2625; x_wconf 81' lang='lat' dir='ltr'><strong>per</strong></span> <span class='ocrx_word' id='word_1_190' title='bbox 1082 2553 1240 2626; x_wconf 79' lang='lat' dir='ltr'><strong>negotiosius</strong></span> <span class='ocrx_word' id='word_1_191' title='bbox 1268 2551 1373 2626; x_wconf 76' lang='lat' dir='ltr'><strong>dignior</strong></span> 
     </span>
     <span class='ocr_line' id='line_1_22' title="bbox 331 2649 1372 2728; baseline -0.002 -16"><span class='ocrx_word' id='word_1_192' title='bbox 331 2654 458 2712; x_wconf 86' lang='lat' dir='ltr'><strong>redditur.</strong></span> <span class='ocrx_word' id='word_1_193' title='bbox 493 2653 565 2710; x_wconf 81' lang='lat' dir='ltr'><strong>Duos</strong></span> <span class='ocrx_word' id='word_1_194' title='bbox 583 2653 651 2710; x_wconf 84' lang='lat' dir='ltr'><strong>eiius</strong></span> <span class='ocrx_word' id='word_1_195' title='bbox 670 2656 786 2711; x_wconf 81' lang='lat' dir='ltr'><strong>notiones</strong></span> <span class='ocrx_word' id='word_1_196' title='bbox 804 2655 927 2728; x_wconf 76' lang='lat' dir='ltr'><strong>assignet</strong></span> <span class='ocrx_word' id='word_1_197' title='bbox 942 2649 1372 2727; x_wconf 74' lang='lat' dir='ltr'><strong>megisteridiiiuednnsditissie·</strong></span> 
     </span>
     <span class='ocr_line' id='line_1_23' title="bbox 332 2751 1374 2826; baseline 0 -16"><span class='ocrx_word' id='word_1_198' title='bbox 332 2754 469 2810; x_wconf 87' lang='lat' dir='ltr'><strong>dorensis:</strong></span> <span class='ocrx_word' id='word_1_199' title='bbox 489 2755 587 2826; x_wconf 82' lang='lat' dir='ltr'><strong>priuue,</strong></span> <span class='ocrx_word' id='word_1_200' title='bbox 612 2761 641 2810; x_wconf 85' lang='lat' dir='ltr'><strong>ut</strong></span> <span class='ocrx_word' id='word_1_201' title='bbox 658 2756 760 2810; x_wconf 88' lang='lat' dir='ltr'><strong>seiiieet</strong></span> <span class='ocrx_word' id='word_1_202' title='bbox 777 2754 882 2810; x_wconf 82' lang='lat' dir='ltr'><strong>Christe</strong></span> <span class='ocrx_word' id='word_1_203' title='bbox 900 2753 1078 2810; x_wconf 81' lang='lat' dir='ltr'><strong>adscendente</strong></span> <span class='ocrx_word' id='word_1_204' title='bbox 1096 2762 1124 2810; x_wconf 90' lang='lat' dir='ltr'><strong>et</strong></span> <span class='ocrx_word' id='word_1_205' title='bbox 1142 2751 1265 2810; x_wconf 75' lang='lat' dir='ltr'><strong>dieentes</strong></span> <span class='ocrx_word' id='word_1_206' title='bbox 1292 2757 1374 2826; x_wconf 82' lang='lat' dir='ltr'><strong>petite</strong></span> 
     </span>
     <span class='ocr_line' id='line_1_24' title="bbox 331 2853 1375 2927; baseline -0.003 -15"><span class='ocrx_word' id='word_1_207' title='bbox 331 2861 359 2912; x_wconf 86' lang='lat' dir='ltr'><strong>et</strong></span> <span class='ocrx_word' id='word_1_208' title='bbox 382 2855 538 2925; x_wconf 77' lang='lat' dir='ltr'><strong>decipietis,</strong></span> <span class='ocrx_word' id='word_1_209' title='bbox 563 2853 737 2910; x_wconf 84' lang='lat' dir='ltr'><strong>eonddentius</strong></span> <span class='ocrx_word' id='word_1_210' title='bbox 761 2860 835 2926; x_wconf 77' lang='lat' dir='ltr'><strong>petet</strong></span> <span class='ocrx_word' id='word_1_211' title='bbox 856 2854 987 2923; x_wconf 81' lang='lat' dir='ltr'><strong>eeclesia;</strong></span> <span class='ocrx_word' id='word_1_212' title='bbox 1011 2853 1145 2922; x_wconf 85' lang='lat' dir='ltr'><strong>seeundo,</strong></span> <span class='ocrx_word' id='word_1_213' title='bbox 1170 2858 1235 2927; x_wconf 77' lang='lat' dir='ltr'><strong>quta</strong></span> <span class='ocrx_word' id='word_1_214' title='bbox 1258 2854 1375 2913; x_wconf 76' lang='lat' dir='ltr'><strong>sederis</strong></span> 
     </span>
     <span class='ocr_line' id='line_1_25' title="bbox 328 2953 1374 3028; baseline 0 -18"><span class='ocrx_word' id='word_1_215' title='bbox 328 2957 433 3028; x_wconf 80' lang='lat' dir='ltr'><strong>jejunet</strong></span> <span class='ocrx_word' id='word_1_216' title='bbox 451 2963 479 3011; x_wconf 91' lang='lat' dir='ltr'><strong>et</strong></span> <span class='ocrx_word' id='word_1_217' title='bbox 495 2961 570 3024; x_wconf 84' lang='lat' dir='ltr'><strong>orat,</strong></span> <span class='ocrx_word' id='word_1_218' title='bbox 594 2962 625 3012; x_wconf 88' lang='lat' dir='ltr'><strong>ut</strong></span> <span class='ocrx_word' id='word_1_219' title='bbox 645 2971 736 3027; x_wconf 83' lang='lat' dir='ltr'><strong>perun</strong></span> <span class='ocrx_word' id='word_1_220' title='bbox 753 2953 853 3012; x_wconf 85' lang='lat' dir='ltr'><strong>bebeet</strong></span> <span class='ocrx_word' id='word_1_221' title='bbox 870 2954 903 3010; x_wconf 89' lang='lat' dir='ltr'><strong>de</strong></span> <span class='ocrx_word' id='word_1_222' title='bbox 921 2968 1018 3023; x_wconf 74' lang='lat' dir='ltr'><strong>earne,</strong></span> <span class='ocrx_word' id='word_1_223' title='bbox 1041 2971 1092 3027; x_wconf 81' lang='lat' dir='ltr'><strong>per</strong></span> <span class='ocrx_word' id='word_1_224' title='bbox 1107 2955 1193 3028; x_wconf 79' lang='lat' dir='ltr'><strong>insius</strong></span> <span class='ocrx_word' id='word_1_225' title='bbox 1210 2957 1302 3012; x_wconf 75' lang='lat' dir='ltr'><strong>earnis</strong></span> <span class='ocrx_word' id='word_1_226' title='bbox 1319 2969 1374 3010; x_wconf 86' lang='lat' dir='ltr'><strong>rne-</strong></span> 
     </span>
     <span class='ocr_line' id='line_1_26' title="bbox 331 3054 1377 3130; baseline 0.001 -18"><span class='ocrx_word' id='word_1_227' title='bbox 331 3058 508 3126; x_wconf 82' lang='lat' dir='ltr'><strong>eerutienenr,</strong></span> <span class='ocrx_word' id='word_1_228' title='bbox 535 3063 562 3112; x_wconf 92' lang='lat' dir='ltr'><strong>et</strong></span> <span class='ocrx_word' id='word_1_229' title='bbox 587 3059 707 3130; x_wconf 80' lang='lat' dir='ltr'><strong>sequiret</strong></span> <span class='ocrx_word' id='word_1_230' title='bbox 731 3054 784 3111; x_wconf 87' lang='lat' dir='ltr'><strong>sibi</strong></span> <span class='ocrx_word' id='word_1_231' title='bbox 808 3055 866 3112; x_wconf 82' lang='lat' dir='ltr'><strong>edas</strong></span> <span class='ocrx_word' id='word_1_232' title='bbox 884 3071 934 3128; x_wconf 77' lang='lat' dir='ltr'><strong>ner</strong></span> <span class='ocrx_word' id='word_1_233' title='bbox 958 3057 1120 3123; x_wconf 79' lang='lat' dir='ltr'><strong>orationem,</strong></span> <span class='ocrx_word' id='word_1_234' title='bbox 1146 3059 1210 3130; x_wconf 82' lang='lat' dir='ltr'><strong>quie</strong></span> <span class='ocrx_word' id='word_1_235' title='bbox 1227 3059 1318 3113; x_wconf 80' lang='lat' dir='ltr'><strong>oretis</strong></span> <span class='ocrx_word' id='word_1_236' title='bbox 1336 3063 1377 3114; x_wconf 81' lang='lat' dir='ltr'><strong>est</strong></span> 
     </span>
     <span class='ocr_line' id='line_1_27' title="bbox 331 3153 1376 3229; baseline 0.001 -16"><span class='ocrx_word' id='word_1_237' title='bbox 331 3157 375 3214; x_wconf 78' lang='lat' dir='ltr'><strong>sle</strong></span> <span class='ocrx_word' id='word_1_238' title='bbox 392 3159 515 3225; x_wconf 81' lang='grc' dir='ltr'>ιιιίιιιι,</span> <span class='ocrx_word' id='word_1_239' title='bbox 542 3172 595 3229; x_wconf 79' lang='lat' dir='ltr'><strong>qus</strong></span> <span class='ocrx_word' id='word_1_240' title='bbox 618 3157 691 3212; x_wconf 82' lang='lat' dir='ltr'><strong>votet</strong></span> <span class='ocrx_word' id='word_1_241' title='bbox 711 3158 739 3212; x_wconf 90' lang='lat' dir='ltr'><strong>in</strong></span> <span class='ocrx_word' id='word_1_242' title='bbox 761 3155 878 3222; x_wconf 71' lang='lat' dir='ltr'><strong>coelun,</strong></span> <span class='ocrx_word' id='word_1_243' title='bbox 900 3161 932 3212; x_wconf 88' lang='lat' dir='ltr'><strong>ut</strong></span> <span class='ocrx_word' id='word_1_244' title='bbox 955 3157 995 3212; x_wconf 90' lang='lat' dir='ltr'><strong>sie</strong></span> <span class='ocrx_word' id='word_1_245' title='bbox 1012 3153 1144 3213; x_wconf 76' lang='lat' dir='ltr'><strong>christun</strong></span> <span class='ocrx_word' id='word_1_246' title='bbox 1168 3157 1376 3215; x_wconf 69' lang='lat' dir='ltr'><strong>adscendente!</strong></span> 
     </span>
     <span class='ocr_line' id='line_1_28' title="bbox 330 3255 1377 3330; baseline 0.002 -18"><span class='ocrx_word' id='word_1_247' title='bbox 330 3259 415 3314; x_wconf 84' lang='lat' dir='ltr'><strong>libero</strong></span> <span class='ocrx_word' id='word_1_248' title='bbox 432 3259 519 3328; x_wconf 81' lang='lat' dir='ltr'><strong>possit</strong></span> <span class='ocrx_word' id='word_1_249' title='bbox 535 3259 660 3330; x_wconf 81' lang='lat' dir='ltr'><strong>assequi,</strong></span> <span class='ocrx_word' id='word_1_250' title='bbox 680 3257 726 3330; x_wconf 87' lang='lat' dir='ltr'><strong>qni</strong></span> <span class='ocrx_word' id='word_1_251' title='bbox 742 3255 882 3312; x_wconf 73' lang='lat' dir='ltr'><strong>adscendit</strong></span> <span class='ocrx_word' id='word_1_252' title='bbox 898 3257 950 3313; x_wconf 87' lang='lat' dir='ltr'><strong>iter</strong></span> <span class='ocrx_word' id='word_1_253' title='bbox 965 3255 1085 3328; x_wconf 75' lang='lat' dir='ltr'><strong>pendeus</strong></span> <span class='ocrx_word' id='word_1_254' title='bbox 1104 3263 1166 3314; x_wconf 82' lang='lat' dir='ltr'><strong>ente</strong></span> <span class='ocrx_word' id='word_1_255' title='bbox 1183 3274 1233 3312; x_wconf 89' lang='lat' dir='ltr'><strong>nos</strong></span> <span class='ocrx_word' id='word_1_256' title='bbox 1253 3264 1280 3314; x_wconf 90' lang='lat' dir='ltr'><strong>et</strong></span> <span class='ocrx_word' id='word_1_257' title='bbox 1297 3258 1377 3314; x_wconf 82' lang='lat' dir='ltr'><strong>rois-</strong></span> 
     </span>
     <span class='ocr_line' id='line_1_29' title="bbox 331 3356 1379 3430; baseline 0.002 -17"><span class='ocrx_word' id='word_1_258' title='bbox 331 3359 368 3413; x_wconf 81' lang='lat' dir='ltr'><strong>rit</strong></span> <span class='ocrx_word' id='word_1_259' title='bbox 386 3373 466 3429; x_wconf 84' lang='lat' dir='ltr'><strong>super</strong></span> <span class='ocrx_word' id='word_1_260' title='bbox 483 3372 583 3430; x_wconf 81' lang='lat' dir='ltr'><strong>pennas</strong></span> <span class='ocrx_word' id='word_1_261' title='bbox 602 3365 745 3414; x_wconf 84' lang='lat' dir='ltr'><strong>uentorum.</strong></span> <span class='ocrx_word' id='word_1_262' title='bbox 780 3357 844 3414; x_wconf 78' lang='lat' dir='ltr'><strong>Aris</strong></span> <span class='ocrx_word' id='word_1_263' title='bbox 870 3359 954 3426; x_wconf 85' lang='lat' dir='ltr'><strong>enirn,</strong></span> <span class='ocrx_word' id='word_1_264' title='bbox 979 3373 1048 3430; x_wconf 81' lang='lat' dir='ltr'><strong>quse</strong></span> <span class='ocrx_word' id='word_1_265' title='bbox 1073 3356 1180 3414; x_wconf 85' lang='lat' dir='ltr'><strong>nunlturn</strong></span> <span class='ocrx_word' id='word_1_266' title='bbox 1203 3357 1327 3415; x_wconf 75' lang='lat' dir='ltr'><strong>abundet</strong></span> <span class='ocrx_word' id='word_1_267' title='bbox 1351 3361 1379 3415; x_wconf 90' lang='lat' dir='ltr'><strong>tn</strong></span> 
     </span>
     <span class='ocr_line' id='line_1_30' title="bbox 331 3457 1379 3532; baseline 0.004 -20"><span class='ocrx_word' id='word_1_268' title='bbox 331 3472 410 3514; x_wconf 76' lang='lat' dir='ltr'><strong>earne</strong></span> <span class='ocrx_word' id='word_1_269' title='bbox 428 3465 562 3530; x_wconf 75' lang='lat' dir='ltr'><strong>eteorum</strong></span> <span class='ocrx_word' id='word_1_270' title='bbox 581 3460 607 3514; x_wconf 90' lang='lat' dir='ltr'><strong>in</strong></span> <span class='ocrx_word' id='word_1_271' title='bbox 625 3459 734 3530; x_wconf 77' lang='lat' dir='ltr'><strong>plenis.</strong></span> <span class='ocrx_word' id='word_1_272' title='bbox 760 3457 829 3514; x_wconf 89' lang='lat' dir='ltr'><strong>bene</strong></span> <span class='ocrx_word' id='word_1_273' title='bbox 854 3457 945 3515; x_wconf 85' lang='lat' dir='ltr'><strong>rodere</strong></span> <span class='ocrx_word' id='word_1_274' title='bbox 969 3473 1022 3513; x_wconf 88' lang='lat' dir='ltr'><strong>uon</strong></span> <span class='ocrx_word' id='word_1_275' title='bbox 1038 3465 1144 3531; x_wconf 82' lang='lat' dir='ltr'><strong>potest,</strong></span> <span class='ocrx_word' id='word_1_276' title='bbox 1169 3462 1239 3516; x_wconf 90' lang='lat' dir='ltr'><strong>sieut</strong></span> <span class='ocrx_word' id='word_1_277' title='bbox 1255 3466 1333 3532; x_wconf 78' lang='lat' dir='ltr'><strong>petet</strong></span> <span class='ocrx_word' id='word_1_278' title='bbox 1351 3461 1379 3516; x_wconf 80' lang='lat' dir='ltr'><strong>in</strong></span> 
     </span>
     <span class='ocr_line' id='line_1_31' title="bbox 330 3556 1378 3633; baseline 0.004 -20"><span class='ocrx_word' id='word_1_279' title='bbox 330 3556 489 3614; x_wconf 82' lang='lat' dir='ltr'><strong>struthione.</strong></span> <span class='ocrx_word' id='word_1_280' title='bbox 523 3557 626 3614; x_wconf 79' lang='lat' dir='ltr'><strong>Diditur</strong></span> <span class='ocrx_word' id='word_1_281' title='bbox 644 3562 722 3616; x_wconf 79' lang='lat' dir='ltr'><strong>etiarn</strong></span> <span class='ocrx_word' id='word_1_282' title='bbox 741 3562 897 3632; x_wconf 81' lang='lat' dir='ltr'><strong>processio,</strong></span> <span class='ocrx_word' id='word_1_283' title='bbox 922 3559 986 3630; x_wconf 79' lang='lat' dir='ltr'><strong>quis</strong></span> <span class='ocrx_word' id='word_1_284' title='bbox 1002 3564 1066 3614; x_wconf 87' lang='lat' dir='ltr'><strong>tune</strong></span> <span class='ocrx_word' id='word_1_285' title='bbox 1084 3558 1199 3616; x_wconf 79' lang='lat' dir='ltr'><strong>ecelesia</strong></span> <span class='ocrx_word' id='word_1_286' title='bbox 1219 3560 1378 3633; x_wconf 75' lang='lat' dir='ltr'><strong>generales·</strong></span> 
     </span>
     <span class='ocr_line' id='line_1_32' title="bbox 331 3657 1377 3732; baseline 0.002 -18"><span class='ocrx_word' id='word_1_287' title='bbox 331 3657 396 3714; x_wconf 85' lang='lat' dir='ltr'><strong>iecit</strong></span> <span class='ocrx_word' id='word_1_288' title='bbox 414 3661 627 3728; x_wconf 78' lang='lat' dir='ltr'><strong>processionem:</strong></span> <span class='ocrx_word' id='word_1_289' title='bbox 652 3661 679 3714; x_wconf 91' lang='lat' dir='ltr'><strong>in</strong></span> <span class='ocrx_word' id='word_1_290' title='bbox 699 3659 750 3716; x_wconf 80' lang='lat' dir='ltr'><strong>bue</strong></span> <span class='ocrx_word' id='word_1_291' title='bbox 766 3667 853 3717; x_wconf 74' lang='lat' dir='ltr'><strong>auten</strong></span> <span class='ocrx_word' id='word_1_292' title='bbox 870 3659 1042 3732; x_wconf 76' lang='lat' dir='ltr'><strong>precessione</strong></span> <span class='ocrx_word' id='word_1_293' title='bbox 1060 3675 1123 3716; x_wconf 88' lang='lat' dir='ltr'><strong>erux</strong></span> <span class='ocrx_word' id='word_1_294' title='bbox 1142 3659 1279 3728; x_wconf 77' lang='lat' dir='ltr'><strong>defertur,</strong></span> <span class='ocrx_word' id='word_1_295' title='bbox 1302 3676 1377 3716; x_wconf 73' lang='lat' dir='ltr'><strong>esun-</strong></span> 
     </span>
     <span class='ocr_line' id='line_1_33' title="bbox 330 3758 1380 3833; baseline 0.004 -19"><span class='ocrx_word' id='word_1_296' title='bbox 330 3774 417 3831; x_wconf 81' lang='lat' dir='ltr'><strong>psnae</strong></span> <span class='ocrx_word' id='word_1_297' title='bbox 444 3759 598 3831; x_wconf 78' lang='lat' dir='ltr'><strong>puisentur,</strong></span> <span class='ocrx_word' id='word_1_298' title='bbox 623 3760 747 3817; x_wconf 78' lang='lat' dir='ltr'><strong>resiliero</strong></span> <span class='ocrx_word' id='word_1_299' title='bbox 773 3767 911 3832; x_wconf 73' lang='lat' dir='ltr'><strong>portetur,</strong></span> <span class='ocrx_word' id='word_1_300' title='bbox 948 3758 1028 3815; x_wconf 85' lang='lat' dir='ltr'><strong>drseo</strong></span> <span class='ocrx_word' id='word_1_301' title='bbox 1060 3759 1167 3832; x_wconf 83' lang='lat' dir='ltr'><strong>quidem</strong></span> <span class='ocrx_word' id='word_1_302' title='bbox 1191 3777 1250 3817; x_wconf 85' lang='lat' dir='ltr'><strong>eune</strong></span> <span class='ocrx_word' id='word_1_303' title='bbox 1274 3763 1380 3833; x_wconf 76' lang='lat' dir='ltr'><strong>legend</strong></span> 
     </span>
     <span class='ocr_line' id='line_1_34' title="bbox 329 3857 1378 3933; baseline 0.001 -16"><span class='ocrx_word' id='word_1_304' title='bbox 329 3861 416 3917; x_wconf 83' lang='lat' dir='ltr'><strong>reuda</strong></span> <span class='ocrx_word' id='word_1_305' title='bbox 439 3862 467 3916; x_wconf 90' lang='lat' dir='ltr'><strong>iu</strong></span> <span class='ocrx_word' id='word_1_306' title='bbox 493 3857 649 3932; x_wconf 81' lang='lat' dir='ltr'><strong>quibusdan</strong></span> <span class='ocrx_word' id='word_1_307' title='bbox 675 3859 795 3918; x_wconf 80' lang='lat' dir='ltr'><strong>eeclesiis</strong></span> <span class='ocrx_word' id='word_1_308' title='bbox 819 3860 955 3933; x_wconf 81' lang='lat' dir='ltr'><strong>bajuletur</strong></span> <span class='ocrx_word' id='word_1_309' title='bbox 972 3867 1000 3916; x_wconf 88' lang='lat' dir='ltr'><strong>et</strong></span> <span class='ocrx_word' id='word_1_310' title='bbox 1017 3863 1131 3917; x_wconf 83' lang='lat' dir='ltr'><strong>omniun</strong></span> <span class='ocrx_word' id='word_1_311' title='bbox 1145 3867 1299 3918; x_wconf 77' lang='lat' dir='ltr'><strong>sanctoruni</strong></span> <span class='ocrx_word' id='word_1_312' title='bbox 1321 3865 1378 3918; x_wconf 90' lang='lat' dir='ltr'><strong>sin·</strong></span> 
     </span>
     <span class='ocr_line' id='line_1_35' title="bbox 329 3960 1378 4035; baseline 0.003 -20"><span class='ocrx_word' id='word_1_313' title='bbox 329 3960 461 4035; x_wconf 77' lang='lat' dir='ltr'><strong>gederiter</strong></span> <span class='ocrx_word' id='word_1_314' title='bbox 485 3963 634 4034; x_wconf 72' lang='lat' dir='ltr'><strong>patrocinio</strong></span> <span class='ocrx_word' id='word_1_315' title='bbox 657 3961 840 4034; x_wconf 78' lang='lat' dir='ltr'><strong>implorentur.</strong></span> <span class='ocrx_word' id='word_1_316' title='bbox 874 3961 938 4020; x_wconf 81' lang='lat' dir='ltr'><strong>{dee</strong></span> <span class='ocrx_word' id='word_1_317' title='bbox 963 3967 1051 4019; x_wconf 83' lang='lat' dir='ltr'><strong>nutem</strong></span> <span class='ocrx_word' id='word_1_318' title='bbox 1077 3960 1175 4018; x_wconf 88' lang='lat' dir='ltr'><strong>tbideru</strong></span> <span class='ocrx_word' id='word_1_319' title='bbox 1198 3977 1301 4018; x_wconf 75' lang='lat' dir='ltr'><strong>ereren</strong></span> <span class='ocrx_word' id='word_1_320' title='bbox 1328 3960 1378 4018; x_wconf 87' lang='lat' dir='ltr'><strong>de-</strong></span> 
     </span>
     <span class='ocr_line' id='line_1_36' title="bbox 330 4061 1377 4136; baseline 0.001 -19"><span class='ocrx_word' id='word_1_321' title='bbox 330 4065 438 4118; x_wconf 87' lang='lat' dir='ltr'><strong>terirnus</strong></span> <span class='ocrx_word' id='word_1_322' title='bbox 463 4067 489 4118; x_wconf 92' lang='lat' dir='ltr'><strong>et</strong></span> <span class='ocrx_word' id='word_1_323' title='bbox 505 4077 647 4134; x_wconf 76' lang='lat' dir='ltr'><strong>esnpenes</strong></span> <span class='ocrx_word' id='word_1_324' title='bbox 666 4063 815 4135; x_wconf 72' lang='lat' dir='ltr'><strong>pulsamus,</strong></span> <span class='ocrx_word' id='word_1_325' title='bbox 839 4069 869 4120; x_wconf 85' lang='lat' dir='ltr'><strong>ut</strong></span> <span class='ocrx_word' id='word_1_326' title='bbox 891 4064 1032 4121; x_wconf 83' lang='lat' dir='ltr'><strong>daemones</strong></span> <span class='ocrx_word' id='word_1_327' title='bbox 1057 4064 1143 4119; x_wconf 85' lang='lat' dir='ltr'><strong>terrtti</strong></span> <span class='ocrx_word' id='word_1_328' title='bbox 1160 4061 1274 4136; x_wconf 75' lang='lat' dir='ltr'><strong>fugient</strong></span> <span class='ocrx_word' id='word_1_329' title='bbox 1309 4061 1377 4118; x_wconf 77' lang='lat' dir='ltr'><strong>tion</strong></span> 
     </span>
     <span class='ocr_line' id='line_1_37' title="bbox 331 4162 1379 4237; baseline 0.003 -20"><span class='ocrx_word' id='word_1_330' title='bbox 331 4165 401 4217; x_wconf 87' lang='lat' dir='ltr'><strong>sieut</strong></span> <span class='ocrx_word' id='word_1_331' title='bbox 425 4178 471 4219; x_wconf 82' lang='lat' dir='ltr'><strong>rex</strong></span> <span class='ocrx_word' id='word_1_332' title='bbox 493 4163 519 4218; x_wconf 88' lang='lat' dir='ltr'><strong>in</strong></span> <span class='ocrx_word' id='word_1_333' title='bbox 537 4179 586 4218; x_wconf 88' lang='lat' dir='ltr'><strong>sue</strong></span> <span class='ocrx_word' id='word_1_334' title='bbox 604 4165 721 4220; x_wconf 86' lang='lat' dir='ltr'><strong>exercite</strong></span> <span class='ocrx_word' id='word_1_335' title='bbox 739 4162 820 4219; x_wconf 82' lang='lat' dir='ltr'><strong>bebet</strong></span> <span class='ocrx_word' id='word_1_336' title='bbox 837 4165 953 4237; x_wconf 74' lang='lat' dir='ltr'><strong>insignis</strong></span> <span class='ocrx_word' id='word_1_337' title='bbox 970 4163 1093 4236; x_wconf 75' lang='lat' dir='ltr'><strong>regetis,</strong></span> <span class='ocrx_word' id='word_1_338' title='bbox 1120 4163 1222 4218; x_wconf 87' lang='lat' dir='ltr'><strong>seiiieet</strong></span> <span class='ocrx_word' id='word_1_339' title='bbox 1244 4162 1326 4218; x_wconf 80' lang='lat' dir='ltr'><strong>tubus</strong></span> <span class='ocrx_word' id='word_1_340' title='bbox 1352 4171 1379 4220; x_wconf 87' lang='lat' dir='ltr'><strong>et</strong></span> 
     </span>
     <span class='ocr_line' id='line_1_38' title="bbox 329 4261 1380 4324; baseline 0 -6"><span class='ocrx_word' id='word_1_341' title='bbox 329 4262 445 4324; x_wconf 78' lang='lat' dir='ltr'><strong>venitis.</strong></span> <span class='ocrx_word' id='word_1_342' title='bbox 471 4265 510 4318; x_wconf 89' lang='lat' dir='ltr'><strong>sio</strong></span> <span class='ocrx_word' id='word_1_343' title='bbox 535 4265 656 4320; x_wconf 79' lang='lat' dir='ltr'><strong>cbristus</strong></span> <span class='ocrx_word' id='word_1_344' title='bbox 684 4280 730 4320; x_wconf 82' lang='lat' dir='ltr'><strong>rex</strong></span> <span class='ocrx_word' id='word_1_345' title='bbox 756 4270 880 4321; x_wconf 75' lang='lat' dir='ltr'><strong>aeternus</strong></span> <span class='ocrx_word' id='word_1_346' title='bbox 902 4268 930 4320; x_wconf 89' lang='lat' dir='ltr'><strong>in</strong></span> <span class='ocrx_word' id='word_1_347' title='bbox 953 4279 1002 4321; x_wconf 82' lang='lat' dir='ltr'><strong>suu</strong></span> <span class='ocrx_word' id='word_1_348' title='bbox 1022 4261 1139 4320; x_wconf 74' lang='lat' dir='ltr'><strong>ecelesia</strong></span> <span class='ocrx_word' id='word_1_349' title='bbox 1156 4261 1279 4318; x_wconf 82' lang='lat' dir='ltr'><strong>miditsnti</strong></span> <span class='ocrx_word' id='word_1_350' title='bbox 1296 4261 1380 4320; x_wconf 80' lang='lat' dir='ltr'><strong>bebet</strong></span> 
     </span>
     <span class='ocr_line' id='line_1_39' title="bbox 331 4345 1378 4438; baseline 0.001 -21"><span class='ocrx_word' id='word_1_351' title='bbox 331 4345 472 4433; x_wconf 70' lang='lat' dir='ltr'><strong>renueras</strong></span> <span class='ocrx_word' id='word_1_352' title='bbox 489 4377 538 4434; x_wconf 83' lang='lat' dir='ltr'><strong>pro</strong></span> <span class='ocrx_word' id='word_1_353' title='bbox 556 4364 627 4421; x_wconf 88' lang='lat' dir='ltr'><strong>tubis</strong></span> <span class='ocrx_word' id='word_1_354' title='bbox 645 4372 672 4420; x_wconf 88' lang='lat' dir='ltr'><strong>et</strong></span> <span class='ocrx_word' id='word_1_355' title='bbox 689 4380 781 4421; x_wconf 83' lang='lat' dir='ltr'><strong>ornnes</strong></span> <span class='ocrx_word' id='word_1_356' title='bbox 798 4381 847 4438; x_wconf 79' lang='lat' dir='ltr'><strong>nro</strong></span> <span class='ocrx_word' id='word_1_357' title='bbox 861 4365 982 4422; x_wconf 74' lang='lat' dir='ltr'><strong>nexillis:</strong></span> <span class='ocrx_word' id='word_1_358' title='bbox 1001 4369 1028 4420; x_wconf 84' lang='lat' dir='ltr'><strong>et</strong></span> <span class='ocrx_word' id='word_1_359' title='bbox 1046 4365 1116 4418; x_wconf 87' lang='lat' dir='ltr'><strong>sieut</strong></span> <span class='ocrx_word' id='word_1_360' title='bbox 1134 4362 1232 4436; x_wconf 79' lang='lat' dir='ltr'><strong>aliquis</strong></span> <span class='ocrx_word' id='word_1_361' title='bbox 1249 4368 1378 4434; x_wconf 70' lang='lat' dir='ltr'><strong>tyrannus</strong></span> 
     </span>
     <span class='ocr_line' id='line_1_40' title="bbox 330 4461 1378 4542; baseline -0.002 -24"><span class='ocrx_word' id='word_1_362' title='bbox 330 4462 410 4520; x_wconf 84' lang='lat' dir='ltr'><strong>redde</strong></span> <span class='ocrx_word' id='word_1_363' title='bbox 427 4465 547 4531; x_wconf 84' lang='lat' dir='ltr'><strong>tinerst,</strong></span> <span class='ocrx_word' id='word_1_364' title='bbox 572 4467 616 4538; x_wconf 84' lang='lat' dir='ltr'><strong>qni</strong></span> <span class='ocrx_word' id='word_1_365' title='bbox 642 4463 757 4539; x_wconf 75' lang='lat' dir='ltr'><strong>etieuJus</strong></span> <span class='ocrx_word' id='word_1_366' title='bbox 783 4467 856 4542; x_wconf 73' lang='lat' dir='ltr'><strong>regis</strong></span> <span class='ocrx_word' id='word_1_367' title='bbox 879 4465 996 4539; x_wconf 78' lang='lat' dir='ltr'><strong>potentis</strong></span> <span class='ocrx_word' id='word_1_368' title='bbox 1022 4473 1049 4522; x_wconf 87' lang='lat' dir='ltr'><strong>et</strong></span> <span class='ocrx_word' id='word_1_369' title='bbox 1066 4463 1118 4520; x_wconf 88' lang='lat' dir='ltr'><strong>sibi</strong></span> <span class='ocrx_word' id='word_1_370' title='bbox 1137 4463 1235 4520; x_wconf 86' lang='lat' dir='ltr'><strong>iniurioi</strong></span> <span class='ocrx_word' id='word_1_371' title='bbox 1252 4461 1335 4519; x_wconf 84' lang='lat' dir='ltr'><strong>tubus</strong></span> <span class='ocrx_word' id='word_1_372' title='bbox 1351 4464 1378 4516; x_wconf 90' lang='lat' dir='ltr'><strong>in</strong></span> 
     </span>
    </p>
   </div>
   <div class='ocr_carea' id='block_1_3' title="bbox 0 0 1440 5306">
    <p class='ocr_par' dir='ltr' id='par_1_3' title="bbox 0 0 1440 5306">
     <span class='ocr_line' id='line_1_41' title="bbox 0 0 1440 5306; baseline 0 0"><span class='ocrx_word' id='word_1_373' title='bbox 0 0 1440 5306; x_wconf 95' lang='lat' dir='ltr'><strong> </strong></span> 
     </span>
    </p>
   </div>
  </div>
 </body>
</html>
