2828 5302
320 471 383 539 itt
464 477 535 558 Cap.
557 477 676 540 XXXV.
714 479 758 540 De
776 480 887 561 jejunio
908 491 1043 568 quattuor
1068 491 1241 563 temporum.

318 637 448 694 ternarios
466 635 596 692 reiciatur
612 635 646 692 od
662 651 773 710 corpus,
799 641 929 696 ternarios
949 657 1011 696 sero
1030 640 1064 696 ari
1082 632 1204 697 enimam.
1252 638 1285 696 lit
1302 639 1352 698 bue

298 787 299 790 ,
318 739 432 792 rationes
450 741 510 791 snrrt
528 738 647 809 magistri
663 736 791 794 lobannis
809 739 909 795 lieletb.
945 739 1041 805 erinta
1059 743 1128 797 ratio
1147 747 1198 810 est,
1218 743 1349 814 quonism,

317 844 345 893 ot
362 837 424 892 dicit
446 836 580 894 Jolrannes
605 835 799 906 Damascenos,
833 840 860 894 lo
878 855 940 896 vore
960 847 1144 914 augmentatur
1161 846 1288 918 sanguis,
1324 847 1348 900 in

315 943 418 996 aestate
431 938 535 1006 colera,
557 939 583 992 ln
601 945 737 994 auctomno
756 937 926 1006 melancolia,
946 941 973 995 in
992 939 1084 1012 byene
1100 943 1205 1016 flegma.
1240 943 1348 1016 Jejnns-

315 1055 372 1096 mas
387 1041 469 1114 igitur
486 1041 513 1094 in
532 1055 609 1106 vero,
643 1043 672 1093 ut
687 1041 713 1093 io
732 1037 808 1095 nobis
825 1037 977 1096 debilitetur
995 1045 1104 1115 sangnis
1121 1046 1349 1115 concupiscentiae

314 1149 341 1198 et
357 1143 464 1213 ineptes
479 1139 611 1206 lactitiae,
641 1141 802 1212 sanguineus
825 1141 892 1196 eninr
909 1146 950 1196 cst
966 1139 1122 1198 libidinosus
1139 1149 1165 1200 ot
1184 1143 1287 1212 leetos;
1322 1147 1347 1200 ln

313 1247 425 1308 aestate,
446 1247 476 1296 ut
490 1239 642 1295 debilitetur
657 1238 747 1295 colera
763 1240 914 1296 iracundiae
933 1246 960 1296 et
978 1240 1114 1310 fallaciae,
1133 1243 1263 1301 colonicus
1280 1247 1346 1301 enin

311 1349 354 1400 est
369 1339 525 1396 naturaliter
541 1337 681 1395 iracundus
698 1343 725 1395 et
746 1343 882 1407 uersatus;
916 1341 943 1395 in
962 1345 1116 1410 suetonios,
1151 1349 1180 1398 ut
1197 1343 1348 1401 debilitetur

312 1441 467 1499 melancolia
483 1439 633 1512 cupiditatis
652 1443 679 1494 et
696 1439 837 1505 tristitiae,
867 1439 1050 1497 melancolicus
1074 1444 1142 1498 enim
1159 1448 1202 1500 est
1218 1444 1346 1500 naturali·

313 1551 353 1601 ter
368 1540 478 1615 cupidos
490 1541 626 1607 ettristis;
644 1541 670 1593 in
688 1537 788 1610 bpcrno,
809 1544 837 1594 ut
853 1536 1005 1596 debilitetur
1021 1541 1117 1614 dogma
1134 1541 1302 1601 hebetudinis
1320 1553 1346 1601 et

311 1635 449 1718 pigritiae,
484 1655 543 1696 uam
566 1639 729 1712 dogmaticus
749 1637 905 1694 naturaliter
920 1646 961 1695 est
978 1639 1059 1698 bobes
1080 1647 1106 1699 et
1124 1646 1211 1716 piger.
1264 1643 1345 1701 Scuta

310 1747 379 1801 ratio
399 1745 455 1812 est,
489 1742 612 1814 quoniam
631 1753 677 1795 rer
692 1743 861 1810 comparatur
878 1741 953 1807 aeri,
987 1747 1077 1797 aestas
1094 1744 1167 1816 igni,
1191 1751 1345 1800 anctumnus

310 1853 412 1913 terroe,
441 1841 530 1914 hyems
547 1856 641 1914 aquae.
675 1839 827 1912 Jejunanos
846 1838 929 1912 igitur
947 1842 972 1894 in
992 1856 1069 1910 rere,
1094 1844 1166 1898 utin
1183 1843 1261 1900 nobis
1279 1844 1344 1901 edo-

309 1953 393 2005 metur
410 1950 457 2000 adr
473 1942 596 1998 elationis
614 1946 641 1996 et
656 1938 812 2010 superbiae,
830 1940 857 1994 lu
875 1945 992 2008 aestate,
1019 1946 1048 1997 nt
1065 1943 1092 1995 in
1111 1941 1188 1998 nobis
1208 1942 1345 2001 edometur

308 2049 378 2122 ignis
389 2043 541 2117 cupiditatis
551 2047 577 2099 et
587 2042 727 2107 avaritiae,
743 2043 769 2096 io
779 2045 911 2107 autumno,
923 2046 951 2095 nt
961 2040 1096 2098 edometur
1103 2048 1176 2099 terra
1187 2043 1344 2118 frigiditatis

307 2145 454 2221 spiritualis
462 2141 653 2200 obtenebrosae
663 2141 838 2213 ignorantiae,
858 2143 884 2194 in
902 2139 1002 2213 ipone,
1023 2147 1050 2197 ut
1068 2141 1203 2198 edometur
1220 2145 1247 2200 in
1265 2144 1344 2202 nobis

307 2262 377 2323 aqua
394 2246 511 2304 lenitatis
527 2249 554 2298 et
571 2243 770 2298 inconstantiae.
805 2240 922 2313 Septima
941 2243 1009 2297 ratio
1028 2248 1084 2312 est,
1108 2245 1229 2316 qnoniam
1248 2251 1277 2299 ut
1297 2262 1345 2303 rer

307 2347 420 2406 refertur
437 2344 470 2401 ed
489 2345 643 2417 pueritiam,
663 2346 753 2418 aestas
771 2341 804 2397 ad
823 2341 1042 2410 adolescentiam,
1061 2348 1213 2400 aructunnus
1229 2344 1267 2401 od
1285 2359 1342 2402 ma·

306 2452 437 2506 toritatem
444 2447 501 2502 siue
514 2444 613 2500 virilem
627 2448 750 2510 aetutem,
769 2441 858 2514 inponas
873 2441 1082 2510 adsenectutem,
1094 2444 1245 2516 jejunamus
1260 2447 1343 2520 igitur

305 2554 332 2606 in
350 2563 425 2616 uere,
442 2551 470 2602 ut
490 2547 570 2600 simus
588 2545 661 2614 pueri
681 2559 730 2615 per
747 2546 937 2608 innocentiam,
962 2544 989 2595 in
1008 2547 1126 2612 costato,
1149 2550 1178 2599 ut
1197 2544 1344 2602 eliiciamur

306 2652 388 2706 iortes
405 2644 511 2702 vitando
528 2645 750 2709 incontinentiam,
767 2645 794 2698 ln
811 2649 943 2708 antonno,
961 2647 991 2697 ut
1008 2642 1151 2698 efficiamur
1163 2646 1275 2716 juvenes
1293 2661 1344 2718 per

303 2750 477 2812 constantiam
493 2752 520 2802 ct
531 2744 827 2817 maturiperp'ustitiam,
845 2744 873 2796 in
890 2741 991 2812 bperne,
1008 2747 1036 2796 ut
1054 2741 1343 2818 ciliciamnrsenesper

303 2849 467 2924 praudentiam
478 2847 647 2904 etbonestam
660 2845 749 2912 uitam,
767 2841 809 2897 vei
827 2842 914 2913 potius
933 2843 961 2895 in
979 2841 1078 2914 bpemo,
1096 2847 1341 2918 alsatisiueianruu,

304 2949 430 3025 qrridouid
440 2964 488 3020 per
503 2943 605 3018 ¹)alias
613 2943 849 3000 octomodomioum
859 2941 1023 3000 odendinnns.
1048 2941 1272 3004 Octavamtioest
1281 2963 1340 3004 nra-

303 3043 763 3126 gistriGuilielruibltissiodoronsis.
782 3040 844 3098 ideo
857 3043 924 3098 enim
940 3045 966 3098 in
975 3048 1098 3114 quattuor
1108 3049 1340 3118 annitemporibns

298 3145 458 3228 jejunamus,
476 3154 506 3203 ut
523 3144 697 3212 emendemus,
716 3159 784 3217 quoe
799 3145 826 3197 in
844 3142 897 3200 illis
916 3149 1040 3215 qrrattoor
1059 3147 1120 3199 unni
1137 3144 1341 3218 tempestatibus

301 3249 465 3323 deliquimus.
506 3245 540 3303 Et
557 3247 620 3302 dunt
637 3249 757 3318 pertras
777 3243 850 3312 dies,
879 3248 909 3298 ut
926 3242 1120 3300 sulislaoiemns
1138 3246 1163 3300 in
1183 3245 1339 3320 dio‚.quod

252 3385 255 3428 ,
300 3352 456 3424 deliquimus
474 3349 500 3403 in
518 3362 621 3414 menso,
646 3350 674 3402 et
690 3345 755 3400 bont
771 3346 797 3399 ιι
816 3343 941 3400 seriumne
959 3348 1070 3415 quarta,
1094 3347 1158 3418 quia
1176 3352 1236 3402 tnnc
1253 3345 1339 3402 domi-

300 3451 348 3510 nos
367 3451 469 3509 olnda
487 3447 598 3503 traditus
617 3445 675 3514 init,
693 3447 813 3501 inserita
831 3444 909 3512 lenia,
928 3447 991 3516 quia
1007 3445 1145 3502 orueiiiuns
1158 3447 1216 3514 init
1235 3449 1262 3502 in
1274 3446 1339 3503 seb-

299 3553 373 3620 bato,
394 3554 456 3624 ouria
473 3550 500 3604 in
517 3545 656 3620 sepoiebro
670 3547 756 3620 jacuit
774 3549 801 3602 et
818 3547 881 3618 quio
898 3546 989 3602 tristes
1008 3552 1084 3603 erant
1100 3548 1217 3620 apostoli
1228 3547 1261 3604 de
1272 3562 1338 3604 nece

299 3654 341 3710 aui
358 3651 465 3707 domini.

294 3783 720 3810 ....----—-—-

336 3845 371 3924 1ι)
385 3869 424 3916 sd.
439 3835 490 3914 lieet
504 3867 562 3914 maie
575 3881 626 3924 per
639 3867 707 3912 illas
721 3871 864 3921 rprruttnor
876 3871 994 3912 aetates
1006 3865 1143 3924 praeierunt.
