2902 5310
188 479 261 560 Cap.
284 475 414 536 CLXlll.
448 474 493 534 Do
515 473 784 534 commemoratione
805 472 972 534 animarum.
1035 473 1094 536 737

64 644 106 696 ιιι
130 640 198 696 enirn
225 636 331 694 cbristo
357 629 508 708 baptizato,
533 631 599 691 Luc.
617 630 667 688 lll:
690 630 755 689 iesu
783 631 919 704 baptizato
948 638 975 688 ot
1001 639 1094 688 orento
1183 701 1184 704 Ἴ

59 745 178 810 opertum
198 743 239 794 est
257 736 366 792 coelun.
402 733 452 790 Per
473 732 543 807 quod
565 730 744 806 significatur,
768 731 838 806 quod
856 731 957 789 coelum
977 736 1095 804 operitur

58 835 178 894 omnibus
198 835 357 908 baptizatis,
380 835 439 890 sire
458 835 511 888 sint
530 832 632 904 porculi
649 833 707 888 sire
725 830 819 898 adulti,
839 833 876 888 ita
893 829 972 905 qood,
990 835 1014 888 si
1032 829 1094 887 irinc

60 935 234 1004 decederent,
258 936 377 1006 protinus
403 931 547 989 evolarent
581 929 731 1003 Raptis-us
754 933 821 987 enirn
846 934 941 988 rirtute
957 933 1093 1004 possionls

61 1033 159 1093 Christi
176 1033 283 1088 mundat
300 1031 334 1088 ab
353 1033 422 1088 onai
441 1038 549 1104 peccate
565 1038 592 1088 et
609 1031 735 1104 originali
758 1039 784 1088 et
808 1033 912 1088 mortali
933 1037 960 1087 ct
987 1032 1092 1088 veniali.

60 1133 182 1191 Secundo
210 1140 328 1205 apertum
355 1137 397 1189 est
419 1131 553 1202 Stepbeuo
580 1131 717 1203 lapideto,
755 1131 815 1187 Act
841 1129 898 1190 vlt:
931 1147 992 1189 ecce
1014 1131 1092 1188 rideo

60 1233 150 1290 coeloe
168 1239 276 1304 apertos
295 1238 344 1288 etc.
380 1231 430 1286 Per
452 1228 521 1302 quod
540 1231 814 1304 significatur,.quod
835 1233 954 1304 operitur
972 1231 1093 1289 omuibus

60 1331 226 1399 martiribus,
251 1334 289 1386 ita
310 1329 383 1403 quod
407 1330 493 1385 stetin
519 1328 637 1397 evolant,
663 1347 718 1385 eum
742 1330 888 1402 decedunt,
914 1339 940 1388 et
962 1334 985 1388 sl
1002 1332 1093 1406 alique

60 1430 215 1488 cremabilia
230 1428 373 1498 babebaat,
389 1432 475 1484 omnia
493 1427 561 1483 laice
579 1431 688 1483 martirii
706 1439 868 1489 resecantur.
904 1430 996 1488 Tertio
1013 1411 1093 1503 nper'·

60 1536 112 1587 tum
137 1537 178 1588 est
198 1529 313 1587 dobeoni
334 1527 546 1601 perfectissimo,
576 1528 685 1599 Apccel.
704 1527 752 1585 lii:
782 1531 837 1585 ridi
862 1535 888 1586 ct
909 1547 972 1588 ecce
996 1534 1091 1587 ostium

59 1639 178 1702 apertum
195 1630 222 1685 in
239 1629 324 1685 coelo.
358 1627 410 1685 Per
427 1628 496 1702 quod
515 1626 693 1702 significatur,
711 1628 782 1702 quod
800 1631 863 1686 viris
880 1631 1023 1702 perlectis,
1047 1635 1093 1704 qui

60 1729 177 1787 totaliter
198 1729 386 1802 poenitentium
411 1726 573 1798 conplorent
596 1745 644 1784 nec
668 1729 782 1784 renialis
806 1729 981 1798 admiserunt,
1009 1730 1050 1787 rel
1068 1734 1092 1786 si

60 1827 204 1901 aliquando
229 1827 416 1895 admittuntur,
440 1841 458 1882 a
481 1827 586 1884 iortorc
611 1829 731 1882 caritatis
756 1831 875 1900 protinus
897 1836 1092 1898 consumuntur,

59 1928 160 1984 coelum
180 1930 265 1998 ipsum
282 1928 406 1982 continuo
426 1927 543 1996 aperilem
560 1931 586 1982 et
604 1943 663 1982 mou
681 1929 707 1982 iu
724 1927 789 1982 illud
810 1937 938 1999 perpetuo
957 1932 1092 2001 regnaturi

60 2026 250 2099 ingrediuntur.
284 2025 369 2082 Valde
386 2032 471 2082 sutem
490 2024 552 2079 mali
570 2029 643 2092 sunt,
667 2027 712 2098 qul
737 2029 860 2084 continuo
885 2029 912 2083 in
930 2027 1024 2084 inlcroi
1042 2029 1092 2084 ba·

60 2123 175 2183 ratlurum
199 2123 398 2198 demerguntur,
421 2141 470 2198 pro
488 2125 597 2196 qulbus,
620 2127 644 2180 sl
668 2123 702 2181 de
727 2141 817 2182 eorum
841 2126 1007 2185 damnatione
1028 2143 1092 2184 con-

57 2231 155 2292 staret,
185 2225 258 2279 nulla
280 2225 410 2298 suiiregia
433 2223 599 2298 aliquatenus
624 2225 714 2282 essent
736 2223 839 2294 suenda,
863 2227 1004 2284 secundum
1022 2229 1093 2302 quod

58 2322 123 2379 dicit
134 2325 310 2398 Augustinus:
329 2325 353 2380 ei
372 2326 464 2380 sciren
484 2331 585 2396 putrent
604 2340 686 2381 meurs
708 2341 768 2394 csse
785 2325 811 2380 ln
832 2319 1014 2393 talemence
1032 2329 1091 2398 pius

57 2439 161 2480 crercm
182 2441 230 2496 pro
250 2440 298 2492 eo,
316 2439 392 2497 quam
411 2440 459 2496 pro
477 2424 601 2496 dyabolo.
637 2423 665 2480 Si
688 2431 773 2480 eutem
796 2439 852 2496 pro,
866 2425 1000 2499 aliquibus
1019 2427 1091 2484 dans·

57 2527 143 2593 natis,
169 2523 202 2588 de
226 2541 334 2597 qnorum
361 2523 528 2580 damnatione
554 2522 701 2590 dubitator,
723 2525 815 2596 alique
839 2526 968 2597 sulimgis
990 2528 1091 2596 dorent,

57 2624 124 2682 nibil
142 2631 227 2681 tamen
245 2625 278 2678 lis
295 2623 462 2694 prodessent,
483 2639 533 2679 nec
551 2630 672 2696 qnantum
691 2623 724 2680 ed
736 2621 929 2694 liberationem,
947 2633 976 2682 nt
990 2626 1094 2684 scilicet

56 2723 90 2780 ab
110 2725 176 2796 lpsis
193 2725 286 2796 poenis
303 2722 457 2788 liberentur,
476 2739 524 2779 nec
536 2731 658 2796 quantum
675 2720 709 2778 ad
729 2724 927 2795 mitigationem,
947 2731 976 2780 ut
989 2727 1092 2784 seilicet

59 2839 150 2896 poena,
163 2825 191 2879 in
208 2825 241 2878 iis
260 2825 396 2895 mitigetur
415 2822 455 2880 rel
472 2822 643 2890 diminuatur,
668 2839 716 2878 nec
740 2829 863 2894 quactum
885 2823 918 2879 ad
936 2829 1091 2898 suspensio-

58 2940 132 2994 nem,
157 2931 186 2980 ut
203 2923 306 2980 scillcet
323 2920 358 2978 nd
376 2929 479 2993 tempus
498 2921 539 2976 rei
554 2921 591 2977 ed
610 2921 700 2978 boram
720 2939 809 2978 eorum
828 2922 960 2980 damnetlo
978 2937 1092 2996 suspen-

58 3024 150 3093 datur,
173 3038 221 3079 nec
245 3027 368 3094 qnantum
382 3021 426 3080 ,od
452 3019 676 3090 fortificationem,
702 3026 731 3078 ut
755 3022 857 3078 scilicet
877 3021 911 3078 ad
928 3023 1092 3082 tolerandum

56 3126 142 3181 iccius
160 3121 331 3188 roborentur,
348 3127 470 3193 quantum
489 3123 555 3178 eninr
574 3121 609 3176 ad
627 3120 728 3194 aliquid
746 3121 837 3178 borum
853 3125 878 3178 in
898 3123 1000 3180 lnlerno
1020 3124 1092 3180 nulla

58 3224 184 3279 redemtio
208 3228 257 3278 cst.
296 3219 471 3278 Mediocriter
494 3228 580 3277 autem
610 3217 674 3276 boul
698 3221 834 3290 dicuntur,
866 3225 911 3297 qui
939 3223 1093 3280 cremabilia

58 3324 165 3394 aliqua,
191 3323 294 3380 scilicet
316 3323 431 3394 lignum,
458 3321 577 3389 lcennm,
600 3321 723 3393 stipulam
747 3337 835 3377 sonum
858 3320 960 3392 lerunt,
985 3323 1027 3380 tel
1047 3325 1091 3396 qul

58 3423 243 3494 poenitentiam
262 3423 402 3494 injunctam
422 3427 448 3478 et
466 3421 636 3477 subicientem
655 3427 738 3477 morte
755 3425 941 3493 praeoccupati
961 3423 1091 3493 complere

57 3537 109 3576 non
129 3528 248 3592 possunt.
284 3519 334 3584 Qui
353 3537 400 3576 neo
418 3521 485 3577 odeo
504 3520 565 3576 boni
583 3528 657 3589 sont,
675 3525 742 3594 quin.
756 3522 891 3594 suffragiis
910 3527 1019 3594 egeant,
1042 3537 1092 3577 nec

58 3619 128 3676 adeo
153 3621 229 3687 mall,
256 3623 319 3692 quin
344 3624 379 3675 iis
401 3619 529 3692 prodesse
554 3620 659 3678 valeant
682 3621 818 3694 eultrugia.
854 3619 989 3692 Suffragia
1010 3623 1093 3694 igitur

58 3720 130 3775 lacta
154 3733 202 3790 pro
229 3719 270 3774 bis
291 3725 352 3774 sunt
376 3736 464 3776 eorum
482 3722 657 3791 expiationes.
691 3717 759 3802 Undl
775 3721 820 3775 isti
837 3728 898 3775 sunt
915 3719 981 3786 illi,
996 3719 1090 3792 quibus

59 3821 120 3891 ipsa
138 3819 266 3891 euliragiu
286 3817 371 3873 solum
390 3817 517 3888 prodesse
535 3827 654 3890 possunt.
689 3819 719 3876 ln
735 3817 884 3891 ltujnsmodi
896 3825 982 3874 antem
995 3819 1090 3874 sulirs·

58 3921 112 3991 giis
132 3917 260 3972 iaciendis
279 3916 394 3973 ecclesie
410 3921 546 3974 consuerit
564 3919 692 3990 triplicem
710 3934 841 3974 numerum
862 3917 962 3972 diorum
980 3921 1091 3975 maximo

59 4016 218 4083 observare,
247 4015 349 4072 scilieet
374 4019 565 4087 septenarium,
592 4019 758 4076 tricenarium
785 4023 812 4073 et
834 4018 1041 4072 anniversarium
1065 4025 1091 4076 ct

58 4119 127 4171 ratio
159 4115 249 4170 borum
278 4117 432 4187 assignatur
460 4119 487 4172 in
519 4116 586 4172 libro
615 4116 649 4173 de
671 4116 767 4172 mitrali
792 4114 892 4172 elicio.
928 4114 1091 4172 Observatum

59 4217 240 4288 septenarius,
266 4220 295 4270 ut
312 4215 414 4272 animae
438 4215 471 4271 ed
495 4223 627 4272 aemorum
651 4219 748 4288 quictis
766 4215 905 4272 sabbatum
928 4217 1089 4286 pervenient,

59 4314 101 4372 rel
125 4321 153 4372 ιιι
174 4316 209 4378 lis
228 4316 392 4372 remittantur
408 4317 503 4370 ,conta
527 4323 650 4386 peccate,
677 4330 745 4386 quse
769 4317 796 4370 io
820 4318 1022 4387 studuerunt,
1047 4316 1092 4386 qul

60 4419 225 4486 perceptum
243 4415 300 4472 diss
319 4412 436 4482 ducitur,
457 4414 496 4472 rel
516 4420 543 4470 ut
560 4417 592 4472 iis
611 4418 775 4472 remittentur
794 4419 918 4488 peccata,
942 4428 1012 4488 quae
1028 4429 1091 4486 ege·

852 4509 887 4568 tt
