2984 5302
279 461 351 542 Cap.
375 459 487 520 cxvii.
528 459 574 519 De
595 466 696 518 saneto
718 454 876 517 Laurentio
897 454 1022 514 martire.
1106 447 1167 514 tal

137 621 173 679 iit
192 620 298 694 quidun
315 615 425 693 gentiiis
442 621 545 678 nurnine
561 615 694 685 Lucillus,
718 619 761 690 qni
787 613 917 686 pinsandis
934 613 1020 668 innan
1037 613 1169 670 anuinium
1194 635 1195 640 ¹

137 722 269 776 amiserat.
305 719 352 775 (ini
371 733 427 774 nun
446 718 603 774 Laurentius
622 717 709 774 innuen
726 733 755 773 se
773 721 924 771 restaurare
941 715 1121 784 promitteret,
1146 717 1170 769 si

136 822 163 876 in
183 819 314 876 Christum
333 815 455 874 uenderet
471 822 499 873 nt
515 817 645 889 baptisma
665 819 821 888 susciperet,
842 814 887 870 iiia
899 829 929 869 se
947 815 1087 870 instantius
1104 813 1171 886 bap-

135 921 211 975 tizari
231 917 383 990 postularit.
418 918 558 990 iusipiens
576 934 641 990 ergo
661 932 755 989 annana
772 915 930 970 Laurentius
949 912 1016 968 dixit
1028 915 1067 970 ei:
1084 917 1171 968 onnia

135 1022 161 1074 in
180 1017 349 1074 ueniessinne
367 1001 496 1073 inventur.
530 1018 645 1089 Curaque
664 1020 747 1089 ipsun
767 1015 800 1072 de
818 1013 936 1096 articulis
954 1011 1015 1070 niet
1030 1013 1172 1086 diiigenter

133 1122 330 1190 interrogasset
355 1124 382 1173 et
406 1117 451 1173 iiia
470 1120 556 1172 onnia
579 1133 610 1174 se
635 1116 744 1194 credere
768 1115 906 1172 noniessns
936 1113 1046 1182 inisset,
1076 1128 1171 1185 aquarn

136 1234 218 1290 snper
241 1222 320 1287 eaput
341 1197 402 1289 'njns
427 1216 518 1272 affudit
544 1224 570 1274 et
597 1219 681 1287 insutu
706 1219 733 1272 iu
759 1217 858 1272 Christi
888 1216 991 1269 nomine
1017 1212 1171 1284 baptizarit.

137 1319 305 1389 Quapropter
329 1317 401 1372 inuiti
427 1317 461 1372 ati
488 1332 545 1372 eun
571 1318 647 1372 eaeni
666 1316 806 1373 nutriebant
823 1321 850 1372 et
867 1313 900 1369 ab
919 1329 951 1370 en
969 1313 1108 1368 iiiurninuti
1129 1327 1171 1368 re·

137 1415 254 1472 diebant.
288 1413 344 1470 iton
369 1417 460 1473 ridens
484 1416 638 1488 iiyppniitus
656 1417 722 1472 dixit
739 1418 780 1473 ei:
805 1414 917 1471 ostende
942 1412 1004 1468 nihi
1021 1413 1170 1469 thesaurus.

137 1519 185 1573 Cui
202 1517 375 1572 Laurentius:
401 1515 591 1588 niiypnniite,
616 1519 640 1571 si
658 1519 685 1572 in
702 1515 832 1572 dominun
856 1513 945 1571 Jasunr
964 1511 1094 1569 Christum
1113 1527 1171 1569 urn-

138 1616 253 1684 tideris‚
283 1621 310 1670 et
339 1615 480 1671 thesaurus
512 1615 562 1670 tihi
586 1617 698 1673 nstendn
725 1623 751 1673 et
777 1618 856 1671 vitain
881 1620 1015 1672 aeternam
1038 1615 1170 1686 nranittn.

138 1715 185 1772 Cui
203 1715 372 1787 Hypaniitus:
397 1718 422 1770 si
439 1715 510 1770 dista
527 1714 604 1772 iantis
623 1732 792 1789 nomnensas,
817 1716 929 1782 inuiam,
957 1712 1026 1786 quud
1046 1713 1171 1768 hortaris.

137 1813 235 1871 Eadem
254 1813 321 1870 itura
334 1813 490 1888 Hyppoiiius
507 1815 620 1873 eredidit
636 1823 663 1872 et
680 1831 782 1872 sacrun
800 1815 931 1887 baptisma
942 1830 999 1869 nun
1012 1812 1112 1868 iarniiia
1124 1827 1173 1868 sua

139 1917 264 1986 suscepit.
298 1913 451 1984 Baptizatus
463 1921 549 1972 autern
567 1917 619 1970 ait:
638 1915 692 1971 ridi
705 1917 805 1972 anirnus
820 1915 993 1970 innocentium
1006 1913 1092 1968 laetas
1104 1928 1172 1986 gau·

138 2014 210 2071 dere.
245 2012 309 2069 Posi
326 2012 377 2068 iren
394 2014 528 2069 mandarit
545 2014 701 2071 Valerianus
719 2015 752 2070 aui
771 2013 945 2086 iisppuiitunu.
964 2019 992 2068 ut
1004 2011 1174 2068 Laurentium

139 2119 329 2185 praesentaret.
364 2115 411 2170 Cui
435 2113 594 2170 Lanrnniins
618 2116 671 2170 ait:
697 2114 857 2170 ambutemus
876 2113 953 2168 amin
971 2114 1088 2183 pariter,
1110 2112 1175 2184 quit

140 2212 202 2268 antini
228 2219 255 2268 et
277 2211 326 2268 tibi
352 2214 440 2286 gioria
462 2219 645 2285 praeparatur.
680 2212 721 2270 Ad
746 2214 861 2268 tribunat
885 2229 950 2286 ergo
973 2211 1049 2268 ambo
1069 2215 1175 2268 ueniunt

139 2319 166 2369 et
191 2312 220 2367 nt
243 2316 335 2370 iterun
364 2315 497 2385 inquisitio
522 2313 555 2369 te
577 2312 720 2382 thesauro,
745 2312 903 2369 Laurentius
920 2319 1007 2370 autern
1026 2311 1113 2367 triduo
1131 2314 1174 2366 in·

140 2411 232 2468 iunias
256 2415 348 2484 petiit,
372 2427 438 2485 quas
462 2411 618 2469 iniurianus
640 2412 729 2470 eidam
752 2413 800 2470 sub
823 2412 955 2485 ilsppuiiti
972 2411 1094 2467 nnstndis
1112 2427 1175 2468 uun-

139 2515 229 2570 usssit
264 2511 291 2568 in
311 2511 362 2569 hoe
380 2511 468 2567 triduo
488 2511 647 2570 Laurentius
665 2529 796 2590 pauperes
815 2511 924 2568 claudus
942 2519 969 2570 et
986 2528 1079 2568 naeuus
1093 2511 1175 2569 soiiu-

139 2615 181 2686 git
200 2620 226 2668 et
246 2625 293 2668 ens
312 2615 338 2667 in
351 2612 451 2684 paietin
472 2612 655 2680 ¹]Saiustiann
674 2629 759 2682 noran
779 2611 860 2670 neno
878 2616 1058 2686 praesentarit
1071 2612 1176 2670 dicens:

141 2719 202 2767 enee
221 2714 263 2766 isti
284 2718 345 2767 sunt
354 2711 472 2769 thesauri
482 2715 592 2781 aeterni,
613 2716 796 2786 quinunquan
811 2715 966 2781 minuuntur,
985 2712 1033 2770 sati
1046 2720 1176 2782 erasmi,

140 2812 188 2880 qni
218 2812 245 2866 in
269 2812 382 2886 singuiis
408 2811 596 2886 disperguntur
626 2822 653 2870 nt
675 2816 702 2870 in
727 2812 846 2870 amnibus
871 2816 1051 2882 inueniuntur,
1084 2814 1177 2876 Lnrnru

139 2913 206 2968 eninr
231 2926 322 2967 munus
346 2911 487 2968 thesaurus
514 2916 538 2968 in
556 2913 657 2970 uneiurn
676 2913 889 2987 deportaverunt.
924 2893 1082 2970 Valerianus
1099 2931 1178 2987 prae-

141 3018 216 3067 sente
244 3008 325 3066 Denin
351 3011 434 3068 dixit:
458 3011 520 3085 quini
539 3015 651 3069 variaris
669 3031 717 3085 per
735 3014 837 3090 nnita-t
856 3017 911 3086 jann
931 3029 998 3070 nunu
1015 3015 1179 3073 esuriisset

143 3113 270 3185 magicam
295 3118 377 3168 arten
400 3111 512 3183 inpune.
549 3113 595 3168 cni
614 3113 788 3170 Laurentiue:
813 3116 873 3187 quis
889 3113 969 3170 debet
985 3115 1108 3184 adorari,
1133 3119 1178 3188 qni

141 3209 230 3266 inetur
262 3218 312 3280 est,
337 3226 371 3266 an
397 3213 441 3284 qui
466 3209 551 3268 inniti
583 3210 669 3268 iratus
693 3213 790 3270 [tesius
810 3215 893 3288 jussit
917 3230 975 3270 enus
993 3215 1178 3285 senrpinniirns

142 3311 218 3366 naudi
243 3317 271 3366 et
287 3326 363 3368 nune
380 3327 464 3384 genus
485 3318 671 3368 tormentoruni
696 3319 758 3369 ants
777 3317 861 3386 ipsunt
880 3311 986 3370 deterri.
1021 3311 1102 3377 Queur
1121 3331 1178 3372 narn

144 3407 295 3465 saeriiiunre
308 3408 431 3482 juberet,
455 3418 484 3467 nt
502 3411 568 3468 isara
585 3418 715 3469 tnrrnentu
732 3413 873 3480 eraderet,
900 3411 1050 3483 respondit:
1074 3414 1177 3484 iutuitu,

143 3508 193 3564 iras
212 3510 304 3580 ennias
323 3525 428 3582 semper
448 3513 547 3582 nutari.
582 3510 630 3567 (ini
647 3511 760 3569 Desinat
786 3516 809 3568 si
827 3513 923 3584 ennias
942 3515 1010 3569 istas
1029 3518 1104 3583 snut,
1128 3515 1179 3570 tiiri

143 3609 243 3664 sintina
257 3608 344 3679 panda
357 3609 494 3681 annianus,
511 3615 540 3665 ut
552 3617 635 3666 teeun
650 3614 750 3684 pariter
763 3613 909 3684 epulentur.
944 3611 993 3668 Cui
1004 3611 1179 3672 Laurentius:

141 3711 196 3780 jan
216 3710 242 3762 in
262 3707 345 3764 eoeiis
363 3710 468 3765 numina
484 3723 534 3764 sun
551 3708 679 3766 dederunt
698 3718 725 3767 et
744 3711 804 3768 iden
817 3728 907 3768 eurum
921 3712 1072 3784 apsntibus
1083 3730 1136 3770 nnn
1150 3731 1180 3771 es
1290 3739 1295 3750 ·

145 3806 250 3880 dignus.
270 3805 640 3879 Tuuejubentesseeinnudus
650 3809 763 3866 fustibus
773 3811 925 3869 cantitaret
937 3813 1180 3874 ardentesiarninta

145 3904 180 3962 nd
205 3905 290 3963 intera
308 3914 490 3979 apponuntur,
514 3908 633 3984 dixitque
651 3907 825 3967 Laurentius:
856 3911 961 3968 domine
979 3911 1042 3970 Jesu
1067 3913 1180 3984 Christe,

145 4005 216 4062 liuns
242 4006 275 4063 ds
305 4005 378 4074 Dan,
403 4009 527 4064 miserens
551 4011 600 4064 nnei
617 4012 687 4066 survi
705 4013 759 4080 tui,
778 4014 840 4084 qnia
858 4017 996 4068 accusatus
1014 4029 1066 4068 nnn
1084 4017 1181 4088 negaui

145 4120 237 4162 annun
265 4112 384 4161 sanctuni
412 4111 499 4174 inum,
530 4109 709 4183 interrogatus
739 4117 766 4167 tn
798 4112 926 4168 dunstanni
952 4111 1091 4170 confessas
1114 4128 1179 4171 suni.

146 4204 268 4278 Dixitque
287 4207 311 4260 ei
330 4203 440 4260 Decius:
460 4207 531 4274 suia,
551 4210 614 4280 quia
631 4197 679 4282 pur
690 4215 772 4270 urtatn
787 4214 912 4286 magicam
927 4218 1056 4271 tormenta
1068 4214 1180 4283 dtiutiis,

147 4343 518 4361 w

196 4428 217 4482 t)
229 4426 270 4472 itui.
285 4431 318 4478 ir.
332 4427 504 4475 salustiani
518 4427 579 4480 insit.
