2828 5302
277 422 337 485 son
520 426 593 506 cap.
616 427 694 486 xxi.
744 428 788 488 oe
811 412 916 488 caneo
931 427 1065 488 solonio.

689 773 783 872 iii.
819 773 908 872 iii.

533 926 607 998 lle
635 929 801 998 uncto
831 927 1057 998 Antonio.

346 1087 475 1142 Anteom
493 1087 588 1144 dicitnr
603 1087 637 1144 ab
655 1104 716 1158 ana,
735 1090 804 1162 quod
824 1098 866 1146 est
882 1105 1001 1170 senon,
1014 1098 1041 1148 et
1059 1097 1160 1158 tenens,
1178 1093 1256 1162 qnasi
1271 1106 1316 1148 sn·

231 1191 242 1213 ·
280 1199 362 1255 perna
379 1190 471 1244 tenens
487 1193 514 1242 et
530 1188 660 1244 nandans
677 1188 832 1260 despiciens.
855 1187 984 1262 Bespesit
1000 1196 1085 1246 eatena
1103 1188 1234 1256 mise,
1254 1191 1318 1262 qnia

279 1283 434 1353 inmundos,
451 1288 593 1361 inqnietns,
613 1289 791 1357 bansitorles,
809 1288 973 1360 deceptivus,
990 1304 1104 1346 anans,
1138 1288 1177 1344 lle
1193 1287 1236 1344 lsis
1254 1287 1317 1346 dicit

281 1383 491 1457 Angustimsm
510 1386 604 1445 nrnnde
621 1387 759 1454 mnnnde,
778 1386 839 1460 qnid
857 1389 1025 1460 perstrepis?
1043 1386 1112 1453 Quid
1130 1393 1252 1444 evertere
1270 1401 1317 1443 eo·

280 1483 375 1538 namt
408 1481 463 1540 llos
480 1491 570 1543 tenere
588 1485 629 1542 sis
647 1483 773 1559 legiensi
807 1486 874 1552 iinid
893 1485 1004 1554 iaceres,
1024 1488 1047 1542 si
1063 1489 1206 1543 manens?
1234 1488 1315 1552 tinen

280 1595 333 1636 non
351 1580 487 1655 deciperes
504 1584 603 1652 doleis,
638 1587 682 1658 qni
700 1600 804 1644 meres
828 1585 915 1641 dulcia
932 1583 1057 1642 elimenta
1073 1585 1211 1642 moneret
1251 1584 1317 1658 Ejus

281 1681 360 1736 vitan
379 1681 536 1740 dnutasins
553 1686 669 1756 scripsit.

365 1785 395 1840 Ι.
418 1781 547 1838 Anwnins
573 1798 630 1840 ears
654 1782 705 1840 XX
730 1793 802 1840 esset
825 1800 950 1842 sonoram
973 1790 1001 1841 et
1024 1781 1127 1840 endiret
1150 1785 1205 1860 legi
1228 1787 1255 1840 io
1272 1767 1316 1842 ee-

281 1879 377 1935 clesia:
410 1881 435 1936 si
452 1882 493 1936 sis
514 1883 648 1954 periectos
671 1899 747 1951 esse,
784 1883 853 1941 vade
871 1890 898 1941 et
922 1883 1007 1940 sende
1032 1883 1136 1950 onnia,
1173 1898 1242 1956 qnae
1268 1883 1317 1940 ia-

280 1978 329 2034 bes
354 1984 382 2035 et
406 1979 443 2035 de
464 1981 640 2053 perperibus,
676 1985 763 2038 omnia
784 1996 834 2038 soe
861 1981 977 2040 vendens
1007 1981 1166 2054 peoperibns
1196 1987 1318 2056 erogavit

282 2085 310 2135 et
334 2080 492 2147 eresnitleans
518 2083 597 2136 sitan
622 2080 703 2138 desit.
756 2081 804 2139 lllr
825 2080 1025 2137 innumerabilia
1047 2081 1200 2138 daemonnm
1230 2090 1316 2139 unta-

281 2183 370 2235 snenta
391 2180 523 2234 sustinuit.
575 2179 694 2244 (leedan
716 2183 772 2238 vice
794 2180 854 2236 dnn
877 2181 997 2251 spiritum
1023 2179 1203 2238 fornicationis
1221 2183 1318 2239 dante

282 2277 344 2334 idei
361 2285 530 2350 superasset,
564 2275 692 2351 dyabolus
710 2282 737 2336 in
754 2283 843 2352 specie
860 2281 935 2351 pueri
953 2280 1024 2352 nigri
1042 2284 1103 2334 ante
1121 2293 1179 2335 ean
1197 2287 1317 2352 prostra-

282 2384 325 2433 tns
357 2379 482 2449 apparuit
504 2384 532 2435 et
554 2393 585 2435 se
609 2378 644 2434 eb
669 2395 701 2436 eo
731 2382 825 2436 sieten
856 2377 995 2436 consessas
1024 2383 1074 2435 est.
1125 2377 1192 2435 lien
1216 2386 1244 2437 et
1266 2379 1317 2437 lroc

283 2475 406 2548 precibus
428 2477 595 2548 inpetravit,
631 2484 660 2533 ni
683 2478 786 2536 rideret
809 2477 990 2534 fornicationis
1008 2477 1159 2534 doemonem
1173 2477 1317 2552 inconibus

282 2574 463 2633 insidiantem:
481 2591 557 2648 enen
575 2590 632 2632 cuns
648 2579 676 2632 in
692 2577 829 2648 praedicta
847 2577 932 2633 lernae
948 2576 1068 2646 vidisset,
1086 2575 1167 2632 dixit:
1190 2577 1319 2634 vilissins

282 2673 345 2731 erili
365 2675 512 2748 apparuisti
529 2678 627 2747 specle,
644 2681 671 2732 te
691 2667 760 2731 ultra
778 2692 830 2732 noo
847 2677 953 2734 timebo.
988 2676 1050 2732 Aila
1064 2678 1122 2734 vice
1140 2676 1198 2733 dens
1213 2678 1317 2752 loeso-

283 2774 343 2831 darn
359 2773 458 2830 tnnnlo
473 2772 601 2842 latitaret,
619 2774 755 2830 multitudo
766 2774 917 2832 daemonem
935 2792 993 2833 enrn
1010 2775 1078 2832 adeo
1088 2774 1226 2845 laceravit,
1246 2777 1317 2850 qaod

282 2877 401 2932 minister
416 2875 474 2948 ejas
493 2874 570 2947 quasi
588 2880 715 2931 nonnam
732 2891 789 2931 enm
806 2877 921 2948 propriis
939 2875 1053 2932 hameris
1070 2881 1230 2947 aspostaret,
1246 2890 1316 2933 enn-

283 2990 336 3049 qne
352 2990 409 3030 earn
427 2989 533 3042 onnes,
557 2975 603 3046 qni
619 2982 811 3044 convenerant,
840 2977 915 3048 qnasi
933 2982 1060 3032 noriam
1078 2975 1244 3047 plorassent,
1268 2974 1315 3032 do·

281 3072 396 3130 lentibus
418 3076 517 3129 cuncds
540 3073 628 3128 snbito
653 3074 783 3130 Antonius
808 3077 943 3131 reviviscit
966 3082 993 3131 ct
1010 3089 1028 3132 a
1046 3077 1164 3130 ministro
1187 3073 1221 3130 ad
1238 3090 1316 3147 prae·

282 3166 378 3229 dictun
394 3174 523 3229 tnnnlans
546 3189 576 3229 se
601 3175 694 3229 iterun
718 3177 820 3246 portori
845 3173 915 3230 iecit.
970 3175 1019 3240 lini
1043 3189 1099 3230 cnon
1116 3173 1154 3230 ibi
1173 3189 1206 3230 ex
1224 3174 1317 3232 dolore
1390 3231 1394 3238 ,

283 3273 417 3330 suberete
436 3278 584 3345 prostratus
598 3273 771 3344 iaceret,en
789 3275 885 3330 ciricis
899 3275 979 3330 animi
996 3273 1029 3329 ad
1047 3273 1192 3330 condiente
1209 3274 1315 3331 dasne

260 3389 330 3434 nes
351 3370 492 3430 excitabat.
543 3370 618 3428 Tene
636 3371 676 3427 illl
692 3374 718 3427 in
742 3371 833 3428 lorssis
857 3374 939 3429 variis
965 3373 1079 3430 leronem
1096 3381 1275 3446 apparuerunt
1290 3381 1318 3432 ei

283 3487 341 3528 enne
358 3475 451 3529 iterum
474 3471 612 3540 dentibus,
645 3471 769 3527 cornibus
788 3477 815 3528 ct
837 3471 968 3546 unguibus
984 3473 1164 3529 crudelissime
1181 3473 1317 3532 lacerare-

283 3577 357 3627 runt·
403 3571 477 3628 Tenc
502 3570 590 3629 sabito
616 3570 743 3644 splendor
766 3571 893 3628 mirabilis
917 3572 953 3628 lbi
978 3575 1102 3644 apparuit
1125 3577 1153 3628 et
1175 3571 1317 3630 daemones

282 3677 389 3727 ceneten
406 3670 518 3745 ingerit,
534 3673 662 3728 domnino
677 3677 763 3729 anteat
782 3675 905 3727 continno
924 3677 1032 3728 sanatas
1049 3678 1099 3730 est.
1130 3670 1222 3746 ibique
1242 3671 1318 3728 iliri-

283 3778 351 3826 sturn
369 3770 463 3827 edesse
481 3770 631 3842 intelligens
649 3772 701 3826 ait:
726 3769 770 3828 nbi
789 3785 865 3840 eras,
883 3769 952 3828 bone
969 3769 1055 3828 lessi
1073 3771 1118 3827 nbi
1136 3772 1218 3828 erasi
1236 3787 1318 3846 qnare

283 3886 336 3926 non
353 3886 371 3926 s
387 3871 518 3943 principio
535 3869 608 3925 luisti
626 3867 679 3937 lsie,
698 3876 727 3925 nt
743 3886 783 3926 ne
800 3871 942 3943 adjuvares
960 3874 987 3926 et
1005 3869 1115 3926 vulnera
1130 3886 1189 3928 nea
1198 3885 1317 3927 sanares.

284 3971 333 4027 Gai
350 3969 482 4026 doninus:
511 3971 624 4037 Antoni,
642 3966 684 4024 hic
702 3984 789 4038 crans,
812 3969 860 4027 sed
877 3968 1063 4041 exspectabant
1082 3969 1171 4026 ridere
1187 3977 1318 4026 certamen

283 4077 368 4125 tnnsn:
392 4059 581 4136 nannenten,
599 4070 662 4140 qnia
679 4068 790 4126 viriliter
809 4068 954 4137 dimicasti,
977 4071 1004 4122 io
1022 4074 1079 4123 loto
1096 4067 1160 4125 erbo
1177 4075 1204 4125 te
1224 4069 1318 4124 iaciens

284 4169 419 4224 noninsd.
456 4165 537 4224 Tanti
554 4174 640 4224 anien
661 4167 774 4224 iersoris
792 4174 864 4237 ersi,
891 4167 977 4242 qnod,
1002 4183 1057 4224 cnm
1077 4166 1253 4224 Maximianus
1272 4169 1319 4222 in-

283 4273 391 4340 perator
407 4267 565 4323 christianos
583 4267 730 4336 occideret,
755 4269 813 4338 ipse
831 4269 951 4323 nariirc's
969 4266 1147 4341 sequebatur,
1165 4273 1194 4323 nt
1210 4282 1267 4322 cuns
1287 4269 1320 4322 ile

283 4369 374 4423 martir
391 4366 446 4424 ieri
467 4375 620 4436 inereretur,
640 4374 667 4424 et
686 4366 852 4425 vehementer
866 4365 1032 4436 ornabatur,
1051 4382 1083 4424 ee
1104 4365 1174 4437 qnod
1190 4367 1318 4424 albiores-
