2866 5310
310 472 373 534 348
451 473 523 552 Cap.
544 471 672 531 Lxxxt.
719 471 765 532 De
785 484 886 532 sancto
909 473 1043 531 barnaba
1066 471 1209 552 apottclo.

309 640 350 688 tes
367 638 395 688 et
412 629 625 701 evangelizantes
644 645 701 686 euru
719 631 780 684 allis
799 629 916 699 pilaribus
932 633 1039 686 uerbum
1057 631 1165 686 domiui.
1199 629 1254 684 lloc
1267 631 1346 685 etiam

310 738 383 804 patet
401 728 538 802 perillam
557 731 693 784 maximam
712 730 915 797 multitudinem,
935 745 1011 801 quarn
1031 729 1188 786 ‚inticelulae
1207 731 1346 793 convertit,

309 833 378 888 adue
396 837 424 885 ut
441 830 479 884 ibi
497 831 580 899 prinae
598 835 753 885 nocerentur
770 829 895 900 discipuli
913 829 1058 885 ebristiuni.
1081 828 1201 884 Secunde
1214 827 1345 896 exemplo,
1373 901 1377 908 ³

308 931 372 1004 qula
390 933 444 985 rita
460 943 511 983 aua
528 928 579 984 isit
596 928 716 984 amitibus
734 927 869 1000 speculum
887 931 1037 984 sanctiatis
1066 935 1092 986 et
1117 927 1262 998 exemplum
1281 924 1344 980 reli·

307 1033 403 1104 ginnls.
439 1027 499 1082 Fuit
516 1029 583 1082 enim
600 1030 627 1082 ln
651 1029 720 1082 omni
739 1043 821 1098 opere
846 1045 895 1084 sue
914 1029 999 1085 uirilis
1018 1035 1045 1086 et
1064 1027 1208 1100 religiosus
1225 1032 1252 1081 ct
1272 1032 1342 1079 stre-

307 1147 389 1197 nnua,
413 1130 525 1183 ninnium
548 1143 645 1194 mesum
670 1127 789 1184 bonitale
812 1130 987 1199 conspicuus,
1015 1129 1085 1182 ernnl
1118 1126 1208 1199 gratia
1231 1124 1343 1193 spiritus

306 1231 391 1287 sancti
415 1230 509 1301 plenus
532 1233 559 1284 et
584 1228 653 1282 onrnl
679 1229 774 1282 virtute
797 1232 824 1283 et
843 1225 893 1283 iude
916 1228 1077 1298 praeclarus.
1112 1227 1150 1283 lle
1169 1225 1211 1280 luis
1230 1228 1343 1294 quatuor

306 1331 419 1386 babetur
436 1329 493 1383 det.
507 1325 569 1382 liv:
587 1329 712 1382 miserunt
727 1325 874 1382 Bernabam
890 1325 1067 1393 Antiochiam,
1086 1335 1113 1383 et
1125 1328 1259 1399 seqnitur:
1278 1323 1339 1378 bor-

304 1430 412 1487 tabatar
430 1443 520 1483 onnes
537 1429 674 1498 preposito
690 1425 779 1480 cerdis
795 1440 950 1496 permanere
967 1427 993 1480 in
1012 1424 1127 1492 domino,
1145 1427 1209 1498 qula
1227 1429 1286 1480 arat
1302 1423 1342 1476 rlr

304 1535 405 1599 benus,
428 1528 522 1600 plenus
540 1528 636 1598 spiritu
659 1531 751 1580 sancto
776 1523 881 1581 elide.
917 1524 1011 1581 'lertio
1028 1524 1156 1582 beneielo
1177 1531 1204 1583 et
1221 1523 1273 1578 lunc
1290 1520 1338 1576 du-

303 1633 415 1703 pllelter.
451 1628 499 1684 list
517 1630 584 1684 enirn
599 1625 697 1696 duplet
715 1623 867 1680 benaicinm
887 1627 944 1680 sire
962 1627 1121 1696 elemosina,
1144 1625 1248 1682 scilicet
1273 1629 1338 1678 teur-

302 1731 419 1802 poralis‚
444 1743 512 1800 quae
531 1728 652 1784 consistit
669 1727 694 1779 ln
712 1726 920 1780 necessariorem
938 1725 1196 1793 subministratione,
1214 1730 1242 1780 et
1259 1723 1339 1794 spirl-

300 1829 398 1896 tualis,
427 1843 494 1900 qnae
517 1828 639 1882 consistit
657 1827 682 1879 ln
701 1823 819 1880 oderrsae
838 1823 998 1881 dimissione.
1035 1825 1146 1882 Primam
1165 1823 1258 1881 inbuit
1273 1821 1335 1878 bee-

299 1938 343 1985 ins
360 1926 514 1992 Barnabas,
532 1925 636 1997 quande
655 1925 822 1982 elemosinam
841 1924 976 1992 iratribus,
995 1928 1129 1997 quierant
1144 1924 1338 1988 inlcrnsaienu,

301 2027 403 2084 detulit.
437 2024 503 2081 Nam
522 2028 589 2080 sieut
606 2024 701 2079 ‹tiettm
716 2024 775 2078 dei.
792 2021 844 2080 xl:
868 2039 926 2079 eunt
944 2024 1016 2081 tuen
1032 2033 1106 2081 esset
1124 2025 1207 2081 lamet
1225 2024 1338 2078 maxima

300 2127 350 2183 snb
379 2125 490 2182 Claudio
523 2123 665 2179 secnrtdutu
696 2124 767 2196 qaod
790 2123 1024 2195 prophetieererat
1047 2124 1169 2196 Agabus,
1201 2118 1336 2192 discipuli,

299 2234 377 2297 prout
394 2228 507 2297 quisque
523 2223 653 2289 babebat,
679 2229 875 2295 preposuerunt
897 2225 924 2278 ln
949 2225 1119 2279 ministeriun
1138 2225 1239 2277 mittere
1256 2220 1334 2274 iett-

297 2325 414 2382 tantibus
432 2328 458 2380 in
475 2323 577 2380 Judaea
596 2324 737 2380 iratribus:
760 2322 832 2395 quoii
857 2330 884 2379 et
906 2323 1026 2379 iecerunt
1042 2324 1173 2378 mittentes
1191 2319 1225 2375 ad
1243 2321 1333 2376 senie-

297 2441 343 2481 res
367 2441 415 2496 per
433 2439 523 2478 nanos
547 2423 686 2478 Barnabae
711 2430 738 2479 ct
754 2422 837 2480 Pauli.
873 2422 1031 2488 Secundam,
1054 2425 1117 2494 quie
1133 2420 1263 2486 lobanni,
1287 2421 1333 2490 qni

296 2521 531 2596 cognominabatur
553 2523 674 2586 blerana,
702 2522 830 2577 eliensem
859 2522 972 2578 dimisit:
1005 2537 1061 2576 cum
1090 2523 1157 2577 eruin
1182 2521 1333 2589 praedictus

296 2623 442 2694 discipulas
461 2621 608 2678 barnabam
628 2628 655 2677 ct
668 2620 775 2676 Paulum
792 2621 960 2693 reliquisset,
982 2623 1101 2680 redeunti
1117 2629 1203 2676 tanuen
1222 2626 1249 2675 ei
1267 2634 1332 2689 poe·

295 2724 389 2778 nitenti
406 2721 541 2778 barnabas
558 2721 668 2776 indulsit
688 2727 715 2776 et
732 2722 824 2776 lteram
844 2722 871 2775 iu
887 2722 1043 2793 discipulum
1061 2721 1217 2790 resumpsit,
1235 2716 1333 2773 Paulus

294 2829 381 2878 antem
408 2824 491 2892 ipsnru
516 2823 609 2876 iterum
632 2835 768 2877 assumere
792 2823 819 2876 in
842 2820 997 2892 discipulum
1025 2823 1112 2877 reuult
1134 2825 1162 2876 ei
1184 2817 1245 2874 idco
1263 2820 1333 2874 iuter

294 2938 341 2978 eos
360 2923 493 2992 separatis
519 2920 590 2975 lacta
608 2920 665 2975 tuit
693 2918 809 2992 Uterque
831 2923 899 2978 eulun
921 2938 954 2978 eu
974 2924 1020 2994 pia
1043 2936 1126 2978 naua
1142 2926 1169 2976 et
1186 2920 1331 3004 intentione

293 3019 370 3088 iecit,
390 3036 448 3076 uam
466 3021 536 3092 quod
555 3018 693 3076 Barnabas
712 3021 797 3090 ipsum
815 3023 972 3094 msunpsit,
990 3021 1042 3078 lroo
1061 3022 1125 3077 iecit
1142 3033 1175 3076 ex
1192 3017 1331 3075 dulcedine

292 3119 505 3187 misericordiae,
530 3115 602 3191 qued
620 3126 706 3175 autern
724 3119 822 3175 Paulos
839 3123 924 3193 ipsun
942 3136 1078 3178 monuere
1095 3120 1194 3187 noluit,
1220 3118 1271 3174 boe
1289 3119 1329 3175 ie-

292 3223 329 3274 oit
346 3235 378 3275 ex
397 3220 511 3274 femoris
529 3219 694 3276 rectitudine.
729 3218 795 3276 Nara
812 3223 882 3277 sicut
902 3220 1000 3276 ibidem
1014 3220 1079 3276 dicit
1091 3219 1189 3276 Gleasa
1200 3217 1329 3275 neunt:

291 3320 414 3388 quonlam
433 3319 459 3372 ln
478 3317 573 3374 inentia
590 3319 658 3374 loeis
677 3335 708 3376 se
726 3324 890 3376 constituens
907 3324 985 3376 ninia
1003 3320 1121 3392 trepidus
1133 3325 1254 3386 steterat,
1273 3335 1325 3375 me-

291 3419 341 3472 rito
360 3419 444 3486 ipsum
463 3417 561 3473 Paulus
577 3417 691 3490 abjecit,
716 3436 749 3475 ue
769 3419 841 3477 illias
859 3423 937 3493 quasi
954 3423 1113 3491 mnmglnne
1130 3421 1199 3474 eires
1216 3418 1327 3475 alierum

288 3524 525 3586 corrumperentur.
560 3517 610 3573 llla
627 3526 718 3590 auteur
731 3522 866 3590 separatio
885 3535 937 3575 neu
955 3525 998 3576 eat
1015 3519 1086 3574 laeta
1103 3535 1136 3574 cu
1154 3521 1329 3575 commotione

290 3616 361 3682 ritii,
380 3615 427 3670 sed
445 3631 477 3671 ex
497 3618 621 3674 inadusto
638 3620 748 3689 spiritns
765 3621 866 3686 saneti,
891 3628 920 3674 ut
943 3619 1047 3675 seilicet
1062 3618 1096 3674 ab
1115 3620 1227 3675 inrisern
1247 3635 1326 3690 sepn-

289 3719 410 3769 rareninr
427 3723 454 3768 ct
472 3715 592 3786 pluribus
608 3718 808 3788 praedicarent,
833 3720 902 3775 sieut
924 3726 951 3775 et
975 3718 1138 3790 postmodum
1160 3719 1325 3776 factumest.

287 3811 353 3868 Nau
376 3829 432 3867 nan
457 3823 531 3871 esset
552 3815 688 3871 Barnabas
713 3819 740 3873 in
765 3818 864 3874 leonte
888 3820 1011 3886 civitate,
1040 3818 1175 3890 praedicto
1204 3817 1325 3877 debanna

287 3915 346 3984 mus
362 3899 542 3981 corusobrine,
568 3917 608 3971 rir
632 3917 738 3988 qnidam
759 3917 915 3988 splendidus
940 3919 966 3972 ln
994 3918 1052 3974 risu
1078 3921 1201 3989 appernit
1217 3918 1325 3974 dicens:

286 4010 420 4069 lebannes
437 4019 561 4070 cenamus
581 4023 653 4082 esto,
678 4019 741 4088 quia
765 4017 859 4073 amodo
885 4034 938 4074 rnen
960 4016 1111 4084 lebnrtues,
1136 4017 1185 4075 sed
1202 4017 1325 4074 excelsus

285 4114 435 4171 vocaberis.
471 4115 547 4178 Quod
566 4131 623 4171 cuns
641 4115 686 4174 ilie
703 4115 841 4173 barnabae
861 4117 1011 4185 retulisset,
1035 4117 1173 4190 respondit
1195 4120 1235 4173 el:
1259 4133 1324 4175 care

286 4212 444 4286 diligenter,
469 4231 502 4270 ne
522 4218 659 4287 cuiquam,
678 4214 748 4287 qrrod
768 4216 873 4282 nidisti,
900 4217 1020 4274 reveles:
1046 4232 1106 4272 nan
1125 4225 1151 4272 et
1167 4217 1231 4272 mibi
1248 4219 1322 4272 siml-

285 4313 348 4368 liter
369 4311 490 4369 doninus
507 4313 557 4372 bec
581 4323 659 4372 noete
677 4317 800 4386 apparuit
820 4315 930 4372 dissuas
950 4324 1076 4372 constans
1095 4324 1163 4384 esto,
1189 4317 1322 4382 Bernaba,

285 4413 348 4482 qnia
364 4418 473 4469 aeterne
496 4417 615 4486 praeuia
637 4417 786 4488 percipies,
812 4429 844 4472 eo
871 4415 942 4488 qnod
965 4424 1070 4490 genten
1097 4423 1168 4474 tuane
1191 4417 1321 4489 reliquisti
