2828 5302
300 480 342 542 84
504 482 576 560 Cep.
598 479 679 542 xiii.
722 477 766 538 De
788 477 1002 538 circumcisione
1024 477 1143 539 domini.

301 640 382 695 cisio:
401 637 448 693 sed
462 640 506 708 qui
519 639 544 692 in
564 635 844 693 cisccniicotutscus
862 639 912 705 est,
933 642 960 692 et
975 638 1139 693 circumcisio
1150 635 1240 694 cordtu
1251 637 1336 708 turpi-

304 742 355 794 ritu
379 753 430 792 non
455 735 558 804 littere3
594 737 669 806 cnjus
686 735 745 790 iaus
770 742 812 792 est
834 749 886 790 non
908 751 940 792 cx
960 735 1123 804 ltomlnitrns,
1159 733 1209 791 sed
1225 750 1261 791 ex
1278 733 1338 792 [ιιι.

303 838 454 894 circumcisi
472 837 537 890 estis
555 837 750 892 circumcisione
773 849 825 890 nou
844 849 920 890 menn
939 833 1009 891 tactu
1027 838 1053 892 io
1072 833 1268 906 exspoliatione
1285 849 1340 889 cor-

303 939 376 1010 poris
394 937 499 1001 curuis,
530 933 578 989 scd
593 935 788 988 circumcisione
803 931 912 988 christi.
946 933 1039 989 Tertio
1056 935 1160 990 ratione
1172 931 1339 996 ludaeorum,

303 1044 332 1092 ιιι
350 1033 543 1110 ιιιιιιιιιιιιιιιι
560 1038 658 1088 essent.
693 1031 723 1087 Si
741 1034 808 1088 enim
825 1035 992 1088 circumcisus
1006 1047 1057 1086 non
1073 1031 1178 1100 luisset,
1197 1033 1341 1104 nutrimen

302 1154 331 1193 se
349 1135 444 1193 ludaei
463 1147 589 1188 excusare
606 1137 633 1186 et
650 1130 753 1185 dicere:
773 1130 835 1187 ideo
853 1138 879 1184 te
896 1147 947 1185 non
966 1133 1122 1201 mcipimns,
1148 1130 1212 1204 quia
1228 1131 1340 1188 dissimi-

303 1238 337 1291 lis
356 1251 386 1290 cs
404 1231 532 1305 putribus.
568 1231 667 1294 Quarto
685 1231 787 1285 ratione
805 1228 969 1294 doemonum.
986 1246 1020 1285 ne
1036 1227 1135 1286 scilicet
1154 1232 1340 1286 luceruotlorlr

304 1335 446 1390 misterium
466 1336 665 1402 cognoscerem.
701 1329 763 1383 Cum
787 1330 854 1383 enirn
878 1331 1040 1383 circumcisio
1057 1329 1132 1384 ieret
1149 1335 1243 1385 contre
1261 1333 1340 1404 crigt·

302 1435 363 1490 nale
380 1435 530 1502 peccatum,
548 1428 659 1482 credidit
678 1427 807 1497 rlyebolus
824 1433 851 1482 ct
867 1425 950 1496 hunc,
975 1430 1020 1499 qui
1038 1428 1289 1498 circumcidebatur,
1307 1433 1340 1486 sl·

303 1533 399 1588 militer
417 1533 580 1602 peccatorem
600 1543 668 1594 csse,
689 1529 732 1599 qui
749 1529 954 1582 circumcisionis
973 1528 1088 1584 remedio
1106 1529 1247 1602 indigeret.
1278 1527 1340 1586 l’ro·

303 1639 363 1704 pter
380 1629 489 1686 eandem
506 1641 611 1682 sensnm
633 1627 723 1694 coluit,
742 1633 769 1682 ut
786 1631 869 1680 mater
886 1641 936 1682 suu
953 1629 1029 1700 virgo
1048 1635 1177 1702 peronne
1198 1634 1272 1685 esset
1296 1628 1339 1685 dc·

304 1737 440 1803 sponsata.
492 1727 587 1790 Quinto
613 1727 716 1782 ratione
737 1725 873 1797 periectue
893 1725 1017 1796 justitiae
1043 1724 1235 1799 complentur.
1271 1726 1342 1784 Sicut

304 1831 371 1886 cuin
389 1827 521 1898 lrrptimri
540 1823 633 1890 uoluit,
653 1830 681 1879 ιιι
698 1823 841 1894 perlectum
855 1825 1002 1894 iustitium,
1021 1825 1115 1893 idest,
1132 1826 1278 1898 perlectum
1295 1826 1341 1882 lcu-

303 1928 446 1993 rnilitetem,
465 1940 533 1997 quae
552 1931 594 1980 cst
612 1923 725 1980 subdere
742 1939 772 1978 se
783 1925 886 1989 minori,
905 1925 1037 1996 impleret,
1054 1928 1181 1982 sicetium
1194 1927 1280 1984 uoluit
1292 1928 1341 1984 dr·

303 2025 427 2092 concidi,
455 2031 484 2078 ut
501 2023 610 2080 mindens
628 2021 705 2078 nolis
722 2021 892 2078 humilitatem
913 2024 1081 2090 ostenderet,
1117 2025 1175 2080 duru
1200 2029 1295 2082 unctor
1317 2033 1342 2084 et

302 2127 422 2182 dominus
439 2121 508 2196 legis
528 2123 611 2178 coluit
627 2137 656 2177 se
673 2121 787 2180 subdere
804 2122 868 2196 tegi.
919 2121 1002 2178 Sexto
1019 2127 1123 2181 cutione
1143 2125 1214 2198 legis
1231 2126 1341 2199 ldesor-

303 2242 351 2282 cac
374 2220 578 2294 approbandae,
613 2235 681 2292 quac
703 2225 762 2276 eret
784 2220 857 2276 bons
874 2228 900 2277 ct
919 2229 1013 2280 snecto
1031 2230 1058 2280 ιι
1074 2221 1245 2295 complenda,
1281 2230 1343 2300 qntu

304 2342 355 2379 ιιοιι
376 2326 482 2377 currerat
499 2319 584 2393 legem
601 2321 706 2376 solvere
723 2321 773 2377 sed
789 2321 941 2392 adinplere.
962 2321 1139 2380 Romuulll’:
1157 2324 1342 2385 dieueutmlc-

305 2437 360 2480 sum
374 2424 515 2478 ministrnm
529 2419 611 2476 luisse
621 2421 835 2488 circumcisionis,
855 2429 965 2492 propter
975 2423 1228 2482 veritatenlleieto.
1254 2427 1341 2492 Quare

304 2529 391 2578 autern
408 2520 570 2576 circumcisio
589 2523 683 2573 uetere
700 2518 743 2574 dte
761 2518 850 2586 nebat,
869 2522 1003 2592 multiplex
1016 2528 1105 2593 petest
1121 2525 1341 2598 reticessignuri.

304 2623 392 2678 Prtmu
407 2621 517 2674 sumitur
538 2631 621 2690 penes
645 2617 803 2674 intellectum
822 2618 982 2691 hystoricum
999 2623 1056 2678 sivo
1075 2623 1223 2679 litteralem.
1277 2625 1341 2682 rtuu

304 2723 372 2778 sicot
388 2718 452 2774 dicit
469 2717 555 2776 naum
574 2717 696 2786 lloyses,
716 2720 844 2776 merlinus
859 2718 1033 2791 philosophus
1050 2725 1078 2777 el
1093 2721 1252 2796 tlreologns,
1281 2724 1343 2782 linet

303 2822 436 2880 indueus:
471 2833 537 2890 puer
559 2820 585 2871 iu
610 2821 711 2888 septem
741 2815 835 2873 dicbus
859 2825 949 2876 tentus
975 2819 1062 2876 udlrou
1084 2821 1268 2878 teneritudinis
1292 2834 1342 2892 est,

306 2926 421 2994 quantoe
446 2925 488 2974 est
512 2915 597 2973 udlruc
619 2917 647 2969 in
666 2920 741 2970 utero
759 2919 851 2974 rustris
868 2920 1001 2988 existens,
1037 2922 1064 2973 tn
1081 2925 1177 2976 octsru
1194 2928 1281 2980 sutem
1299 2923 1342 2982 dle

305 3020 462 3075 tortiticutur
479 3022 506 3072 et
523 3013 654 3070 solidetur
670 3022 697 3070 ct
713 3017 788 3083 ideo,
816 3021 845 3072 ut
862 3015 941 3084 dicit,
969 3018 1054 3074 uoluit
1075 3019 1195 3076 doninus
1213 3023 1342 3093 purvulos

304 3127 367 3175 unte
382 3125 502 3172 ιιιιιιιιι
521 3115 588 3170 dien
606 3115 770 3181 circumcidi,
796 3131 828 3170 ne
846 3114 880 3170 oli
897 3119 1002 3172 nimtnm
1019 3118 1218 3176 teneritudinem
1237 3123 1342 3178 nimium

304 3218 480 3274 laederentur.
514 3213 590 3271 llltra
607 3221 725 3270 ueterum
746 3229 810 3271 roro
827 3214 895 3271 diem
914 3219 998 3288 insen
1017 3221 1237 3276 circumcisionem
1258 3222 1343 3278 noluit

210 3397 212 3400 Ι
304 3317 458 3390 prolongari
476 3320 586 3385 propter
603 3319 659 3368 tres
682 3329 793 3383 mneos,
828 3315 1092 3388 conphilosophos
1116 3317 1184 3374 idum
1209 3323 1341 3394 assignet.

302 3417 391 3474 Primo
408 3420 437 3468 nt
454 3412 596 3484 pericnlum
615 3415 737 3480 evitetur,
755 3430 788 3470 ne
807 3415 923 3482 scilicet,
941 3417 965 3470 si
982 3419 1087 3472 nimium
1106 3417 1266 3487 dicunctur,
1284 3425 1342 3478 rinc

299 3515 498 3576 ,circumcisione
515 3528 562 3567 eos
577 3514 643 3567 mori
657 3514 830 3585 contingeret.
874 3514 1005 3584 Secunde,
1024 3522 1052 3572 ut
1069 3516 1156 3573 dolori
1173 3517 1341 3588 parvulorum

302 3613 482 3687 provideatur.
526 3611 588 3667 Gom
607 3613 675 3666 enim
694 3613 720 3666 in
737 3614 934 3669 circumcisione
951 3617 1078 3672 unximus
1093 3615 1172 3672 dolor
1187 3621 1238 3686 sit,
1258 3619 1341 3676 votuit

303 3730 350 3770 eus
368 3712 486 3766 doninus
505 3710 670 3778 circumcidi,
707 3711 767 3766 dnm
789 3727 898 3784 parrum
915 3712 1001 3768 adhuc
1018 3717 1240 3788 J'muginstionem
1258 3717 1340 3775 iube·

304 3819 370 3878 rent,
389 3819 417 3865 nt
434 3811 557 3866 minorem
575 3808 611 3863 ibi
629 3809 746 3865 dotorem
757 3814 890 3867 sentirent.
910 3811 1011 3878 Terttu,
1032 3819 1204 3885 elementum
1215 3818 1340 3875 tristitiae

302 3911 461 3966 consuletur.
481 3909 546 3963 Nem
563 3923 619 3962 cum
638 3923 671 3964 ιι
681 3911 876 3966 circumcisione
887 3911 1006 3982 plerique
1014 3913 1117 3982 purvuli
1129 3923 1301 3984 morerentur,
1317 3919 1340 3972 st

301 4009 445 4064 circumcisi
463 4008 575 4062 inissent
589 4009 644 4079 jum
665 4010 754 4081 magni
773 4014 848 4064 etex
866 4007 916 4064 lroc
934 4013 1038 4076 mortui,
1055 4015 1141 4084 mejor
1156 4011 1235 4068 dolor
1247 4014 1344 4071 innuet

302 4107 472 4178 perentibus,
509 4121 585 4177 quom
611 4109 634 4162 si
652 4112 815 4162 morerentur
832 4115 892 4162 octo
910 4115 1009 4165 tentum
1027 4109 1085 4166 dieu
1102 4110 1238 4168 lubentes.
1291 4113 1341 4170 Sc·

303 4204 388 4259 conde
405 4207 474 4259 ratio
500 4207 610 4260 sumitur
632 4219 713 4276 penes
742 4205 899 4263 intellectum
920 4211 1095 4282 eisagogieum
1112 4213 1170 4267 stre
1189 4209 1339 4268 coelestem.

303 4303 363 4358 ideo
383 4305 448 4357 eriim
468 4311 561 4358 octeno
581 4304 623 4360 dte
640 4303 734 4372 tiebet,
772 4311 799 4360 ut
822 4305 931 4362 deretur
948 4307 1075 4382 intelllgi,
1111 4307 1181 4380 qood
1200 4309 1227 4364 tn
1246 4315 1342 4366 octeuu

303 4403 500 4458 resurrectionis
520 4402 554 4456 ab
575 4407 642 4458 cinni
661 4417 747 4476 nocue
765 4411 790 4461 et
809 4407 915 4462 miserie
933 4407 1182 4466 circumcideremur.
1202 4407 1235 4464 Et
1247 4423 1341 4466 recuu-
