2828 5302
306 467 368 530 950
416 467 489 544 Cap.
513 466 712 526 ccxitxvtt„
754 468 801 528 De
822 482 921 528 sancto
944 471 1106 530 Philiherto
1131 473 1312 536 confessore.

311 645 338 674 ao
355 629 433 673 noblis
450 628 623 675 fundamentum
641 631 666 678 in
682 630 832 676 lundamento
848 631 984 676 humilitatis
1000 633 1115 678 virtutisne
1135 634 1242 678 ouiuiuisi
1255 633 1352 676 iabrican

312 696 342 738 ab
355 696 407 752 ipso
419 695 531 752 principio
544 697 633 742 studuit
646 697 769 749 collocare,
788 711 878 742 carnein
898 714 938 754 per
956 697 1034 743 crebra
1049 701 1138 754 jejunia
1152 701 1298 752 nimbis,
1312 713 1352 743 ura·

313 764 370 808 tioni
388 763 501 816 instabat,
525 762 660 819 inepisshue
684 764 716 808 ad
739 763 865 816 orationeiu
888 772 1001 821 prostrata
1025 776 1112 811 terrain
1137 768 1245 812 infundit
1264 767 1354 820 lausia

313 831 443 885 osculisque
458 830 581 883 demulcet,
594 837 620 875 ut
634 845 724 884 seinper
736 846 800 876 suiun
815 831 931 876 doiniuiuu
945 837 1022 877 sesnin
1035 835 1155 880 cliristuin
1168 845 1251 880 tenere
1263 835 1355 880 wib·

313 900 437 944 videretur.
463 899 603 954 Lacrpiuunti
628 899 700 944 ssuisl
725 898 839 955 protunda
860 906 925 943 nocte
950 899 1024 946 adluit
1042 905 1143 954 angelus
1167 904 1313 947 tenebram
1338 902 1357 945 ia

314 967 387 1011 lorini
400 967 458 1020 iiiii
472 967 572 1022 pueruli,
585 967 675 1012 dicensi
692 980 721 1010 ne
734 973 781 1010 tarn
794 966 882 1022 plores,
901 966 954 1020 qiiia
967 983 1033 1011 caeca
1047 970 1098 1014 fies.
1128 969 1171 1014 cui
1190 985 1244 1014 onan
1258 970 1318 1014 illios
1329 983 1356 1012 re·

316 1035 450 1090 spondereti
469 1050 549 1078 cueous
568 1049 614 1078 uon
633 1033 687 1086 erit,
706 1034 746 1088 qui
762 1040 834 1078 Deuin
852 1035 957 1088 ridebit,
982 1037 1092 1081 confusus
1111 1037 1156 1081 itti
1171 1037 1289 1082 discessit.
1314 1041 1358 1081 cn

315 1103 340 1146 iii
353 1102 465 1146 assisiuru
477 1102 567 1146 hostilis
582 1101 652 1146 seiuel
665 1101 728 1146 luror
740 1101 835 1146 irrueret
848 1109 870 1146 et
884 1101 942 1159 ipsis
954 1104 1026 1160 portis
1040 1103 1161 1148 exercitus
1172 1105 1358 1162 appropinquat

317 1174 491 1222 saracenorum,
518 1183 574 1222 sous
604 1170 703 1225 pessima
728 1169 859 1221 sanguinein
884 1183 975 1227 semper
998 1171 1080 1216 sitiens
1105 1172 1288 1216 ntiiiiu'iioniia
1311 1172 1359 1216 intra

318 1237 440 1281 clnustruiii
457 1237 569 1288 viruiuuiii
588 1237 733 1284 inihixeriuit.
759 1237 895 1290 tiqneinint
915 1237 1058 1283 dominaruin
1075 1239 1149 1284 corda
1168 1239 1292 1284 tiinoribns
1304 1247 1325 1283 et
1336 1239 1360 1282 ud

317 1311 413 1348 inatrein
426 1314 527 1349 sanctnui
541 1306 628 1349 claram
641 1304 740 1348 referunt
754 1305 821 1350 fletus
835 1319 902 1357 sitos,
920 1320 977 1359 quae
997 1319 1021 1351 se
1034 1307 1152 1350 iniiriniisn
1166 1306 1289 1362 impavido
1302 1307 1360 1350 corde

318 1371 349 1416 ud
365 1371 465 1416 hostium
483 1386 562 1424 agriren
580 1372 633 1416 duci
651 1375 714 1426 jubet
732 1382 755 1417 et
773 1379 826 1416 ente
844 1373 922 1416 hostes
940 1373 1009 1429 poni,
1027 1374 1187 1429 praecedente
1206 1387 1261 1418 asin
1278 1375 1360 1429 eapsali

319 1447 436 1493 argentea,
454 1439 478 1483 iri
491 1455 535 1493 qua
550 1447 598 1483 erat
611 1448 775 1484 sacrauientiun
788 1439 943 1484 eucharistiae.
971 1447 1071 1494 cunique
1090 1455 1116 1485 se
1135 1449 1212 1485 turarii
1231 1441 1256 1484 in
1269 1442 1361 1484 oratione

319 1509 495 1561 substravisset,
516 1508 603 1558 christo
621 1507 715 1552 dciiiiiio
734 1523 784 1551 cuin
802 1507 907 1560 lacryinis
920 1506 963 1550 aiti
982 1507 1072 1563 placet,
1090 1507 1124 1552 ini
1144 1508 1256 1562 domine,
1274 1509 1361 1552 inernes

319 1575 414 1619 ancillns
426 1582 490 1627 trias,
504 1589 560 1628 quus
572 1574 617 1618 tuis
631 1575 747 1618 ininiitiui
761 1573 872 1628 enutriri,
890 1573 995 1635 inanibus
1013 1575 1073 1619 tradi
1094 1588 1255 1632 paganorunt
1274 1578 1362 1628 anati,

319 1642 418 1696 douiiiie,
430 1644 473 1688 lius
484 1642 581 1704 t'iiiniilus
593 1650 652 1694 tuas,
665 1656 720 1696 iprae
734 1642 784 1697 ipsa
798 1642 949 1698 inpraesenti
963 1643 1059 1688 articulo
1073 1645 1195 1688 cristcdire
1209 1658 1257 1686 nori
1271 1658 1362 1700 possen.

319 1715 370 1756 Vox
383 1709 447 1763 quasi
461 1710 554 1765 pueritia
569 1710 598 1752 dit
611 1710 769 1765 propitiutorio
784 1710 815 1754 ad
825 1723 892 1755 aures
904 1713 953 1762 ejus
966 1710 1065 1754 intonuit
1080 1711 1176 1756 dicensi
1197 1725 1243 1763 eso
1256 1727 1299 1756 ros
1312 1727 1362 1756 se·-

319 1792 362 1833 per
374 1777 508 1824 custodium.
534 1777 566 1820 nti
580 1778 683 1830 doruine,
696 1777 786 1821 addidit
799 1775 853 1830 illu,
869 1785 892 1821 st
905 1777 963 1820 liano
976 1778 1108 1832 civitatens,
1126 1779 1148 1824 si
1163 1779 1255 1835 placet,
1272 1788 1363 1836 pestate,

320 1859 378 1898 uriae
394 1858 437 1890 uos
454 1859 496 1900 pro
514 1852 554 1889 tiio
573 1859 649 1888 ainuie
663 1851 781 1889 sustentat.
808 1851 835 1890 st
847 1859 894 1888 vox
906 1845 936 1888 ad
948 1859 1012 1896 enini
1025 1848 1162 1898 grarnnina
1177 1846 1314 1898 sustinebit,
1328 1848 1363 1892 nd

320 1926 372 1956 ineo
386 1926 477 1956 misirere
490 1912 627 1956 defenditur.
655 1919 720 1957 'runo
733 1927 825 1965 surgens
840 1915 904 1957 Clara
917 1915 998 1957 llentes
1012 1913 1127 1958 coufortat
1142 1915 1239 1958 dicensi
1258 1915 1363 1966 lidriabes

320 1991 363 2035 pro
375 1979 452 2032 vobis,
468 1980 560 2032 filiolae,
579 1980 642 2034 quod
655 1979 712 2024 nihil
724 1979 780 2023 inali
792 1980 918 2034 patieinini.
943 1985 988 2024 dec
1001 1995 1077 2027 inorai
1091 1983 1173 2028 stetiiu
1187 1997 1270 2028 anuas
1282 1983 1364 2025 illum

320 2061 425 2103 repressa
437 2047 540 2102 pavescit
553 2046 647 2090 audacia
659 2053 684 2090 et
696 2061 737 2104 per
749 2059 833 2098 inuros,
847 2061 904 2101 qnos
915 2048 1073 2102 ascenderant,
1086 2050 1260 2094 descendentes
1271 2051 1364 2094 oelsri'ter

321 2121 405 2158 exeunt
422 2113 509 2158 orentii
527 2115 612 2157 virtute
627 2114 721 2158 turbati.
748 2120 775 2158 ss
793 2122 846 2170 post
858 2115 981 2158 inultoruin
995 2116 1139 2160 sanationem
1154 2125 1178 2160 et
1192 2119 1364 2161 exhortatiou

322 2189 345 2225 et
359 2189 548 2232 sacramentorum
562 2181 697 2227 mintionem
711 2181 733 2224 in
748 2181 841 2226 domino
855 2181 950 2235 quierit.

743 2411 946 2420 ..u-——Q--n

593 2675 690 2771 cu.
715 2674 927 2771 cuiuu.
964 2673 1092 2774 (2⁰8.)

359 2841 360 2846 ¹
405 2822 482 2892 lte
508 2826 675 2893 unctu
695 2821 967 2896 Philtborto
988 2822 1292 2896 museum.

401 2992 495 3032 Sanctus
508 2989 658 3042 t’liililieitus,
678 3005 727 3034 cuin
747 2993 808 3031 esset
821 2988 895 3030 bonae
907 2985 993 3030 indolis
1006 2985 1158 3038 adolescens,
1178 2987 1228 3036 seui
1240 2992 1364 3029 enacara-

325 3056 455 3106 Dasobnrtc
468 3054 583 3100 nuntiatus
597 3057 722 3104 advocetur
735 3055 758 3098 iii
772 3053 881 3109 palatinus
894 3062 1043 3109 receptusque
1057 3061 1093 3098 est
1108 3053 1131 3096 in
1145 3053 1253 3098 ordinent
1263 3051 1363 3096 nobilis·

326 3131 438 3168 eteciuin
452 3123 598 3168 consortium.
624 3125 668 3182 Qui
686 3126 727 3168 iub
748 3135 816 3166 iuirec
829 3121 922 3165 baltheo
936 3127 1008 3166 nenru
1027 3121 1098 3164 valde
1112 3121 1215 3173 diligens
1227 3119 1364 3176 posmodu-

326 3189 521 3245 praefulgentibus
541 3191 603 3234 ritue
625 3205 679 3236 sune
698 3190 785 3235 ineritia
803 3189 934 3233 catliedrain
954 3189 1025 3233 subiit
1043 3187 1240 3240 liothouiaflensis
1257 3187 1364 3231 ecclesia

326 3263 379 3302 cuin
394 3266 470 3302 aiiteiu
482 3266 542 3302 esset
556 3259 691 3303 t’liilibertua
709 3271 819 3302 annontui
837 3257 930 3308 viginti,
949 3255 1027 3300 diviua
1044 3263 1170 3312 praecepta
1191 3255 1288 3300 audiens
1304 3253 1365 3303 elesit

326 3326 452 3382 discipulus
467 3325 549 3370 christi
561 3326 648 3370 doiniui
661 3332 715 3372 lesu
727 3324 778 3370 lieri
790 3323 912 3378 initioque
922 3324 964 3367 Dei
977 3322 1050 3368 utilite
1059 3323 1122 3374 Atili
1135 3323 1244 3374 nornine,
1257 3320 1296 3375 pii
1307 3335 1364 3378 pras·

326 3403 375 3439 erat
391 3393 529 3438 tleshucensi
546 3395 672 3448 coenobio,
690 3395 745 3438 illuc
762 3391 858 3436 veniens
878 3405 965 3438 coinaus
984 3390 1092 3446 deposuit
1110 3390 1267 3444 omnibusque
1284 3388 1328 3433 iuis
1345 3389 1364 3430 ia

326 3463 474 3508 elemosinaria
487 3461 585 3512 enotatis
603 3465 680 3516 juguni
693 3461 781 3505 doriiini
793 3472 864 3503 suave
881 3459 975 3514 recepit.
1000 3458 1045 3502 Ubi
1058 3473 1111 3501 riuri
1128 3457 1203 3500 iaulto
1223 3457 1365 3508 religioniset

326 3531 478 3588 abstinentiae
491 3530 589 3574 culinine
602 3538 724 3582 cresceret,
745 3529 777 3572 itii
794 3535 820 3572 ut
833 3526 889 3572 viris
902 3526 1076 3582 perfectioribus
1090 3525 1214 3569 imitabilia
1233 3527 1309 3576 fieret,
1331 3539 1366 3567 ua-

327 3601 404 3653 tiquus
421 3599 495 3644 hostis
514 3599 619 3642 inviderit
641 3597 732 3653 pulsare
750 3596 850 3640 animuin
868 3595 957 3652 coepit,
979 3603 1004 3638 ut
1028 3592 1141 3650 sinplloru
1166 3593 1247 3637 edulia
1269 3599 1365 3636 annuet

326 3671 382 3710 tlaiii
396 3681 446 3710 cuin
459 3666 557 3720 quadarn
571 3672 637 3709 nocte
649 3664 731 3708 luisset
744 3663 796 3708 cibo
809 3664 919 3714 relectus,
938 3663 977 3706 ille
996 3669 1100 3706 ventrein
1119 3665 1170 3714 ejus
1189 3660 1285 3716 palpare
1303 3668 1325 3703 et
1336 3659 1366 3702 ili·

327 3749 390 3782 cerei
408 3735 477 3779 inodo
496 3733 539 3778 lios
555 3739 592 3776 est
608 3733 675 3778 bene.
701 3737 766 3776 Tunc
782 3730 822 3775 ille
840 3729 927 3774 iniinioi
945 3729 1018 3785 jacula
1035 3741 1179 3780 cognoscens
1192 3729 1291 3778 risorem
1304 3727 1366 3770 abati·

327 3802 418 3848 nentine
437 3801 512 3856 coepit
532 3801 646 3856 triplicare
664 3809 687 3844 et
704 3807 783 3844 contra
795 3811 856 3855 arina
869 3797 958 3852 tyranni
970 3796 1012 3840 Dei
1027 3795 1136 3840 auxilium
1149 3795 1284 3850 implorare.
1310 3799 1368 3838 caia-

326 3885 371 3926 que
385 3870 478 3922 stripitu
492 3869 596 3913 noctibus
609 3868 729 3913 ecclesiam
741 3867 901 3920 frequentarer,
914 3866 939 3910 iu
951 3865 1025 3910 eribus
1034 3869 1112 3908 contra
1123 3862 1202 3918 ipsimi
1212 3863 1367 3907 tentationibus

328 3941 392 3984 dirus
414 3938 493 3990 unguis
511 3937 608 3987 exnrsit,
631 3951 682 3980 nain
701 3935 747 3978 ursi
766 3933 842 3990 specie
865 3947 917 3978 erun
940 3934 999 3977 iutra
1016 3931 1137 3976 ecclesiane
1156 3932 1259 3975 tentarit
1277 3931 1367 3987 prinu

327 4015 411 4051 terrere
425 4014 448 4050 et
460 4012 528 4049 nocte
541 4005 585 4048 alia
600 4004 629 4046 de
643 4003 704 4046 lerro
718 4001 849 4046 candelabri
861 4002 926 4052 visus
938 4007 974 4045 est
986 4016 1038 4045 euin
1051 3999 1184 4053 uiritim
1199 4007 1224 4042 et
1234 4006 1301 4043 nocte
1310 3999 1368 4041 tertia

327 4075 411 4120 ostiuui
428 4073 538 4117 ecclesiae
556 4071 663 4126 expansis
682 4069 781 4114 bricliiis
798 4068 873 4114 voluit
892 4067 1022 4124 prohibere.
1048 4067 1093 4114 Sed
1107 4066 1185 4112 omnia
1198 4070 1250 4120 eins
1262 4067 1369 4111 inaeliias·

326 4149 402 4188 inenta
421 4142 502 4186 bentui
519 4140 657 4184 Pliilibertus
675 4138 764 4195 expulit
782 4138 866 4181 virtute
884 4137 962 4181 divina
980 4152 1022 4193 per
1038 4143 1131 4180 sanotae
1153 4134 1229 4180 erucis
1255 4133 1370 4191 praesidis.

327 4215 382 4256 cuin
400 4217 476 4254 anteiri
489 4210 569 4252 heatus
582 4207 661 4259 agitis
674 4206 771 4251 obiisset
788 4205 811 4249 in
829 4205 935 4257 domino,
947 4204 1043 4248 fratrissa
1061 4217 1176 4249 coiisensn
1195 4211 1289 4248 nudus
1308 4200 1368 4244 t·liili·

326 4280 406 4323 bertus
430 4276 545 4328 reuiiirinis
569 4291 645 4318 curaui
664 4274 766 4329 suscepit
784 4281 807 4318 et
825 4273 917 4317 domurn
935 4271 981 4316 sihi
1003 4272 1111 4316 traditain
1128 4279 1224 4316 strenue
1243 4272 1370 4323 gubernare.

327 4347 411 4390 nullius
425 4359 544 4401 personatu
558 4345 662 4399 excipere
668 4375 675 4396 ,
695 4344 788 4387 iuventa
805 4341 864 4388 viiia
881 4339 990 4384 radicitus
1009 4338 1149 4395 exstirpare,
1174 4353 1228 4384 euni
1242 4339 1333 4394 quiduis
1345 4351 1370 4379 es

326 4414 434 4459 tratribus
452 4421 550 4457 assuintn
570 4412 695 4456 rebellione
715 4420 817 4455 sauctuin
829 4409 872 4454 Dei
889 4409 919 4452 de
940 4407 1035 4453 ecclesia
1050 4415 1238 4464 praesumserunt
1252 4407 1370 4450 extrahere.
