2984 5316
297 475 371 556 Cap.
392 473 454 536 XC.
497 473 542 537 De
561 486 660 537 nancto
682 475 773 538 Patrio
794 479 936 560 apostole.
1071 481 1153 566 881Ι

100 643 128 694 et
144 637 344 708 exspiraverat,
362 639 502 692 nuaoitenit
521 643 548 693 et
564 636 646 693 muita
663 637 718 694 aiia
739 638 866 694 miracuta
882 637 955 710 ieeit,
973 641 1043 714 apud
1059 643 1134 702 Miti-

99 736 185 792 ieuear
209 737 320 792 inauiam
343 739 436 808 uipera
456 751 559 792 nanum
582 737 641 808 ejus
659 739 772 806 invasit,
798 739 847 794 aed
870 739 936 796 nibli
960 758 1019 798 eum
1043 743 1133 814 iaeait,

100 839 163 908 qain
182 839 270 908 potina
288 839 419 910 inignem
436 839 522 909 ipram
540 841 665 893 euomuit
699 837 801 894 Dicitur
817 854 931 912 qnoque,
949 844 1020 915 qood
1032 860 1133 906 emnea.

100 938 198 1012 quide
217 941 344 1013 progenie
364 938 435 993 iiiior
453 936 581 1004 bominis,
606 939 651 1010 qai
668 937 776 994 Pauinm
795 938 910 1012 bospitio
927 945 1047 1014 excepit,
1069 961 1132 1002 naa·

99 1045 201 1106 eantur,
216 1040 382 1095 areneuoaia
392 1038 522 1094 aiiatenua
531 1037 738 1106 nonlaedootur,
759 1039 892 1095 andecam
905 1044 981 1113 pueri
996 1047 1052 1100 nati
1064 1054 1133 1114 anet,

99 1141 127 1194 in
147 1143 220 1196 onnia
240 1155 329 1194 eororn
353 1143 442 1210 patrea
460 1145 597 1208 serpentes
616 1146 724 1208 ponant,
742 1145 771 1193 ut
788 1140 911 1210 probent,
928 1144 952 1197 ai
971 1147 1026 1200 reri
1045 1161 1134 1203 oerore

100 1239 148 1296 iiiii
165 1242 226 1296 aiot
260 1237 393 1296 invenitur
408 1243 493 1293 anun
512 1236 665 1309 aliquando,
684 1237 754 1310 quod
770 1238 867 1296 Pauiua
886 1248 927 1298 oet
943 1247 1028 1302 minor
1044 1246 1133 1322 Petro,

100 1340 258 1413 quandoque
275 1341 373 1411 major,
391 1336 547 1411 quandoque
565 1337 694 1408 aequatis,
712 1339 760 1394 aed
780 1355 874 1397 revera
891 1343 977 1400 minor
994 1344 1133 1420 dignitate,

99 1441 185 1514 major
200 1440 408 1512 praedieatione,
424 1435 544 1510 aequalis
562 1439 711 1493 sanctitate.
747 1438 838 1496 Refert
853 1423 960 1513 Hapuno,
978 1446 1049 1517 quod
1064 1447 1133 1504 Pan.

100 1540 320 1612 insepultorum
343 1545 421 1595 eante
444 1552 528 1609 oeque
549 1538 585 1592 ad
604 1539 718 1610 quintam
738 1536 829 1595 horam
850 1540 938 1598 iabort
954 1560 1073 1603 nanuum
1091 1553 1130 1605 in·

100 1641 228 1706 obtabat,
252 1638 348 1696 deinde
374 1635 567 1710 praedicationi
585 1636 711 1707 vacabat,
736 1639 774 1694 ita
791 1639 862 1711 quod
878 1641 1031 1718 pleramque
1049 1663 1133 1722 osque

100 1742 134 1799 ad
160 1746 262 1796 nortem
287 1753 433 1797 aermooern
455 1736 644 1810 protrahebat,
674 1738 808 1794 residuum
839 1756 902 1797 rere
931 1749 1057 1816 temporis
1085 1764 1129 1804 eo·

100 1843 235 1909 mentioni,
259 1857 367 1906 aomno,
392 1839 507 1896 orationi
528 1839 595 1894 retia
625 1840 802 1894 oeeeaaarium
828 1847 894 1897 erat
928 1842 994 1900 Dnnr
1017 1850 1134 1906 neniaaet

99 1958 162 2002 vero
181 1941 302 2008 itomara¹
328 1956 385 1996 eom
401 1939 472 1996 Nero
496 1937 610 1993 nondum
634 1945 707 1994 esaet
725 1939 752 1994 in
770 1941 904 2012 impertrare
921 1943 1089 2004 oontirmatua
1106 1955 1134 2006 et

99 2047 178 2102 etiam
197 2044 326 2108 audiena,
343 2039 415 2114 qood
433 2037 467 2095 de
483 2036 545 2112 iege
562 2036 721 2095 iudaeorum
740 2047 766 2095 et
784 2039 836 2097 ide
848 2041 1048 2110 christianorum
1064 2049 1133 2105 inter

97 2145 205 2204 Patrium
230 2150 259 2200 et
281 2140 397 2199 iudaeos
414 2141 535 2212 quaeatio
552 2137 719 2206 vertebatur,
744 2155 796 2195 non
820 2142 926 2198 nroitnra
950 2144 1011 2202 inde
1030 2150 1132 2202 curavit

97 2252 125 2303 et
141 2247 181 2301 aie
196 2244 308 2310 Penius,
327 2257 380 2314 quo
397 2237 518 2306 nolebat,
536 2237 621 2295 iibere
635 2237 692 2294 ibat
710 2245 736 2294 et
753 2239 838 2298 iibere
855 2242 1035 2312 praedioabot
1071 2245 1132 2304 iiie-

96 2359 220 2419 ronprnua
238 2357 341 2416 quoque
359 2342 385 2396 in
403 2337 474 2394 tibro
492 2338 526 2394 de
543 2340 606 2394 uiris
622 2337 769 2395 iiiurtriboa
787 2343 839 2404 eit,
862 2342 932 2414 quod
957 2341 1040 2402 XXV.
1062 2361 1131 2403 anno

96 2460 115 2502 a
132 2450 257 2517 pandione
274 2441 382 2508 domini,
399 2441 451 2498 boo
468 2445 510 2497 eat
528 2436 640 2494 Neronia
656 2438 785 2508 aeonndo,
800 2440 896 2498 i’auioa
910 2441 1015 2500 Romam
1030 2446 1132 2504 vinetus

95 2547 207 2602 mittitur
230 2551 256 2600 et
281 2560 330 2615 per
352 2543 483 2600 biennium
507 2541 533 2594 in
557 2538 644 2595 libera
667 2555 775 2596 morena
801 2542 922 2599 ouatodia
939 2543 1067 2602 adterere
1083 2545 1132 2604 Ju-

96 2644 179 2702 daeoa
207 2642 368 2716 disputarit,
397 2640 492 2698 deinde
516 2655 534 2696 a
559 2637 663 2696 Nerone
686 2637 809 2698 dtnriaaua
833 2644 996 2717 evangelium
1015 2647 1042 2702 in
1060 2648 1132 2703 oeei·

96 2743 183 2802 dantia
202 2742 324 2816 partibor
340 2742 521 2816 praedieavtt,
546 2737 606 2796 xiv
628 2754 693 2796 vero
710 2739 823 2798 Neronia
841 2759 926 2812 anno,
951 2743 1044 2802 eodem
1063 2761 1131 2803 auno

98 2851 124 2902 et
140 2843 201 2912 die,
220 2858 272 2916 que
289 2841 429 2898 erooitiaua
447 2846 489 2897 eat
505 2839 615 2906 Petrae,
634 2844 720 2911 eapite
737 2847 881 2900 truuoetor.
915 2843 987 2902 liaeo
1002 2845 1129 2920 Hieronp-

97 2961 161 3002 rnna.
196 2942 261 3017 Ejoa
284 2949 371 2999 autem
396 2941 531 3014 rapientia
553 2945 580 2996 et
604 2939 700 3013 religio
722 2939 822 3012 ubique
847 2941 1035 3019 divulgabatur
1053 2954 1080 3004 et
1097 2947 1132 3003 ab

96 3045 216 3102 onnibua
239 3042 404 3098 admirabilia
429 3039 595 3108 habebatur,
625 3039 720 3095 moitoa
743 3041 822 3104 etiam
847 3040 881 3100 de
902 3042 980 3100 dono
1007 3045 1132 3103 Caesarie

95 3147 150 3202 aibi
166 3147 193 3202 in
211 3146 350 3200 amicitiam
368 3138 502 3213 eopnierit
520 3147 549 3197 et
564 3155 611 3196 eoa
628 3138 667 3196 ad
682 3138 779 3222 Cbriati
798 3139 874 3198 idem
893 3148 1031 3214 eoorerttt,
1048 3162 1132 3220 quae·

96 3245 156 3302 dem
176 3249 252 3301 etiarn
272 3245 371 3314 aeripta
389 3243 448 3313 eiua
468 3255 556 3296 eoram
574 3239 691 3297 Caesare
710 3241 821 3296 recitata
839 3248 900 3300 aunt
918 3251 945 3300 et
961 3244 994 3300 ab
1012 3246 1132 3304 omnibus

95 3343 253 3402 nirobtitter
270 3341 466 3408 monendata,
485 3349 593 3397 aenatoa
610 3341 689 3396 ettam
706 3339 740 3396 de
758 3340 805 3397 iiio
823 3342 879 3400 atta
895 3359 948 3400 nou
965 3343 1134 3403 nottoerner

94 3443 237 3503 sentiebat.
270 3440 388 3506 dumne
406 3455 469 3498 veno
488 3438 532 3497 dio
550 3439 610 3496 dun
627 3439 725 3497 Poetae
743 3444 814 3497 eirea
832 3457 958 3514 reaperaa
976 3445 1003 3500 tn
1017 3446 1132 3517 quodam

94 3545 196 3602 aoinrto
220 3541 401 3616 praedicaret,
432 3541 537 3615 quidam
556 3540 665 3613 Junenia
684 3542 787 3597 nomino
811 3541 981 3611 Patroeoioa,
1005 3545 1133 3615 piueeroa

94 3642 207 3714 Neronia
223 3648 251 3700 et
266 3643 320 3698 aibi
335 3639 474 3698 admodum
489 3639 619 3708 ddeotoa,
643 3623 673 3696 ut
692 3639 799 3697 Panium
815 3648 926 3715 propter
941 3641 1131 3701 multitudinem

95 3741 256 3800 eommodiaa
280 3739 400 3810 audiret,
433 3741 575 3798 ienentram
601 3738 741 3798 adooendtt
765 3745 793 3796 et
812 3739 945 3812 pauiuiunn
972 3740 1009 3796 ibi
1033 3741 1131 3799 dormt-

93 3842 174 3900 toodo
195 3839 324 3899 deeidam
347 3842 500 3913 exspiravit
535 3839 611 3905 Quod
632 3839 744 3896 audiena
767 3836 837 3895 diere
859 3840 997 3912 plurimam
1020 3841 1054 3898 de
1072 3845 1131 3914 ejua

94 3948 177 3999 morta
195 3940 280 4000 doiuit
296 3949 324 3998 et
339 3945 427 3998 atatim
444 3940 524 3996 eitum
543 3942 570 3996 tn
587 3941 647 4013 eJua
662 3938 777 3996 uitiatum
794 3939 935 4010 ordinauit,
951 3940 1050 3998 Pauiua
1067 3958 1130 3999 vero

93 4043 277 4115 perspiritum
296 4039 349 4097 boe
364 4055 529 4114 oognoaoena
546 4039 613 4097 dixit
630 4040 805 4107 adataotiboo,
822 4046 851 4095 nt
867 4039 931 4095 titoe
949 4042 1018 4098 irent
1035 4048 1062 4100 et
1079 4041 1130 4101 i’a·

94 4142 203 4198 trentam
221 4142 344 4199 Gaeeeria
362 4141 523 4200 ariminen
540 4139 575 4197 ad
593 4154 623 4197 ao
640 4138 790 4196 detonetom
809 4138 951 4208 aiierrent,
969 4158 1045 4214 qoem
1061 4143 1131 4202 ntia·

93 4246 156 4297 tum
168 4240 265 4297 Paulae
289 4241 427 4296 auaeitarit
451 4247 479 4296 et
502 4238 537 4295 ed
560 4239 701 4297 Caaaarern
721 4255 776 4296 oum
794 4241 876 4296 aoeiia
894 4243 950 4296 auia
968 4243 1047 4298 misit.
1078 4244 1128 4310 Qui

93 4356 151 4396 eom
170 4339 204 4396 de
222 4346 304 4398 morte
318 4339 377 4414 eiua
394 4337 587 4407 lamentaretur,
605 4354 667 4396 eoae
683 4338 822 4402 Petronios
841 4341 930 4396 rivena
951 4340 1047 4399 adauae
1064 4335 1130 4415 prae

96 4439 197 4496 iortbna
225 4441 367 4498 ourrttatur.
402 4438 520 4497 Audiens
550 4438 622 4498 b'ero
646 4438 794 4497 Petronium
819 4442 916 4511 riuum,
943 4457 1020 4515 quea
1048 4443 1128 4515 paaio
