2984 5302
331 485 392 550 516
435 489 508 566 Cap.
527 486 628 546 cxtx.
670 486 714 546 De
736 485 909 576 assumtione
927 495 1042 544 sanetae
1064 481 1171 542 Mariae
1193 479 1321 557 virginis.

328 647 486 704 iudaeorum
504 647 539 703 ad
564 647 649 704 attare
668 647 797 704 accedens
814 661 910 719 eorpus
927 645 1026 702 demini
1046 659 1103 700 aum
1121 641 1214 698 iisdem
1232 639 1364 712 percepit.

328 749 460 805 Reversus
477 747 589 816 donum,
609 763 666 804 aun
684 761 701 803 a
718 725 809 819 patre,
826 747 894 804 unde
914 749 1045 814 venierat,
1067 747 1293 817 interrogaretur,
1319 753 1365 793 re-

329 847 437 918 spondit
453 861 483 902 sa
502 863 558 902 eum
577 850 667 919 pueris
685 846 851 916 airrirtiania,
869 863 925 905 enm
943 833 1038 920 auibus
1056 845 1090 901 ed
1110 844 1216 899 ectetas
1235 839 1309 908 ibat,
1329 837 1367 894 ud

330 948 467 1005 ecetesiam
484 950 566 1004 irisaa
585 954 612 1003 et
627 963 684 1003 cunr
702 949 736 1002 iia
754 922 969 1004 nommantoaare.
1002 948 1077 1003 Tuae
1097 951 1173 1016 peter
1194 945 1253 1014 ejus
1272 942 1367 995 irrora

330 1049 446 1120 repletus
464 1063 572 1119 pueram
589 1047 765 1120 apprehendit
782 1056 809 1105 et
825 1052 948 1104 eontiaao
967 1051 993 1104 in
1011 1048 1141 1103 fornacem
1157 1045 1301 1109 ardentem,
1319 1042 1365 1112 qui

330 1148 427 1204 ibidem
447 1155 520 1215 erat,
546 1149 668 1219 projecit.
703 1149 797 1205 Statim
821 1158 907 1205 autem
930 1150 978 1205 ttai
1000 1151 1116 1222 genitrix
1138 1148 1165 1201 in
1186 1145 1280 1214 aperte
1298 1142 1368 1196 ima·
1418 1211 1419 1214 Ἴ

329 1253 415 1324 ginis,
439 1263 515 1321 qnam
533 1264 599 1320 puer
620 1263 701 1320 super
719 1252 803 1306 attare
821 1250 937 1315 viderat,
961 1248 1046 1305 eidem
1065 1247 1148 1302 adfuit
1165 1251 1191 1301 et
1210 1259 1267 1298 earn
1286 1241 1368 1296 iliae·

330 1368 385 1408 sura
413 1348 447 1404 air
472 1351 534 1421 igne
559 1352 681 1404 servarit.
716 1349 803 1408 Mater
827 1365 889 1406 rere
913 1352 987 1420 pueri
1004 1348 1099 1404 mutter
1116 1345 1319 1401 ennatiauonna
1341 1346 1370 1396 et

329 1452 488 1512 iudaeorum
513 1451 569 1504 sair
590 1449 750 1506 elamoribus
772 1451 960 1523 congregavit,
992 1451 1038 1520 qni
1060 1447 1179 1502 videnter
1202 1459 1312 1517 puerum
1341 1444 1369 1496 ia

331 1552 437 1608 tornare
454 1549 491 1604 nit
508 1549 636 1606 torsionis
653 1549 792 1607 dedentem
811 1553 894 1623 ipsun
915 1548 976 1606 inde
990 1554 1159 1606 extraxerunt
1176 1555 1212 1614 et,
1231 1543 1370 1618 quomodo

330 1653 461 1725 potuisset
490 1647 619 1718 evadere,
643 1652 880 1724 interrogaverunt.
917 1649 967 1714 eut
991 1647 1140 1722 respondit:
1171 1647 1295 1720 qnoniam
1317 1644 1370 1698 itia

332 1749 477 1808 reverenda
494 1748 616 1821 domina,
641 1766 709 1824 quae
726 1767 807 1823 super
826 1752 911 1807 altore
929 1750 1034 1816 ararat,
1057 1747 1121 1804 nita
1140 1746 1266 1803 auritium
1284 1760 1369 1815 prae·

331 1850 388 1907 brit
405 1856 431 1907 et
447 1865 523 1906 omne
541 1866 559 1906 a
575 1867 616 1907 ma
634 1850 780 1921 incendiato
800 1852 973 1924 propulsavit.
1010 1848 1085 1906 Tuae
1107 1847 1245 1904 christiani
1263 1845 1370 1901 inteili-

331 1955 425 2026 genter
448 1966 511 2006 eaaa
535 1953 675 2024 imaginem
701 1951 797 2008 beatae
819 1952 924 2041 Martae
947 1958 1047 2023 patrem
1069 1952 1144 2022 pueri
1162 1953 1322 2020 aeceperunt
1340 1954 1369 2004 et

331 2054 416 2125 tpaum
434 2053 460 2106 in
478 2050 609 2107 iomanem
628 2054 812 2125 projeeerunt‚
836 2054 881 2125 qui
903 2055 1027 2111 ouatinuo
1046 2051 1197 2107 conbustae
1215 2055 1242 2105 et
1259 2050 1368 2120 penitus

329 2160 480 2210 euaanmtnr
495 2159 546 2208 eat.
561 2181 592 2194 -
607 2158 644 2213 ο.
656 2152 765 2216 Quidam
778 2151 897 2208 monaehi
911 2160 972 2209 ante
984 2153 1050 2209 diem
1060 2151 1369 2226 jaxtatinriunratatrant

332 2261 359 2310 et
383 2253 481 2308 ibidem
505 2267 536 2308 aa
560 2250 658 2307 tabuiis
683 2260 710 2309 et
733 2255 839 2328 otiosis·
853 2255 1018 2310 sermonibus
1043 2251 1231 2318 exsolvebant,
1258 2258 1285 2306 et
1303 2267 1369 2308 eoae

332 2353 441 2410 audiunt
464 2355 579 2427 remiget
598 2368 647 2425 per
664 2353 759 2410 damea
777 2355 876 2425 impetn
893 2351 972 2409 nimio
991 2355 1162 2426 navigantes,
1187 2352 1283 2425 quibua
1308 2368 1368 2407 mo·

330 2452 408 2509 raeiri
425 2453 563 2509 dixerunt:
581 2455 627 2526 qut
644 2457 710 2510 eatis
729 2454 798 2510 vost
831 2452 935 2532 Etgtttt:
953 2453 1093 2511 daemones
1112 2470 1216 2521 ιιιιιιι,
1242 2454 1289 2526 qui
1306 2454 1366 2508 rai-

330 2569 396 2610 mam
417 2552 525 2609 Edroint
542 2556 688 2626 praepositi
705 2556 797 2611 donus
816 2553 1080 2627 regratiarum,
1104 2557 1149 2626 qui
1170 2569 1187 2608 a
1204 2558 1368 2610 monasterie

331 2657 414 2710 saneti
441 2653 510 2710 Galli
530 2657 711 2725 apostatavit,
737 2657 763 2710 tn
788 2654 917 2711 internam
941 2653 1092 2712 deferimur.
1128 2652 1203 2718 Quod
1226 2653 1368 2710 audientes

331 2754 451 2811 monaehi
469 2753 698 2812 vehementissime
714 2758 856 2812 timuerunt
874 2761 901 2812 et
913 2754 1017 2810 iortiter
1029 2755 1254 2811 exclamaverunt?
1273 2760 1370 2810 saneta

332 2855 434 2923 Maria,
463 2870 511 2911 era
529 2871 577 2928 pro
597 2856 682 2912 noivit.
718 2855 819 2921 Quibus
841 2856 982 2913 daemones
1002 2856 1137 2912 dixerant:
1167 2853 1368 2911 beneolentem

333 2958 491 3024 invocastis,
515 2970 563 3012 ιιι
586 2958 654 3012 ιιΙιι
676 2957 837 3028 diaeerpera'
853 2963 881 3013 et
906 2957 1077 3030 submergere
1104 2955 1272 3022 volebamus,
1304 2959 1369 3028 quia

334 3071 381 3113 ιιι
406 3056 535 3112 disaniate
560 3063 587 3112 et
607 3054 791 3113 extraherem
810 3057 1011 3114 confabulantes
1030 3058 1181 3113 inventurus.
1217 3055 1291 3112 Ture
1311 3073 1369 3113 aro-

332 3157 410 3213 raeiri
427 3156 538 3213 redeunt
553 3156 587 3212 ad
605 3156 759 3214 coenobium
778 3165 805 3216 et
821 3159 962 3215 daemones
982 3166 1125 3229 properant
1138 3159 1172 3213 ad
1186 3156 1368 3214 internum.-

334 3261 367 3318 d.
379 3255 444 3313 Erat
456 3256 560 3330 quidam
573 3257 715 3314 monachus
726 3257 804 3315 vaide
816 3257 942 3326 iubrieua,
956 3258 1005 3317 sed
1019 3262 1045 3314 in
1057 3258 1279 3316 bertamdiariarr
1288 3257 1368 3315 vaide

333 3357 452 3414 daretur.
487 3357 604 3422 Quadam
622 3366 698 3416 noete
715 3358 751 3415 ad
768 3359 857 3416 aeetae
868 3359 1005 3417 adsuetum
1020 3376 1135 3434 pergere
1150 3366 1175 3416 et
1188 3375 1274 3416 eoram
1287 3359 1369 3416 altari

332 3461 465 3516 transiens
484 3458 587 3516 irratam
607 3461 734 3533 virginem
752 3460 879 3517 aainmrtt
895 3467 922 3517 et
939 3463 978 3517 ate
996 3460 1029 3516 de
1048 3462 1161 3518 ereieaia
1178 3462 1282 3526 exiens,
1306 3459 1369 3517 duur

333 3559 461 3633 quendam
492 3560 598 3617 duriora
628 3561 709 3618 reiiet
729 3563 857 3630 transire,
887 3562 913 3616 tn
941 3575 1035 3634 aquarn
1062 3561 1188 3617 deridens
1212 3563 1366 3632 exspiravit.

333 3661 415 3732 Cujus
433 3662 544 3716 animam
560 3677 618 3717 enm
637 3661 778 3718 daemonas
795 3665 956 3734 rapaisaent,
974 3662 1114 3719 adiuamnt
1132 3661 1239 3736 angeli,
1263 3667 1292 3717 ut
1308 3679 1367 3718 earn

332 3758 485 3817 liberarent.
520 3762 621 3826 Quibus
645 3762 786 3820 daemones
803 3763 940 3819 dixerunt:
963 3764 1030 3834 ¹)ud
1050 3762 1112 3838 quid
1131 3761 1181 3818 ime
1198 3761 1369 3821 advenistir?

331 3859 399 3916 ninii
423 3861 450 3917 tn
467 3859 518 3917 irae
536 3865 623 3920 anina
639 3861 751 3920 habetis.
783 3864 929 3937 statturque
947 3862 1029 3922 beata
1045 3865 1134 3922 Maria
1153 3863 1239 3920 adiutt
1255 3870 1297 3930 et,
1319 3879 1369 3921 eur

331 3962 390 4035 ejus
407 3963 518 4019 animem
536 3979 630 4036 mpero
647 3971 871 4037 praesumserant,
888 3967 1043 4039 tnarepavtt.
1077 3964 1118 4023 iiii
1133 3971 1218 4022 autern
1233 3964 1366 4032 dixerunt,

331 4064 461 4134 antaeum
474 4060 574 4121 indere
591 4067 671 4121 ritant
689 4066 715 4120 tn
731 4064 808 4122 maiia
826 4066 951 4138 operibus
967 4068 1129 4124 invenerant.
1163 4064 1199 4120 dt
1216 4065 1276 4120 iiia:
1294 4062 1368 4122 isira

330 4168 406 4228 ruat,
431 4177 499 4234 qnae
517 4163 657 4236 profertis,
683 4169 739 4222 reio
757 4168 841 4234 eninr,
868 4167 938 4240 qnod
956 4167 1046 4240 aitque
1065 4182 1179 4240 pergeres
1197 4182 1238 4223 rna
1256 4167 1366 4238 priniana

330 4260 464 4319 ratutdirat
485 4269 513 4320 et
538 4264 644 4322 rediens
666 4265 787 4325 similiter
809 4266 932 4325 iaciebat.
969 4267 1069 4333 Quodsi
1099 4267 1188 4324 diuitis
1214 4266 1288 4323 vobis
1314 4267 1365 4322 rim

379 4483 401 4536 l)
415 4483 488 4538 Vuiffe
500 4492 528 4530 nt
542 4485 619 4542 quit,
