2828 5302
216 477 287 558 Cup.
309 475 409 538 xxvi
455 477 499 538 De
520 483 619 536 sanctu
641 473 749 534 Basilio
771 473 917 554 episcopo.
1032 467 1088 532 121

457 823 552 924 llll,
584 821 700 922 illl.

200 980 273 1049 ne
300 979 467 1048 saneto
494 973 683 1049 Basilio
711 973 945 1104 episeopo.

125 1152 154 1206 Ι.
173 1146 286 1203 Basilius
313 1143 471 1201 scurcralrills
495 1146 635 1215 episcopus
657 1149 683 1224 cl
700 1144 793 1202 lentos
810 1145 983 1218 praeluces,
1018 1143 1093 1214 cujus

55 1251 136 1301 uitaro
160 1246 268 1316 scripsit
285 1242 482 1314 Amphilochius
502 1241 594 1298 iconii
612 1247 768 1317 episcopos,
804 1249 918 1317 quanm
945 1244 1093 1298 sanctitatis

54 1347 203 1412 exstiterit,
237 1346 338 1402 cuidant
356 1345 481 1402 eremitae
499 1344 601 1399 nomme
619 1341 716 1401 Bllrunt
734 1347 761 1400 in
780 1345 838 1400 sisu
856 1346 1025 1398 monstratura
1043 1346 1092 1396 est.

56 1445 120 1500 llum
139 1447 206 1500 corion
230 1444 314 1502 diuus
339 1445 436 1502 Blircrn
461 1445 487 1497 in
504 1445 605 1499 exstasi
622 1446 724 1515 positus
741 1450 829 1512 esset,
867 1441 1094 1500 uldlt‘snlonnnsnn

56 1544 144 1618 iguis,
163 1546 238 1616 cajus
255 1552 335 1617 caput
352 1559 435 1616 usquc
454 1542 489 1598 ud
505 1542 605 1599 coelunt
623 1542 810 1616 pertingebat,
829 1549 856 1600 st
873 1556 961 1599 ncoeuo
980 1540 1096 1614 desuper

55 1642 159 1699 audivit
177 1643 318 1700 ticooteou:
353 1643 415 1700 talis
433 1649 475 1700 est
491 1658 601 1716 maguus
621 1641 752 1712 Basilius,
788 1642 874 1716 qualis
892 1641 957 1698 losse
975 1641 1096 1697 columna

55 1746 170 1817 iugens,
207 1758 283 1815 quam
303 1746 397 1799 cornis.
449 1741 564 1798 Veniens
582 1744 664 1816 igitur
681 1744 707 1796 la
724 1744 856 1800 ctrtntau
874 1745 901 1798 lu
919 1741 962 1798 tto
978 1741 1095 1814 Bpiphs·

56 1845 134 1908 aian,
163 1849 191 1898 nt
210 1849 307 1899 uatum
327 1845 407 1898 sirano
427 1841 516 1898 rinoro
534 1848 641 1914 penset,
665 1857 722 1897 cunt
741 1843 852 1900 uidisset
869 1859 926 1900 suun
944 1844 1014 1899 stols
1033 1857 1095 1899 can-

56 1943 123 1999 tlinls
141 1944 257 1999 indutum
273 1959 330 1998 eum
347 1942 450 1999 clericis
468 1942 655 1999 ucncnulrllitcr
666 1941 859 2014 promentem,
876 1944 994 1998 aitlntra
1006 1959 1049 1998 sc:
1068 1948 1097 1998 ut
1161 1957 1163 1962 ·

59 2025 195 2112 viuculo
213 2058 321 2098 vacua·
339 2042 477 2108 lsltorari3
495 2045 546 2098 iste
563 2045 641 2112 enirn,
658 2058 715 2098 cuno
731 2044 758 2098 lu
775 2042 824 2098 lali
841 2044 877 2098 sit
893 2041 993 2099 honore
1006 2044 1032 2114 ¹)
1048 2058 1096 2116 ps-

56 2146 141 2212 situs,
160 2158 324 2216 rosquscpuaun
341 2142 404 2198 tulis
422 2149 509 2216 potcst
526 2157 595 2211 essa,
615 2142 830 2215 quomadmodum
849 2142 1007 2216 cogitabam.
1041 2142 1097 2198 Nos

56 2247 137 2312 cairo,
161 2246 206 2316 qui
225 2245 385 2315 portarinrns
404 2243 505 2314 pondus
524 2241 575 2298 tliol
596 2249 625 2300 el
638 2250 729 2300 uentus
747 2241 811 2298 nihil
828 2241 882 2299 lale
901 2244 1034 2299 eounsocnti
1052 2259 1097 2298 su-

58 2359 127 2410 mus,
147 2350 175 2400 et
191 2341 232 2398 hic
249 2357 305 2398 cuns
325 2345 352 2397 in
369 2342 417 2398 tali
431 2341 531 2398 honoro
548 2348 575 2400 ct
593 2345 786 2415 constipatione
797 2343 899 2414 positast
914 2344 959 2410 sit,
976 2343 1096 2399 salustus

58 2445 130 2516 ignis
149 2449 198 2498 est.
247 2442 331 2500 Miror
349 2444 409 2498 istu.
464 2441 579 2498 Basilius
603 2445 684 2517 igitar
705 2446 732 2498 ia
749 2445 845 2514 spiritu
860 2440 910 2498 hou
929 2441 1020 2499 vincor
1037 2441 1099 2498 lcsit

60 2558 120 2598 sun
138 2541 172 2598 aul
190 2557 220 2597 sc
238 2541 381 2610 iatrodnei;
403 2545 446 2613 qui
464 2557 519 2596 cum
540 2541 703 2598 introductus
722 2549 803 2611 essct,
822 2541 1096 2615 riiitltopusotgoc-

61 2657 104 2696 aua
130 2657 178 2713 per
201 2657 232 2696 os
256 2642 314 2713 ejus
337 2641 485 2713 luqusuictn
510 2647 538 2696 ct
562 2644 601 2696 sit
618 2641 731 2698 Ellrctn:
766 2658 827 2698 vers
844 2655 954 2713 magnus
972 2640 1098 2708 Basilius,

61 2757 125 2798 scre
143 2741 262 2796 columna
279 2743 349 2814 iguis
369 2741 500 2808 llasilius,
537 2757 599 2798 vcro
617 2744 726 2814 spiritus
744 2749 849 2798 sanctus
867 2741 983 2812 loquitur
1000 2759 1048 2814 por
1067 2759 1097 2799 us

61 2846 130 2914 ejus.
165 2840 289 2914 Dixitque
308 2841 346 2897 illl
365 2840 474 2898 aaron:
492 2840 603 2898 ultsecro
622 2841 735 2911 dornlns,
754 2848 782 2898 ut
799 2841 861 2897 milri
876 2844 1009 2914 impetras,
1028 2845 1098 2917 qnuotl

61 2957 160 3017 graece
179 2942 282 3015 loquar.
317 2941 365 2998 Gai
386 2941 515 2998 Basilius:
534 2959 587 2998 reat
606 2942 737 2998 tllllicilenn
752 2942 903 3012 postulasti.
938 2942 990 3000 Pro
1008 2961 1040 3000 eo
1058 2952 1099 3000 tu-

63 3059 122 3099 nna
147 3044 234 3098 orarit
259 3048 285 3098 ct
307 3044 430 3097 contiuuo
454 3057 549 3116 graece
573 3042 645 3116 loqui
670 3043 766 3114 oucplt.
784 3071 815 3084 ·-
834 3073 869 3084 —
887 3073 921 3084 -
937 3048 969 3102 θ.
989 3044 1098 3108 llaiulaur

64 3143 134 3198 alius
154 3144 263 3198 emunita
286 3140 378 3196 videus
401 3141 527 3198 Basiliam
551 3141 620 3198 allas
639 3144 665 3198 in
682 3141 824 3214 pontificali
844 3140 936 3197 hsbitu
955 3145 1099 3214 procuden-

66 3251 117 3298 tcro
136 3259 193 3298 cuns
213 3241 344 3312 tlcspcxil,
360 3240 484 3314 judicans
503 3258 560 3298 enon
578 3244 605 3297 in
621 3241 702 3298 corda
720 3257 785 3310 sna,
805 3240 874 3315 quod
893 3243 919 3297 in
938 3244 986 3298 tall
1004 3259 1099 3318 pompa

66 3344 203 3415 pincianum
224 3340 408 3398 delectaretur.
461 3340 495 3398 Et
518 3357 579 3399 cccc
603 3357 655 3397 vox
675 3341 745 3397 laeta
761 3347 802 3396 est
818 3340 851 3397 ad
870 3358 927 3397 cura
946 3342 1049 3400 licens:
1074 3351 1101 3400 tn

65 3444 178 3516 amplius
197 3441 336 3498 delectaris
354 3442 380 3496 la
400 3440 531 3513 palpando
550 3447 637 3498 cattus
654 3448 717 3498 tnae
736 3441 861 3510 caudam,
892 3457 970 3514 quun
988 3443 1105 3501 delecte:

67 3552 109 3599 tur
128 3544 242 3601 Basilius
260 3542 287 3596 in
304 3547 434 3614 apparatu
451 3558 507 3596 suo.
525 3571 559 3584 -
575 3571 610 3582 -
626 3572 660 3583 -
681 3545 714 3600 B.
731 3540 830 3597 Valens
842 3543 994 3613 imperator,
1015 3543 1103 3600 lautor

67 3646 240 3708 Asianorum,
259 3641 395 3698 ceclesisun
414 3640 552 3713 quantulam
571 3657 588 3696 s
605 3639 742 3696 catholicis
759 3640 869 3698 ahstulit
887 3647 913 3700 el
930 3643 1036 3700 Arianis
1055 3644 1101 3700 de-

66 3745 115 3810 «lit,
132 3741 167 3797 stl
186 3758 260 3814 quern
279 3740 406 3797 accedens
425 3739 540 3796 Basilius
558 3743 613 3804 all:
631 3742 783 3812 inperator,
802 3744 927 3814 scripturn
947 3749 1004 3809 est,
1019 3742 1103 3799 honor

68 3845 140 3916 rogis
156 3842 283 3915 judiciuin
300 3841 389 3914 diligit
405 3846 432 3896 et
449 3841 541 3896 lterunn
555 3839 680 3912 judicium
700 3841 773 3914 regis
794 3840 916 3914 lustitia,
950 3848 978 3899 ct
994 3857 1040 3898 cur
1057 3857 1103 3900 cur

68 3951 137 3999 tunm
157 3942 304 4014 imprecavit,
322 3947 351 3994 nt
367 3939 489 4016 catholici
508 3941 666 4012 ejicerentur
683 3938 715 3996 uls
735 3940 848 3997 occissis
865 3947 892 3997 ct
907 3942 1102 3998 dareturrlnla-

67 4045 130 4098 nist
165 4043 212 4096 Cui
234 4042 389 4112 inperator:
423 4042 517 4096 iterum
535 4038 568 4094 nul
586 4039 757 4096 coatuuclias
782 4041 937 4118 reuerteris,
975 4041 1103 4106 oBasili,

70 4157 121 4196 nno
146 4140 221 4196 (leuet
243 4145 278 4195 le.
331 4137 366 4196 Bt
382 4139 441 4196 ille:
475 4139 550 4196 tlscet
568 4154 608 4195 nne
625 4140 793 4211 prolustitia
810 4142 888 4196 ctlsnn
906 4143 979 4196 nori.
1031 4141 1104 4198 Tune

69 4238 267 4306 Barnosthenes,
288 4239 436 4310 praelectus
457 4241 484 4310 ²)
503 4239 636 4311 epularum
654 4241 831 4310 impcratcrls,
849 4238 1103 4298 tortorio-tonorum

73 4373 399 4390 w

99 4460 121 4514 l)
131 4461 184 4503 hec.
193 4455 315 4502 othones
327 4458 560 4516 constipatione.
593 4460 614 4514 2)
623 4465 739 4516 tropo—rouo
750 4458 789 4504 su.
798 4457 1105 4526 Paiopitepistalsruan.
