2902 5310
314 465 379 534 688
543 468 618 550 Cep.
639 466 729 530 etv.
771 467 817 530 De
837 475 938 530 eeueto
958 467 1125 536 Leonerdo.

315 628 468 693 mutirem,
493 641 569 700 qnam
586 626 767 684 fortitudinem
788 628 839 699 (et
854 625 921 684 diott
935 626 1081 702 tribunae)
1100 626 1184 686 babet
1201 629 1230 685 tn
1246 635 1355 703 pertore

315 735 343 787 et
361 729 388 784 in
404 729 500 798 eapite.
534 725 581 783 Sin
597 727 691 783 beetee
707 726 865 785 Leouardue
889 725 982 783 babuit
1003 727 1183 786 tortitudinem
1200 729 1229 783 in
1248 735 1355 803 pectore

314 827 506 901 peruenturum
523 825 726 884 refrenationem
744 828 951 900 cogitationum,
975 834 1003 885 et
1025 829 1053 884 in
1075 829 1165 899 eapite
1190 842 1242 899 per
1263 827 1354 884 tntett-

314 927 431 1003 gebiiem
448 941 619 998 supernorum
636 926 890 998 contemptationem.
924 925 1046 984 Seenniu
1068 925 1150 984 babet
1168 928 1354 1000 eugenitem,

316 1034 344 1086 et
366 1027 417 1084 bor
440 1029 466 1082 in
487 1023 606 1092 beoban,
633 1025 736 1082 eoiiioet
758 1028 786 1081 tn
810 1032 948 1098 apertione
978 1025 1130 1092 οοιιΙοηιυ,
1162 1039 1222 1082 oum
1248 1025 1354 1094 dormit,

315 1134 343 1187 et
366 1130 392 1182 in
417 1125 562 1190 itreotioue
584 1126 775 1198 ueougtornm,
797 1141 855 1183 aum
880 1123 958 1198 iugit.
993 1123 1039 1182 Sia
1054 1123 1213 1181 Leonarine
1229 1126 1356 1199 riguerit

315 1243 365 1302 per
380 1225 498 1284 laborem
516 1224 648 1293 untionis,
673 1229 700 1280 et
722 1223 859 1299 rigiienio
882 1224 1005 1281 dormivit
1027 1239 1076 1296 per
1096 1225 1212 1298 quietem
1235 1231 1355 1280 oontem-

315 1327 442 1398 ptettoutn
463 1330 491 1380 et
518 1325 546 1378 tn
567 1337 597 1380 oe
626 1321 727 1380 notente
756 1325 873 1398 uertigie
902 1323 1049 1381 mundanae
1075 1325 1159 1380 totine
1193 1323 1354 1381 eiieotionb.

316 1425 410 1484 Tertio
427 1423 509 1481 hebet
526 1423 717 1478 virtuositetem
736 1425 861 1491 teneor,
884 1426 949 1495 quin
972 1428 1031 1496 etna
1056 1438 1108 1479 uox
1132 1425 1213 1480 tertie
1230 1423 1279 1480 die
1295 1438 1353 1480 ena·

314 1527 381 1582 ettet
409 1522 557 1581 ienuouium
587 1525 675 1578 netum
705 1528 834 1579 mortuum
858 1528 885 1579 et
913 1537 1015 1581 omnem
1038 1523 1151 1580 beetiem
1175 1521 1264 1596 igere
1290 1523 1354 1592 ierit

315 1623 437 1700 guium.
469 1621 513 1677 Sir
531 1619 686 1677 Loounrnioe
704 1619 801 1676 multoe
825 1627 942 1678 morteoe
960 1625 988 1678 in
1004 1624 1121 1694 peooatie
1139 1623 1314 1680 renneettertt
1329 1627 1355 1679 et

315 1721 411 1781 multoe
429 1727 546 1777 mortuoe
562 1720 712 1777 bestialiter
728 1723 848 1778 ttueatee
864 1725 892 1778 tn
908 1720 1034 1794 operibus
1051 1719 1129 1778 bouiu
1152 1719 1218 1778 inii.
1253 1721 1355 1786 Quone

315 1821 399 1894 babet
422 1823 539 1876 timorem
564 1820 592 1874 in
619 1817 716 1889 oortie,
748 1821 812 1893 qnia
836 1820 994 1887 (renuntiem
1018 1819 1174 1891 Yeiiornm)
1200 1820 1248 1877 die
1271 1821 1354 1886 timei,

316 1923 420 1980 eoiiieet
431 1921 566 1990 strepitum
581 1923 756 1986 ¹troianumet
768 1922 855 1994 ignem
868 1934 1016 1977 aoueuenm.
1037 1919 1083 1976 sto
1095 1919 1254 1976 Leonerdne
1268 1921 1356 1974 umuit

317 2029 345 2080 et
360 2021 475 2078 timendo
493 2020 587 2076 uitauit
604 2021 740 2090 strepitum
757 2019 905 2076 mundanae
922 2017 1110 2076 eoiituituuituie
1129 2025 1156 2074 et
1174 2019 1238 2076 ideo
1255 2021 1285 2074 tn
1308 2019 1353 2074 de-

316 2128 414 2180 sertum
433 2119 501 2192 ingit
518 2125 546 2175 et
561 2120 649 2192 ignem
668 2123 790 2176 terrenae
807 2118 959 2190 oupttttntte
977 2125 1004 2175 et
1022 2117 1082 2175 ideo
1103 2132 1193 2176 omues
1211 2117 1354 2174 thereme

317 2219 371 2277 eibi
388 2219 493 2278 obintoe
509 2220 657 2276 oontemeit.

382 2315 538 2376 Leoneriue
556 2317 639 2374 intere
656 2318 754 2374 iioitrr
769 2319 841 2374 atrae
857 2329 952 2375 enuum
970 2316 1069 2375 bomini
1088 2317 1120 2374 D.
1154 2316 1202 2373 iiio
1224 2321 1354 2374 enenoto

317 2418 437 2490 Remigio
459 2415 623 2474 Remeneium
646 2416 847 2490 arobiepieoopo
869 2418 903 2475 be
925 2431 1004 2474 eaoro
1031 2418 1104 2476 toute
1132 2417 1237 2474 ienetne
1269 2425 1299 2474 et
1319 2417 1354 2474 ab

316 2520 377 2590 ipro
394 2515 557 2573 amatoribus
574 2515 722 2588 dieoipiinie
738 2519 882 2574 inttrnatue
905 2524 955 2575 eet.
990 2518 1072 2590 cnjue
1089 2523 1215 2589 perentee
1233 2518 1312 2589 primi
1328 2518 1354 2572 tn

317 2617 417 2690 petatio
436 2609 509 2688 regie
528 2613 655 2673 Fraruoiee
670 2614 846 2673 habebantur.
880 2615 929 2674 itte
945 2622 1043 2673 mutam
1061 2617 1204 2689 gratiamne
1221 2632 1288 2690 rege
1305 2616 1355 2672 ob·

317 2719 408 2783 tinuit,
427 2714 497 2788 quoti
513 2729 603 2770 omnoe
625 2715 797 2785 inomoerati,
822 2731 890 2788 quoe
915 2717 975 2787 ipee
997 2713 1138 2782 vitiabat,
1164 2717 1286 2786 protinne
1304 2714 1352 2771 eb·

317 2814 496 2873 enitebantur.
537 2815 600 2872 Gom
631 2816 714 2887 igitur
737 2815 809 2872 iema
834 2815 984 2871 eanotitetie
1009 2815 1068 2886 eJue
1092 2820 1274 2883 excreuerat,
1306 2830 1355 2871 rex

317 2915 398 2970 mutto
415 2919 533 2986 tempore
550 2929 606 2970 eum
625 2929 713 2970 ereum
730 2929 837 2971 menore
854 2914 952 2987 eoepit,
970 2912 1055 2970 boner
1071 2921 1222 2985 opportune
1232 2919 1355 2986 tempore

318 3013 344 3072 ei
362 3015 540 3085 episcopatum
560 3013 679 3069 tuomet.
714 3011 791 3078 Quod
808 3013 854 3070 iiie
871 3014 959 3070 reuntt
975 3018 1004 3070 et
1013 3011 1181 3069 solitudinem
1194 3006 1354 3070 desiderent

317 3111 418 3169 reliotie
437 3110 557 3168 omnibne
574 3112 743 3169 Aurelianum
763 3110 942 3184 praedicendo
955 3127 1013 3168 oum
1026 3111 1160 3168 ueniretur
1175 3097 1354 3168 euo'ttterto

318 3209 434 3280 deuenit,
450 3209 506 3278 nbi,
518 3217 655 3284 poetqunm
667 3213 694 3267 im
707 3212 820 3285 quotam
830 3209 960 3267 coenobio
973 3209 1135 3284 eiiqnembiu
1148 3213 1279 3278 vixerunt,
1293 3209 1353 3267 dmm

317 3310 443 3367 Liierdue
459 3326 541 3382 emper
561 3313 644 3382 ripen
660 3311 768 3383 Ligerte
782 3309 918 3365 eoiitariue
932 3324 1039 3366 manere
1053 3309 1133 3366 teiiet
1151 3314 1178 3366 et
1193 3308 1353 3366 Leonerdue

317 3426 368 3483 per
380 3411 464 3466 eanoti
477 3410 586 3480 epiritue
605 3408 807 3466 admonitionem
823 3409 1006 3481 inequitante
1022 3406 1175 3480 obponeret
1186 3404 1354 3478 preebtoera

317 3510 470 3567 oeonienm
494 3523 525 3566 ee
549 3507 583 3564 eb
607 3508 718 3564 inetuom
741 3507 929 3564 diaooeeernnt.
962 3505 1119 3563 Leouerbne
1148 3507 1232 3579 igitur
1253 3505 1355 3580 nbiqno

318 3608 491 3681 praedicere,
508 3607 590 3664 muita
606 3607 733 3663 mtrnouia
753 3621 879 3663 exeruere
897 3607 923 3660 iu
936 3605 1048 3678 quedem
1061 3604 1131 3661 uun
1141 3606 1243 3661 eirttett
1256 3605 1355 3662 Lemo·

318 3709 394 3765 eioee
419 3708 508 3763 rioine
532 3705 682 3775 babiterit,
705 3705 751 3761 ubi
773 3709 831 3761 erat
853 3705 915 3761 eoin
932 3706 1010 3778 regin
1025 3719 1107 3762 nanu
1122 3706 1271 3761 remetiente
1290 3719 1355 3760 oom-

318 3812 425 3863 strnete.
460 3805 564 3862 Aouidit
580 3812 681 3874 autem,
699 3810 729 3860 ut
744 3803 857 3877 quedem
877 3805 921 3861 bio
938 3821 985 3861 ron
1002 3803 1041 3859 ibt
1058 3809 1199 3862 rueretur
1216 3809 1243 3860 et
1259 3805 1357 3878 regine

318 3905 382 3962 ilino
404 3919 487 3961 oenee
503 3904 654 3962 diiectioute
673 3919 786 3979 ogreeee
808 3911 887 3977 partu
903 3905 1107 3976 periclitaretur.
1142 3902 1204 3960 cum
1223 3917 1290 3975 ergo
1307 3919 1356 3959 ren

319 4011 346 4062 et
370 4003 471 4060 iemiiia
494 4010 605 4077 propter
626 4007 736 4079 reginae
759 4004 980 4076 pertotitnttonen
1004 4003 1129 4078 lugerent
1150 4009 1178 4059 et
1196 4000 1356 4059 Leouereine

319 4119 368 4176 per
383 4119 473 4160 nemen
492 4105 618 4161 traneiret
634 4109 662 4160 et
678 4104 835 4177 pomeubnm
854 4117 935 4160 rooee
952 4100 1071 4172 eudtret,
1092 4106 1193 4176 pietate
1211 4106 1356 4157 oommotue

319 4205 384 4264 iitno
405 4203 560 4278 properarit
583 4205 611 4258 et
632 4215 650 4258 e
673 4217 738 4276 rege
763 4207 871 4262 rotatu
890 4205 1010 4275 prottnne
1028 4203 1156 4263 murteta
1191 4199 1256 4258 Cum
1272 4199 1358 4274 tgttnr

369 4424 393 4480 t)
405 4423 447 4471 et.
459 4428 494 4472 Pr.
509 4420 605 4471 omittit·
617 4427 758 4470 rotarum.
