2866 5310
239 471 313 552 Cap.
336 471 492 530 cdxxxi.
533 469 577 532 De
602 479 703 531 saneto
725 469 844 550 Pelagio
865 487 953 550 *papa
1050 458 1113 530 025

83 631 239 705 pullularet,
258 635 344 688 unitas
364 629 559 702 'isubatauttue
578 633 654 686 trium
673 645 842 702 personarum
857 629 971 686 ertdeutt
987 631 1112 686 miraeuto

83 735 290 799 demonstratur,
315 739 345 788 ut
367 734 406 789 ait
429 731 623 804 ²)Sigiirertus.
660 730 723 787 liuto
748 733 815 788 enirn
839 733 866 786 tu
883 730 949 786 urite
966 729 1113 786 Vesaoenri

83 835 188 888 missam
208 834 347 904 episeopus
365 832 527 898 celebraret,
555 832 621 887 uidit
635 837 691 888 tres
709 838 798 905 guttas
815 831 976 886 riarisatruas
994 829 1114 902 aequatio

84 931 271 1006 magnitudinis
288 947 369 1001 super
384 933 469 989 uitare
486 935 615 997 emissus,
641 947 708 1003 quae
730 932 806 988 simui
830 930 975 988 dedusutes
993 931 1020 985 iu
1036 945 1113 984 unum

84 1035 238 1102 eonjuuetae
254 1047 380 1104 gammam
400 1031 599 1102 pulcherrimam
622 1033 774 1088 eiieoeruut.
810 1033 890 1096 tiuaur
908 1045 964 1086 eum
982 1032 1009 1086 tu
1026 1028 1114 1086 uredto

86 1131 220 1203 eujusdam
243 1133 329 1187 erueis
352 1147 449 1188 aureae
473 1135 619 1201 posuisset,
646 1132 863 1203 misegonem,
891 1146 957 1203 quae
976 1129 1012 1185 ibt
1031 1135 1115 1193 erant,

85 1231 119 1288 de
137 1233 196 1304 ipsa
213 1233 331 1302 protinus
349 1232 506 1288 oeciderunt.
542 1230 652 1288 Addidit
669 1247 789 1303 quoque,
808 1231 878 1304 prod
896 1233 984 1303 impiis
1002 1230 1116 1284 obscure

86 1339 115 1388 et
130 1332 233 1388 mundis
249 1332 322 1387 niara
341 1330 487 1398 ridebatur,
507 1337 533 1388 et
552 1330 620 1403 quoii
642 1328 749 1387 intruis
768 1332 850 1413 dabat
867 1333 1004 1387 sanitatem
1023 1334 1049 1385 et
1067 1327 1116 1384 ad-

85 1433 222 1490 urunriiua
239 1446 340 1490 rruuem
355 1431 470 1505 augebat
482 1431 656 1488 devotionem.
691 1430 755 1488 Post
767 1431 816 1488 hoe
828 1437 913 1488 auteur
928 1428 1116 1504 Longobardia

85 1535 127 1589 iris
144 1533 248 1606 quidum
273 1547 319 1589 rex
341 1538 481 1603 praeerat,
507 1534 611 1587 uomine
629 1531 771 1597 albuinus.
794 1535 836 1588 rir
859 1530 962 1606 quiden
988 1529 1065 1586 iuriis
1090 1533 1117 1585 et

85 1641 223 1700 mrsuuus,
250 1635 294 1707 qut
317 1647 374 1688 erm
398 1647 463 1705 rege
481 1630 683 1689 Gebidanioruru
704 1631 832 1703 proeiiuru
849 1646 946 1706 peneus
963 1633 1022 1704 ejus
1040 1645 1116 1690 eaer-

85 1736 162 1790 eitum
195 1736 318 1790 contrivit
348 1742 374 1788 et
405 1748 495 1804 regem
525 1730 663 1789 interisoit
704 1732 871 1804 Quapropter
895 1731 964 1789 ditus
988 1731 1117 1804 praedicit

87 1837 159 1908 regis
183 1836 280 1900 neutri,
306 1835 350 1906 qui
374 1833 426 1888 sibi
451 1835 478 1890 in
503 1848 611 1905 mgnum
634 1841 818 1904 suoueaaerut,
842 1834 868 1888 tu
890 1831 1014 1889 uitiuueru
1032 1833 1118 1906 patris

85 1937 128 1990 sui
145 1941 238 1992 eontra
254 1933 394 1990 tibuiuurr
415 1949 490 1989 manu
508 1940 608 1990 ornata
631 1933 736 1989 tenerer
753 1934 892 2004 prooessit
927 1935 1024 1990 Contm
1042 1949 1118 2006 quem

29 2042 31 2044 ’
87 2035 216 2090 ΑΙΙιιιιιι
233 2036 373 2090 suppettusu
391 2049 466 2090 auum
483 2035 563 2090 morit
580 2038 607 2088 et
628 2035 711 2104 ipsum
729 2048 858 2104 superans
876 2033 1009 2090 iuterteeit
1026 2032 1118 2090 fitioru-

88 2150 139 2207 que
157 2149 248 2198 tuam.
284 2137 388 2190 nomine
405 2133 606 2200 Rosimundsut,
634 2136 764 2204 eaptirem
783 2131 880 2188 ducens
900 2135 926 2188 tn
945 2149 1051 2189 uxoren
1071 2147 1118 2188 au-

87 2237 167 2305 eeptt,
185 2235 234 2290 sed
246 2234 317 2290 etde
330 2239 417 2306 eapite
429 2239 513 2306 ipsius
527 2237 598 2308 regis
610 2232 662 2290 atii
679 2247 771 2304 eupanr
784 2234 898 2305 purartt,
918 2247 994 2306 qusuu
1007 2237 1119 2306 argento

43 2353 46 2361 ·
89 2335 284 2390 eireundueeus
305 2329 366 2391 inde
381 2335 499 2393 bibebat.
532 2334 561 2390 ln
573 2335 627 2390 tiits
639 2340 725 2390 sutem
739 2332 833 2389 diebus
844 2331 963 2392 tustinus
973 2335 1056 2388 ruiuur
1070 2335 1119 2388 iur-

89 2438 187 2506 prrtum
203 2435 380 2508 gubernabat,
393 2438 439 2507 qui
450 2435 581 2509 quendam
592 2433 768 2504 ²ierrurroirum
781 2435 923 2505 principem
937 2432 1064 2502 habebat,
1074 2436 1121 2507 spui

88 2534 355 2602 ornumornum,
379 2537 460 2592 rtrum
479 2535 608 2608 quendam
626 2535 739 2592 uobiiesr
757 2542 784 2590 et
800 2541 950 2600 strenuum,
966 2534 1011 2607 qui
1027 2540 1120 2590 eoutea

89 2633 204 2702 Gothos,
226 2637 270 2708 qui
294 2641 375 2691 totana
397 2635 499 2693 ltaliam
524 2638 689 2702 inusserant,
715 2633 862 2708 propedius
884 2635 959 2706 ipim
985 2637 1121 2706 superarit

89 2742 117 2792 at
131 2751 219 2808 regern
235 2732 412 2802 ¹)Guthoruur
426 2736 522 2793 oeeidtt
534 2743 560 2793 at
574 2739 720 2794 uuiversum
738 2734 838 2792 italiam
857 2742 977 2807 paratam
996 2735 1121 2803 reddidit,

90 2837 134 2906 qui
158 2852 205 2907 pro
230 2837 333 2908 maguis
357 2835 494 2892 benefieiis
518 2851 637 2910 nepueu
666 2836 789 2892 turidiunr
814 2837 922 2908 pertulit
946 2852 962 2893 u
986 2835 1121 2897 Romsuis.

90 2936 258 3006 Quapropter
270 2933 339 3005 apud
354 2937 537 3006 imperatorem
551 2937 621 2994 iuiso
635 2945 775 2994 reeusatus
789 2953 806 2992 s
823 2936 944 3008 presiate
963 2939 1122 3009 inperatore

90 3035 225 3107 depositus
250 3041 297 3091 est.
334 3032 406 3092 Uxor
427 3053 532 3110 quoqu
557 3015 740 3109 imperatoris,
759 3042 861 3094 nemine
879 3037 1028 3109 ³)Supiuta,
1042 3038 1122 3118 ¹tuero

89 3136 270 3194 eontumeitaur
293 3136 344 3192 sibi
369 3139 456 3204 misit,
480 3139 630 3209 quodsum
653 3153 709 3196 auur
729 3139 834 3195 aneiltis
850 3141 907 3195 suis
932 3139 1031 3196 tarent
1048 3139 1123 3196 diere

90 3244 117 3294 et
141 3238 258 3294 tanarum
281 3249 364 3308 pense
387 3236 515 3295 diuidere.
549 3239 591 3295 Ad
615 3239 681 3298 hsee
706 3240 787 3296 serbe
803 3238 903 3296 Narseo
921 3239 1072 3312 respondit:
1096 3246 1123 3296 et

90 3353 142 3410 ego
158 3338 237 3396 tutam
253 3338 331 3396 tetam
349 3337 398 3392 tibi
416 3337 499 3395 ordiri
516 3343 680 3410 praeuentus,
705 3355 799 3413 quarn,
822 3340 908 3397 donea
933 3341 1048 3407 rixeris,
1075 3338 1123 3397 de·

90 3453 188 3508 ponere
206 3453 258 3494 nou
276 3436 387 3496 ruebit.
422 3437 558 3510 Neapolim
575 3444 658 3514 igitur
675 3440 772 3498 Narseo
793 3441 919 3498 secedens
936 3438 1123 3514 Longobsrdts

90 3537 237 3603 mandevit,
264 3545 293 3594 ut
314 3539 481 3609 pauperrima
504 3539 655 3598 Pannonius
680 3557 742 3600 rura
763 3541 918 3599 desererent
935 3549 962 3596 et
979 3539 1013 3596 ad
1030 3540 1123 3599 itatius

92 3639 179 3696 tertiis
211 3638 295 3694 seium
325 3639 511 3710 possidendum
539 3643 711 3702 saudemont
759 3641 835 3707 Quod
861 3642 990 3698 Aibuinus
1012 3641 1123 3698 audiens

91 3739 250 3797 Pannoniam
272 3739 391 3796 deseruit
408 3748 434 3797 et
456 3757 525 3799 auno
548 3741 582 3800 ab
600 3745 780 3802 incarnatione
797 3742 896 3799 donini
913 3744 1124 3817 quingentesimo

91 3843 257 3911 sexagesimo
270 3847 363 3898 omaro
376 3857 434 3898 euur
442 3843 629 3916 Longubardrs
643 3841 743 3900 itattsur
756 3845 872 3900 intrarit
889 3841 1048 3902 Eratauteu
1061 3859 1122 3902 eon·

91 3939 203 3997 suetudo
216 3955 306 3996 eorum
320 3941 415 4015 iungas
425 3942 503 4000 ratde
516 3942 614 3999 burins
630 3950 745 4016 portare.
775 3941 849 4001 [inde
864 3960 921 4000 eon
934 3943 1046 4015 quadam
1058 3948 1124 4013 rire,

92 4044 224 4112 uterium,
244 4042 426 4112 expiorstores
444 4043 478 4100 ad
496 4061 544 4104 eos
563 4048 651 4102 ventre
667 4045 808 4114 deberent,
831 4046 967 4117 praecepit
985 4044 1123 4113 ilduinus,
1163 4074 1165 4080 ν

91 4149 120 4198 ut
136 4155 227 4197 omues
245 4143 366 4201 mutieres
389 4145 492 4202 sotutos
516 4148 603 4203 urinas
620 4149 691 4204 eirea
709 4153 820 4202 uentu·
836 4144 1073 4216 oireuudueereut,
1096 4153 1125 4204 ut

144 4332 164 4383 i)
178 4329 219 4378 ti.
233 4335 266 4374 ir.
279 4342 321 4392 pro
334 4343 402 4374 vocer
416 4330 606 4376 susbstantiae
619 4328 683 4376 efferi
697 4336 806 4388 speeie.
876 4335 899 4386 2)
913 4331 952 4377 ed.
968 4337 1000 4376 i'r.
1014 4330 1120 4384 siritii·

93 4399 204 4468 berturi
291 4401 312 4452 ti
324 4403 421 4444 Vouernu
436 4399 594 4444 eunuoirurn
608 4400 691 4446 omiitit
705 4400 746 4444 eui.
760 4407 791 4445 t‘r.
869 4403 891 4455 t)
904 4399 948 4445 stit
964 4400 1052 4454 iepontu
1072 4413 1125 4446 eo·

93 4481 151 4513 rum
164 4467 296 4516 Attilam.
371 4470 394 4521 d)
407 4467 464 4513 aiii:
482 4468 618 4525 dupinius.
