2866 5310
316 499 380 562 ³52
399 501 471 582 Cap.
490 499 646 564 Lxxxttt.
668 501 713 561 De
728 511 826 558 eaucto
840 501 960 574 Quirite
976 511 1004 561 et
1018 499 1107 560 Julite
1119 503 1183 581 ejus
1198 515 1300 561 matre.

316 657 476 726 beliatieue,
501 658 551 715 Ilei
574 657 660 716 redite
682 675 716 716 ex
737 659 785 718 liet
804 661 977 720 irabltalieme.
1013 658 1083 714 llaee
1102 663 1170 714 euim
1194 662 1222 713 lu
1240 675 1272 716 ee
1290 675 1355 731 gra-

315 759 353 811 tia
376 758 523 828 supplerit,
548 773 616 828 quae
640 766 715 815 aetas
741 763 856 830 negarit.
891 759 973 816 Julita
994 759 1091 830 jurans
1116 761 1187 824 rita,
1213 761 1276 829 quta
1298 757 1355 810 rita

316 857 450 927 spirituaii
468 859 533 913 uiuit
549 861 575 912 et
595 872 643 928 per
660 858 729 914 barm
746 861 833 914 uultis
850 860 957 930 pruluit.

383 956 506 1018 Quirieua
524 956 574 1011 luit
591 957 660 1012 ilius
677 957 776 1015 Julltae
792 959 988 1013 ibustriesimae
1006 961 1140 1012 matronae
1156 951 1268 1023 Yeeull,
1286 969 1356 1024 quae

315 1057 531 1128 persecutionem
545 1055 680 1130 dealitate
705 1059 799 1116 rutena
819 1060 845 1113 iu
864 1057 977 1114 Tarsum
1001 1056 1112 1110 Cilieiae
1130 1067 1186 1108 eam
1205 1069 1287 1124 puers
1305 1067 1354 1112 sue
1390 1069 1393 1072 ·

315 1152 439 1222 Quiriee,
457 1156 501 1225 eui
521 1162 580 1210 erat
595 1157 672 1210 trium
690 1171 829 1222 aruerant,
849 1157 928 1222 remit,
948 1153 995 1208 seri
1010 1141 1096 1208 tamen
1109 1153 1260 1209 Alexandra
1275 1167 1355 1224 prae-

314 1252 367 1308 sidi
387 1259 572 1325 praesentatur
589 1256 614 1324 ip
633 1255 703 1309 ulnis
720 1257 776 1310 euls
795 1269 902 1326 puerum
920 1260 1046 1326 gestans,
1064 1250 1134 1324 qued
1153 1251 1224 1307 rluae
1241 1251 1356 1307 lamulae

314 1367 381 1409 auae
397 1353 516 1409 videntes
534 1353 659 1427 lugerent
682 1361 789 1410 steen
812 1355 934 1423 protinus
959 1351 1131 1423 reliquerunt.
1165 1350 1280 1407 Praenes
1301 1354 1354 1424 lgi'-

313 1457 358 1506 tur
375 1468 483 1524 puerma
507 1453 534 1507 iu
558 1455 627 1510 ulsie
655 1458 710 1510 suis
737 1453 854 1522 suscepit
876 1457 903 1508 et
929 1459 1036 1507 matrem
1054 1439 1206 1506 saerileare
1222 1449 1356 1505 molentem

314 1550 403 1606 erulis
427 1553 514 1607 nemis
539 1550 670 1622 flagellari
698 1553 842 1620 praecepit.
876 1550 947 1607 Puer
969 1557 1055 1605 autem
1087 1555 1195 1606 matrem
1220 1549 1354 1622 flagellari

315 1653 481 1719 conspiciens
508 1665 597 1705 amare
622 1647 704 1704 flebat
723 1655 749 1705 et
767 1649 949 1710 lamentabiles
968 1665 1047 1705 reeea
1064 1648 1153 1704 dabat
1188 1648 1229 1703 At
1242 1665 1355 1720 praeses
1421 1702 1428 1714 ,

314 1765 423 1820 puerum
442 1748 573 1811 Quirieum
598 1751 624 1803 lu
647 1748 727 1806 ulnas.
749 1755 776 1805 et
800 1766 882 1821 super
904 1763 993 1822 genua
1014 1763 1117 1821 peneus
1135 1764 1192 1804 euru
1210 1749 1313 1804 esealle
1329 1755 1357 1805 et

314 1849 375 1903 aliie
399 1848 535 1910 blanditiis
561 1847 743 1916 demulcebat,
777 1849 864 1902 iulans
894 1856 980 1903 autem
1014 1847 1048 1901 at
1073 1856 1180 1902 matrem
1207 1849 1355 1919 respicient

314 1947 447 2017 praesidis
472 1946 565 2002 aurula
588 1945 751 2003 abhorrebat
775 1953 802 2004 et
827 1955 906 2018 eaput
930 1963 986 2001 eure
1018 1945 1201 2019 indignatione
1230 1954 1356 2003 avertens

315 2045 411 2101 ruitum
432 2048 489 2118 ejus
508 2045 613 2116 ungulis
633 2045 750 2100 laniabat
768 2053 794 2100 et
811 2049 888 2102 matri
913 2061 1044 2101 consonas
1062 2061 1141 2106 rosea
1159 2045 1255 2114 tabat,
1278 2049 1355 2119 quast

315 2144 432 2200 diecret:
450 2152 477 2199 et
494 2161 546 2217 ege
566 2144 726 2200 christianus
741 2163 807 2202 sum.
843 2145 961 2202 Tandem
987 2146 1031 2200 diu
1054 2145 1187 2201 reluetaue
1204 2147 1354 2217 praesidem

313 2246 341 2300 lu
360 2245 477 2315 aeapulie
502 2245 657 2311 memordit;
684 2250 748 2301 turre
772 2261 883 2317 praeses
911 2245 1083 2318 indignatus,
1109 2244 1202 2300 delere
1223 2249 1354 2300 cruciatus

314 2359 421 2412 puerum
444 2344 478 2398 ub
499 2345 553 2399 altu
572 2361 620 2414 per
642 2344 743 2417 gradus
759 2345 961 2415 praecipitarit,
987 2349 1026 2400 ita
1042 2351 1070 2398 ut
1087 2344 1212 2403 tribunall
1231 2345 1354 2401 tenellum

314 2442 450 2520 terebrum
468 2443 636 2510 adhaereret,
653 2442 735 2500 Juiita
752 2459 815 2498 rere
834 2443 914 2498 ilium
933 2444 967 2498 ad
988 2461 1095 2518 reguum
1114 2447 1297 2515 praecessisse
1313 2447 1353 2499 ri·

314 2541 379 2596 deus
406 2541 477 2597 laeta
504 2544 606 2614 gratias
633 2540 688 2596 neo
712 2541 835 2598 reddidit.
871 2541 946 2597 Tune
967 2541 1050 2598 Julita
1065 2543 1145 2613 jussa
1163 2549 1204 2597 est
1222 2544 1353 2600 excoriari

314 2647 341 2696 et
352 2640 471 2695 bullienti
486 2644 545 2711 pire
562 2639 684 2710 perleui!
701 2647 727 2696 et
744 2641 845 2696 demum
862 2644 950 2711 eapite
968 2643 1093 2697 trurrearl.
1126 2641 1155 2696 lu
1173 2643 1285 2712 quedem
1303 2657 1352 2699 au-

312 2747 364 2795 tem
383 2740 497 2812 legeurtu
513 2741 659 2806 inuenitur,
686 2739 756 2810 quod
776 2737 898 2802 Quiricus
913 2747 1050 2811 tyranuum
1073 2737 1249 2796 blandientem
1267 2755 1355 2814 aeque

314 2845 343 2893 ut
359 2842 498 2892 minantem
516 2839 591 2909 parrl
606 2837 724 2907 perdens
742 2836 910 2894 cirristiauum
929 2853 958 2895 ee
976 2855 1036 2897 esee
1053 2837 1240 2908 eeubtebatur,
1259 2857 1353 2896 saeuu-

313 2938 373 2994 tlara
401 2937 504 3009 quiden
530 2941 632 3006 tempus
661 2936 776 3009 abiegnis
804 2935 966 3008 intuamur,
997 2936 1044 2994 aeti
1073 2939 1100 2993 lu
1132 2953 1165 2995 eu
1195 2937 1354 3011 loquebatur

312 3039 420 3108 spiritus
445 3041 560 3092 sanetus.
597 3032 678 3098 Quem
701 3049 758 3090 eum
783 3051 893 3107 praeses
917 3017 1110 3110 interrogaret,
1140 3039 1200 3110 qula
1224 3055 1281 3093 eum
1304 3039 1352 3094 elo·

311 3138 424 3202 ruisset,
442 3138 494 3190 ait:
511 3146 591 3200 tuam,
609 3149 732 3205 praeses,
751 3137 834 3190 mirer
849 3135 1041 3206 traiptemtau,
1059 3140 1103 3208 pul
1123 3151 1205 3192 meam
1223 3138 1352 3194 tantilla·

311 3249 421 3290 remeas
446 3233 587 3290 aetatulam
614 3233 723 3289 uectum
751 3237 877 3306 temperis
901 3235 1002 3290 etreulu
1025 3238 1153 3292 triermera
1178 3227 1353 3307 percontaris,

311 3335 371 3404 quis
385 3348 426 3388 ree
438 3332 551 3388 llrluam
565 3332 685 3388 tluuuerit
699 3335 864 3404 sapientien.
885 3333 935 3398 ssul
949 3351 1005 3390 rum
1021 3333 1185 3401 caederetur,
1203 3334 1352 3391 clamabat:

295 3409 471 3486 ⁸christianus
489 3441 561 3500 sum,
577 3440 606 3488 et
623 3435 744 3504 moriers
763 3431 813 3488 bue
831 3433 976 3502 clamabat,
1002 3434 1102 3489 tetleua
1119 3435 1190 3488 uires
1209 3435 1279 3489 luter
1294 3441 1351 3490 ter-

293 3537 399 3588 ·raeutu
421 3531 577 3603 recipiebat
612 3531 726 3588 Praeses
749 3538 834 3588 autem
864 3540 971 3589 matrem
996 3547 1052 3588 ruat
1084 3549 1166 3604 puero
1192 3533 1352 3588 membratim

310 3630 394 3684 selurli
412 3629 474 3685 ierit
491 3638 518 3685 et
537 3647 624 3687 eurum
643 3629 759 3686 membra
773 3647 805 3686 ne
820 3647 836 3686 a
853 3621 1004 3687 ebrietiuule
1022 3633 1213 3704 sepelirentur,
1233 3631 1353 3708 dispergi

311 3728 452 3783 mandarit.
487 3729 541 3785 Seri
558 3737 644 3786 tamem
667 3729 700 3786 ab
718 3731 815 3802 angele
836 3737 897 3786 suut
921 3731 1035 3787 eelleeta
1054 3739 1081 3789 et
1098 3739 1176 3788 uoete
1194 3747 1211 3789 a
1227 3731 1352 3787 ebriatis-

311 3831 352 3882 uia
370 3828 482 3899 sepulte.
518 3828 612 3884 ilerum
632 3844 746 3900 corpora
762 3837 879 3900 tempere
899 3830 1063 3886 Caustaetlnl
1087 3833 1192 3902 magui,
1216 3845 1273 3885 eum
1300 3847 1352 3902 pax

311 3934 384 3982 esset
401 3928 507 3982 reddita
525 3926 672 3992 ecelesiae,
699 3928 733 3982 ab
752 3943 805 3982 ura
822 3928 856 3983 ‹le
873 3929 992 3994 aucillis,
1011 3942 1080 4000 quse
1097 3927 1186 3984 adbuu
1204 3937 1353 4000 supererat

310 4026 461 4080 revelantur
478 4033 505 4082 et
522 4029 548 4080 im
567 4025 709 4082 devotione
726 4041 823 4100 magna
840 4026 874 4080 ub
892 4030 960 4082 emat
978 4025 1078 4098 pupule
1104 4026 1241 4090 labentur.
1277 4028 1353 4084 Paret

308 4131 466 4181 autemsumt
482 4127 553 4181 eirea
574 4140 658 4181 amnes
682 4124 781 4181 demini
808 4125 987 4182 ducentesimo
1015 4124 1101 4182 XXX.
1127 4127 1176 4182 aab
1201 4125 1353 4184 utrumme

310 4225 475 4292 imperatore.
