2902 5310
239 511 314 592 Cap.
338 509 464 572 chvi.
519 511 564 571 De
586 521 684 571 soocto
704 507 830 573 Martios
852 513 998 594 episcopo.
1074 509 1136 576 tii

100 685 149 741 per
166 667 282 744 Ligerim
302 672 410 745 navigio
428 671 462 727 od
480 658 570 728 istem
588 671 747 729 'toronicam
770 689 827 730 com
850 687 946 747 magno
971 673 1070 748 gordio
1088 675 1137 733 de·

100 777 230 839 portetur.
265 769 364 827 Beatus
381 778 467 828 cotom
487 773 630 829 Sororioos
650 771 815 830 Coloniensis
838 777 993 845 episcopos,
1017 790 1074 830 eom
1093 775 1137 831 dis

101 869 233 924 dominice
261 869 322 926 icoc
350 879 443 928 sancto
472 879 533 943 post
555 874 695 927 matutinos
720 889 790 928 more
815 874 895 928 soiiio
923 874 1061 942 circuiret,
1090 875 1138 932 iiis

101 967 184 1038 tiore,
210 985 262 1042 quo
288 971 328 1025 rir
354 978 461 1027 seoctos
485 971 570 1038 obiit,
594 971 706 1045 argeios
729 979 865 1030 coniectes
888 975 914 1029 io
938 973 1014 1029 coeio
1037 973 1140 1029 oodirit

102 1055 253 1142 vocansque
272 1069 489 1142 archispiscopo
507 1073 662 1144 inicrrogsi,
682 1074 705 1126 si
723 1074 823 1145 oiiqoid
842 1072 957 1132 audiret.
991 1071 1025 1127 Ei
1041 1087 1096 1128 com
1109 1087 1139 1128 ss

102 1169 167 1225 mitrii
184 1168 278 1225 oodiro
292 1171 393 1226 diceret
404 1175 431 1225 et
446 1169 673 1242 archiepiscopus,
692 1177 722 1226 oi
736 1171 880 1244 diligenter
893 1171 1063 1239 auscultaret,
1082 1187 1139 1226 mo·

102 1275 192 1337 nerei,
225 1272 313 1341 coepit
341 1285 442 1325 sorsum
476 1270 570 1325 coiium
595 1269 752 1338 estendere,
782 1286 861 1328 coros
886 1275 991 1345 erigere
1013 1278 1039 1328 ct
1060 1288 1142 1344 super

103 1371 208 1424 summis
221 1369 340 1425 articulis
354 1369 448 1424 iecoio
462 1384 492 1423 se
504 1376 654 1425 customens
667 1377 748 1426 stare.
783 1371 837 1426 Sed
851 1370 910 1426 dom
924 1371 1141 1443 archiepiscopos

104 1485 152 1540 pro
171 1485 203 1525 oo
222 1475 336 1535 orasset,
355 1466 480 1540 quosdam
500 1469 528 1523 io
546 1469 621 1524 coeio
638 1485 717 1526 roceo
732 1469 825 1526 ordire
836 1486 866 1526 se
880 1469 956 1528 dixit.
992 1471 1039 1526 Gct
1052 1470 1141 1527 arciri-

104 1570 261 1640 episcopos:
285 1568 404 1624 domirms
422 1584 495 1624 meos
512 1567 643 1625 Martinus
661 1576 717 1638 eoi,
741 1572 787 1643 poi
805 1573 927 1644 migrarit
946 1571 1089 1638 emendo,
1115 1575 1143 1626 ci

105 1683 171 1723 norm
194 1669 283 1742 sogeii
312 1683 369 1724 eum
393 1671 420 1723 im
444 1670 543 1725 coeiom
568 1669 697 1727 deterunt.
733 1671 880 1726 Daemones
898 1677 982 1726 sciero
1001 1671 1142 1741 aduerunt,

106 1770 150 1839 qni
169 1785 225 1826 eom
245 1771 359 1825 reticere
378 1767 525 1838 roiceroot,
544 1770 589 1826 sed
609 1769 673 1825 oiirii
694 1772 720 1825 in
740 1785 772 1826 co
791 1773 955 1842 reperientcs
975 1771 1078 1825 coniosi
1099 1786 1141 1827 re·

107 1873 252 1924 cesserunt.
288 1866 505 1939 Archidyaconcs
531 1871 613 1943 igitur
634 1872 701 1926 diem
729 1875 754 1926 oi
779 1868 869 1925 hororo
898 1871 1000 1926 noterit
1030 1875 1057 1925 st
1080 1875 1142 1926 toric

106 1967 246 2024 Martinum
267 1970 398 2042 migrasse
415 1973 549 2041 cognorit.
586 1969 699 2027 Scrcrcs
720 1973 797 2026 eiiam
817 1970 980 2036 morosius,
1002 1971 1046 2040 qui
1064 1971 1143 2024 ritem

107 2067 166 2139 ejus
186 2069 310 2139 scripsit,
328 2083 384 2123 cccc
408 2076 470 2139 posi
485 2071 626 2125 rootmiinas
645 2071 739 2126 ienitcr
757 2068 976 2135 obdormivisset,
1000 2069 1144 2140 sicutipse

109 2169 135 2222 in
156 2166 265 2239 quodam
286 2167 400 2239 eptoioio
419 2173 548 2236 testator,
571 2172 677 2224 sanctos
695 2169 827 2226 Martinus
845 2167 915 2223 stitis
933 2167 1053 2235 indotos,
1072 2166 1144 2224 roim

110 2268 205 2339 igneo,
225 2265 393 2322 sieiisoiibcs
411 2266 510 2333 oculis.
536 2269 609 2324 crine
628 2283 776 2340 purpureo,
800 2275 893 2325 tenens
910 2266 1005 2322 tibrum
1023 2269 1051 2321 io
1069 2281 1146 2324 meorr

1 2413 4 2422 .
109 2365 216 2434 dextre,
240 2381 315 2438 quom
339 2365 373 2422 de
397 2369 451 2422 rito
473 2369 531 2437 ejus
555 2367 622 2423 idem
641 2367 756 2424 severos
773 2369 931 2438 scripserat,
956 2365 1040 2424 eidem
1059 2379 1146 2437 oppos

108 2469 177 2533 ruit,
200 2482 309 2538 comque
333 2473 393 2538 port
412 2464 619 2522 benedictionem
638 2469 665 2520 in
682 2467 782 2522 coeiom
802 2466 980 2523 conscendere
999 2467 1084 2536 ipsum
1103 2468 1144 2522 rt·

108 2567 184 2624 deret
208 2573 234 2622 ct
260 2581 317 2623 oum
341 2583 374 2622 ro
398 2565 559 2622 adscendere
579 2573 703 2637 cuperet,
730 2567 875 2641 erigtiorit.
910 2566 974 2623 Posi
991 2565 1041 2622 hoc
1060 2572 1148 2638 eciem

109 2670 207 2725 muntiis
227 2669 391 2726 rcmirniiircs
409 2665 499 2723 codem
518 2673 593 2722 rocio
610 2673 725 2721 sanctum
743 2667 883 2723 iiicriircro
897 2669 1026 2740 migrasse
1037 2666 1147 2726 ecdicii.
1217 2725 1219 2727 ,

110 2765 149 2824 Eo
168 2783 272 2840 quoque
290 2767 333 2821 die
352 2774 459 2822 sooctos
478 2766 634 2823 Ambrosios
651 2765 860 2823 Mediolanensis
880 2768 1022 2838 spiscopus
1040 2769 1147 2821 missam

111 2868 249 2924 cciebraos
274 2881 355 2937 super
378 2867 463 2922 citare
486 2869 555 2921 ictor
578 2866 742 2937 prophetiam
766 2873 792 2922 et
815 2867 952 2937 epistotam
979 2865 1148 2932 obdormirit,

111 2972 138 3024 et
161 2957 217 3022 co'm
241 2966 328 3022 noiios
351 2981 408 3020 eom
435 2967 551 3021 excitem
576 2972 756 3037 proesrmerst
774 2971 800 3021 ei
817 2965 999 3037 roirdyococos
1017 2967 1070 3020 nisi
1087 2966 1147 3035 ipsc

108 3069 219 3140 jubente
240 3064 378 3137 epistoimrr
397 3082 450 3121 ooo
468 3065 576 3121 ccrierct
595 3065 701 3138 legero,
719 3068 861 3120 irsosoctis
883 3065 991 3120 duorum
1010 3065 1051 3120 rei
1070 3067 1149 3119 trion

112 3169 234 3226 horarum
253 3169 347 3237 spatiis
366 3168 546 3222 excitaverunt
562 3179 619 3220 com
638 3164 768 3221 dicentes:
791 3166 846 3236 jam
871 3163 937 3220 hcm
962 3165 1100 3235 praeteriit
1122 3167 1150 3218 ei

112 3269 224 3341 popolus
245 3265 321 3322 iside
339 3267 426 3322 iorem
446 3272 598 3336 exspectat,
613 3263 708 3337 jubeat
725 3265 844 3320 dominos
863 3270 969 3332 nostor,
988 3271 1017 3319 ut
1036 3264 1149 3319 ciericos

114 3369 250 3440 episicioro
264 3367 343 3438 icgoi.
362 3364 403 3422 iii
417 3380 484 3437 poce
496 3365 556 3421 iiio:
574 3364 654 3420 coiite
666 3364 777 3433 turbari,
799 3365 881 3420 irsier
893 3365 960 3419 enim
972 3379 1044 3419 meos
1053 3362 1149 3419 Morti-

114 3482 162 3524 ιιιιι
175 3467 208 3521 sd
224 3465 304 3522 Deum
322 3466 445 3537 migrarit
462 3470 489 3520 et
508 3479 559 3536 ego
573 3467 630 3536 eius
644 3463 730 3520 inseri
743 3463 850 3521 interioi
865 3471 891 3519 et
902 3461 1056 3535 obsoqoirm
1070 3476 1149 3533 prse-

113 3567 169 3633 boi,
194 3564 241 3622 sed
262 3563 377 3620 eitimam
395 3565 591 3636 responsionem
608 3563 683 3618 roiris
697 3563 872 3620 excitantibus
886 3562 992 3634 expiere
1006 3577 1057 3616 non
1070 3561 1152 3623 reioi.

115 3666 190 3723 Τιιιιι
208 3665 248 3720 iiii
265 3663 333 3720 diem
352 3679 384 3720 es
403 3663 470 3720 iiora
487 3670 609 3720 notontcs
628 3666 782 3720 intererunt
798 3670 916 3718 sancium
930 3662 1069 3718 iiioriicooi
1088 3667 1151 3716 torm

115 3769 245 3839 migrare
263 3763 298 3820 cd
315 3764 425 3819 corion.
461 3763 576 3836 coppam
596 3766 670 3834 ejus,
695 3770 723 3818 rit
747 3765 785 3817 oii
802 3765 931 3835 magister
947 3760 1082 3818 irienses
1099 3761 1151 3816 Bo·

115 3865 186 3933 istie,
211 3879 291 3938 reges
309 3861 437 3920 Freoctoe
454 3868 480 3919 irr
499 3863 610 3935 proeiiir
627 3869 734 3934 porisre
752 3866 957 3928 consueverunt,
980 3861 1049 3917 orde
1067 3864 1151 3933 ipsios

115 3979 218 4038 csppse
243 3963 367 4021 custodes
392 3963 541 4036 cappellani
563 3961 725 4020 itoeieomr.
759 3960 824 4018 Posi
848 3967 955 4017 mortem
981 3967 1066 4016 sutem
1092 3962 1151 4032 etos

116 4065 186 4122 sooo
201 4065 379 4138 sexagesimo
403 4068 506 4136 quarto,
537 4077 595 4117 cors
627 4062 721 4117 irestcs
746 4061 893 4132 Perpetuos
921 4062 979 4134 ejcs
1011 4060 1152 4117 coetestem

118 4163 258 4239 magnifice
275 4163 429 4235 ompiiosset
447 4168 473 4218 et
490 4164 516 4217 ic
535 4177 591 4218 eom
610 4177 706 4232 corprs
727 4161 785 4232 eius
801 4159 948 4216 transierre
965 4159 1054 4227 retici,
1072 4161 1153 4216 semei

118 4270 145 4321 ct
158 4265 200 4319 isis
212 4269 239 4320 ci
255 4264 335 4320 tertio
349 4262 462 4336 JeJociis
480 4267 508 4318 ci
524 4261 624 4334 vigitiis
641 4261 794 4317 insistentes
813 4259 978 4330 scpoicitrom
994 4261 1051 4331 ojus
1065 4259 1151 4315 octio-

117 4371 194 4420 tcoos
212 4377 317 4421 morere
339 4366 493 4434 potnerunt,
516 4375 626 4433 comque
650 4361 748 4426 rciiepi
770 4359 916 4426 dimittere,
943 4359 1048 4432 pridem
1069 4373 1152 4414 senex

119 4461 310 4532 pcioierrimcs
334 4465 368 4519 iio
393 4462 516 4535 spporcit
534 4461 639 4518 dicore:
664 4475 748 4534 nepos
766 4475 817 4534 oco
833 4459 967 4518 isrdctisi
990 4475 1040 4515 noo
1059 4457 1153 4516 ridetis
