2918 5302
311 459 376 523 640
466 459 538 540 Cap.
561 459 686 520 cxttv.
728 459 773 520 De
794 471 894 520 euncto
917 462 1024 521 Forseo
1047 461 1197 542 episcope.

312 619 376 674 Cum
395 633 461 691 ergo
480 620 707 689 praecessissent,
729 619 851 674 conversi
875 619 901 674 in
921 635 977 676 eum
992 619 1133 692 jectubeut
1150 622 1239 695 ignite
1256 621 1356 695 Jueule.

312 719 359 776 sed
371 718 484 792 angelus
500 716 663 790 praecedens
675 723 750 773 scuto
763 733 795 773 eu
807 718 971 790 suscipiebat
985 728 1011 775 et
1022 723 1142 792 protinus
1155 725 1357 797 exstinguebat.

312 819 389 876 Tune
413 819 555 876 daemones
579 818 682 891 angelis
704 823 899 890 ¹)opponrntes
924 819 1062 876 dixerunt:
1088 822 1192 877 otiosos
1219 838 1357 879 sermones

312 935 395 992 seepe
419 919 486 974 dtxtt
511 927 537 974 et
561 918 622 973 ideo
641 919 751 974 illaesus
769 936 820 976 non
838 917 918 974 debet
936 919 1036 990 pertrui
1056 923 1111 976 rite
1128 919 1218 978 beate.
1255 923 1357 986 Quibus

313 1019 439 1093 angelus:
466 1020 518 1073 nisi
537 1019 694 1090 principalis
712 1020 777 1075 titia
794 1025 884 1074 contre
904 1035 961 1074 enm
979 1020 1157 1090 protuleritis,
1176 1029 1293 1094 propter
1310 1027 1356 1078 ni·

312 1123 445 1176 ntmaueu
461 1117 566 1192 peribit.
603 1117 678 1174 'lune
693 1118 760 1174 dixit
777 1121 816 1174 ets
836 1117 961 1178 desinon:
978 1121 1000 1174 st
1014 1120 1104 1190 justus
1122 1127 1163 1175 est
1178 1119 1262 1190 Deus,
1281 1123 1357 1178 boue

312 1221 355 1276 bio
378 1217 616 1286 monostichium
648 1219 772 1288 seriptum
798 1223 843 1274 est
866 1220 947 1273 enim:
976 1221 1025 1273 nisi
1052 1223 1171 1276 conseret
1198 1220 1308 1278 fueritis
1333 1229 1358 1280 et

312 1321 461 1378 efficiemini
483 1321 554 1374 slent
570 1316 690 1389 paruuli,
715 1335 766 1372 non
792 1316 926 1372 intrabitis
954 1321 979 1372 in
1000 1335 1106 1391 regnum
1127 1319 1274 1378 coeterae.
1312 1323 1359 1379 Cel

313 1420 425 1494 angelus
445 1431 573 1474 excusans
592 1419 641 1472 uit:
660 1415 849 1489 indulgentium
869 1417 894 1470 in
913 1418 992 1472 corde
1011 1418 1111 1484 babuit,
1128 1421 1176 1476 sed
1190 1423 1358 1478 consuetudo

313 1517 443 1576 bominum
457 1519 622 1588 ²)contiouit.
659 1517 705 1572 Gui
720 1516 848 1576 daemone
866 1519 934 1572 sieut
954 1521 1057 1588 sucepit
1075 1519 1167 1576 mulum
1189 1537 1223 1576 ex
1243 1537 1358 1581 consue«

313 1618 418 1686 tudine,
444 1621 484 1674 tte
507 1618 621 1686 accipiet
644 1616 817 1672 vindictems
842 1633 956 1687 superno
972 1619 1071 1688 judice.
1107 1620 1221 1676 Sanetus
1243 1624 1358 1696 angelus

312 1720 393 1774 dixit:
409 1719 559 1791 judicemur
577 1723 637 1771 ente
652 1716 743 1772 llennn
778 1715 926 1772 Proetiante
941 1717 1036 1788 angelo
1050 1717 1198 1774 aduersarii
1221 1722 1357 1789 ³)eoutriti

311 1825 382 1877 sunt.
417 1817 494 1874 Tune
512 1817 621 1873 daemon
648 1815 729 1870 dixit:
753 1831 865 1882 seruus,
889 1819 968 1888 ⁴)qni
995 1821 1046 1872 seit
1070 1817 1229 1876 voluntatem
1257 1819 1356 1876 donnini

311 1925 353 1978 sut
388 1927 415 1977 et
447 1934 499 1976 non
526 1917 603 1982 lecit,
638 1916 725 1990 plagis
751 1914 885 1985 vapulabit
910 1914 1006 1974 inultis.
1048 1917 1096 1972 Cui
1129 1917 1259 1990 angelus:
1294 1922 1356 1994 quid

312 2025 378 2080 euim
398 2027 448 2078 tste
467 2018 500 2074 de
519 2016 617 2072 demini
636 2016 678 2073 sut
696 2013 832 2070 voluntate
851 2030 901 2069 nen
921 2015 1060 2086 implerit?
1094 2015 1265 2075 Etdsemon:
1285 2021 1356 2078 done

310 2125 458 2195 iniquorum
476 2121 587 2190 recepit.
623 2117 671 2172 Cui
689 2114 815 2188 angelus:
836 2115 957 2181 eredidit,
977 2117 1047 2187 qnod
1066 2120 1245 2190 unusquisque
1264 2137 1355 2177 curun

310 2221 497 2294 poenitentium
523 2220 633 2292 egisset.
668 2215 785 2272 Dae-on
808 2215 887 2268 dixtt:
916 2223 977 2270 ente
1001 2215 1093 2271 debuit
1115 2215 1230 2287 proburc
1258 2225 1354 2292 poeni·

311 2326 411 2379 tentiae
429 2321 651 2390 perseverantium
670 2317 753 2372 etsie
772 2315 871 2370 trustes
886 2319 1029 2386 suscipere.
1064 2314 1184 2388 Angelos
1199 2323 1353 2390 respondit:

306 2423 456 2496 judicemur
482 2425 543 2475 ente
568 2417 666 2484 Deum,
689 2414 737 2472 sed
762 2415 872 2470 daemon
897 2415 1043 2470 succubuit.
1084 2415 1177 2471 lterum
1202 2423 1292 2474 autem
1319 2421 1352 2476 etl

309 2522 458 2580 bellandum
479 2519 594 2574 surrexit
612 2516 715 2570 dicens:
735 2529 817 2587 usqne
833 2530 898 2568 nnnc
912 2512 992 2570 [teum
1008 2514 1209 2572 extimescebam
1220 2533 1352 2588 tenacem,

309 2626 354 2696 qut
373 2637 448 2676 omne
468 2619 603 2682 detiorum,
630 2613 700 2688 qnod
724 2619 750 2670 in
775 2617 854 2670 terris
879 2631 929 2668 non
949 2622 1094 2688 purgatur,
1120 2632 1149 2672 se
1169 2619 1194 2672 ln
1213 2628 1352 2677 ueternum

308 2725 457 2795 puniturum
485 2719 622 2788 promisit,
652 2715 694 2770 bie
720 2731 786 2788 ergo
810 2714 887 2768 bomo
918 2715 1047 2786 quandum
1071 2725 1168 2773 restem
1193 2733 1211 2772 a
1235 2721 1351 2791 quodem

307 2824 430 2878 usurario
450 2820 549 2888 recepit
568 2831 615 2870 nec
633 2815 666 2870 de
686 2813 735 2869 boc
755 2816 860 2884 punitus
881 2813 943 2878 init:
962 2814 1005 2870 ubi
1024 2822 1066 2871 est
1085 2833 1151 2890 crgo
1159 2819 1267 2888 justitie
1280 2820 1351 2879 ttett

309 2921 355 2975 Cui
374 2920 499 2992 angelus:
525 2916 617 2980 silete,
647 2918 710 2986 quta
733 2915 838 2970 occulta
862 2913 910 2968 liei
932 2915 1036 2984 judicis
1053 2917 1199 2988 ignoretis;
1224 2920 1350 2990 quamdiu

308 3023 376 3076 enisu
393 3025 518 3091 speretur
537 3017 714 3088 poenitentia,
738 3016 878 3068 connitatur
900 3013 1029 3068 bominem
1048 3016 1137 3070 divine
1154 3018 1349 3080 misericordia.

307 3120 424 3176 Dorieon
442 3115 595 3188 respondit:
618 3113 666 3169 sed
686 3114 772 3169 nultus
792 3113 835 3167 bio
853 3114 926 3168 iocus
947 3120 988 3170 est
1006 3117 1192 3183 poeniteutiae.
1229 3119 1279 3173 Cui
1299 3136 1349 3176 eu-

305 3220 398 3293 gelus:
417 3215 621 3289 prolanditatem
638 3214 798 3284 judiciorum
816 3213 864 3270 liet
883 3215 1022 3286 ignoratis.
1058 3213 1131 3269 Tuae
1145 3213 1276 3286 dyabolus
1295 3225 1348 3274 tem

305 3319 424 3393 graviter
443 3331 499 3373 eurn
520 3317 666 3386 percussit,
689 3321 718 3368 nt
735 3313 898 3383 postmodum
918 3315 988 3368 ritae
1007 3316 1143 3369 restitutus
1161 3330 1266 3386 semper
1284 3334 1347 3388 per-

305 3420 436 3474 cussionis
456 3417 595 3488 vestigium
615 3415 759 3477 retineret:
782 3415 941 3484 arripientes
965 3415 1031 3468 euim
1057 3411 1198 3469 daemones
1216 3431 1294 3472 nnunu
1313 3417 1348 3474 de

198 3559 199 3562 ,
304 3517 364 3586 luis,
389 3532 455 3588 quos
475 3519 499 3570 tn
527 3513 633 3587 ignibus
652 3511 826 3586 torquebunt,
851 3515 935 3585 tpsuur
959 3515 985 3566 in
1011 3529 1069 3569 eum
1090 3513 1276 3584 tentaverunt,
1301 3519 1348 3590 qui

304 3620 363 3689 etus
388 3615 522 3672 bumernux
546 3614 731 3685 mentitumque
755 3611 886 3680 incendit,
908 3614 1086 3686 cognovitque
1109 3612 1257 3680 beminen,
1283 3619 1347 3688 quie

303 3716 349 3771 ille
368 3725 439 3782 eret,
463 3716 539 3785 euius
559 3722 658 3768 restem
677 3720 825 3786 acceperet.
861 3712 985 3784 Dixitque
1007 3711 1132 3786 angelus:
1163 3713 1233 3784 qued
1252 3716 1344 3771 ineen-

303 3816 383 3884 disti,
408 3818 475 3870 eruit
499 3820 540 3878 te:
564 3815 587 3868 sl
614 3815 681 3868 enin
705 3813 784 3885 hujus
807 3813 856 3866 vlrl
883 3813 1045 3883 inpeccatis
1065 3812 1159 3866 mortui
1179 3811 1344 3870 donumnon

302 3918 464 3987 accepisses,
478 3929 524 3969 nee
539 3915 660 3983 poenein
670 3918 697 3967 te
706 3911 820 3968 eederet
841 3909 875 3967 Et
887 3911 955 3966 bene
970 3912 1165 3981 percussionem
1176 3913 1345 3981 permittente

300 4015 356 4074 Deo
370 4032 418 4088 pro
432 4017 460 4086 t)
469 4015 619 4084 receptione
631 4013 779 4068 vestimenti
791 4010 861 4066 illius
874 4013 1018 4082 praecepit.
1037 4011 1112 4066 Alter
1125 4017 1211 4066 eutem
1232 4010 1344 4071 deenen

301 4115 384 4172 dtxtt:
413 4109 500 4171 adbuc
517 4117 602 4168 restet
622 4111 660 4166 illl
679 4118 794 4185 ungusta
812 4119 906 4183 perte,
931 4111 975 4166 ubi
1004 4109 1075 4165 illurn
1094 4125 1223 4182 superare
1241 4116 1344 4184 peteri-

316 4246 713 4266 Μ

352 4313 685 4370 tltdtmpponentes.
767 4309 1049 4364 tldliixceneitesit.
1125 4307 1343 4364 bldlihterritl

299 4381 403 4429 ultorum.
486 4385 508 4436 s)
522 4379 562 4428 ud.
577 4383 609 4424 tr.
624 4379 689 4432 tepitr
709 4391 813 4424 sersus
832 4377 938 4426 sciens,
1014 4379 1037 4432 t)
1050 4375 1091 4422 td.
1104 4379 1138 4422 t'r.
1157 4375 1344 4424 redemtione

300 4449 455 4506 -reecpib
