2918 5302
283 453 353 532 Cap.
380 451 479 513 citit.
524 455 567 515 De
590 465 688 514 saneto
708 453 845 514 Mauritio
869 468 897 515 et
917 457 1003 514 sociis
1024 458 1093 515 suis.
1146 456 1209 518 629

167 617 193 664 et
210 611 269 668 sola
288 610 370 668 homa
389 627 422 666 ex
439 613 494 666 alia
510 619 586 683 parte
603 614 776 677 consisteret,
803 613 912 668 mundus
938 621 1009 668 totus
1028 617 1111 671 victos
1131 616 1206 690 iuge-

165 715 207 766 ret
235 716 262 766 et
286 711 345 764 sola
363 709 446 766 Roma
468 713 493 764 in
512 712 624 766 eulmine
642 712 769 765 scientiae
789 720 941 766 remaneret.
979 711 1032 768 Cur
1057 730 1122 788 ergo
1150 730 1206 778 vce,

165 824 248 882 parra
265 808 418 878 plebecula,
437 811 495 880 ejus
524 811 672 881 praeceptis
699 811 824 864 resistitis
847 818 872 865 ct
893 819 985 866 contra
1005 814 1089 881 ipsius
1107 820 1207 868 statute

164 916 216 963 tam
234 907 332 963 stolide
359 907 527 977 superbitis?
551 915 596 964 aut
619 909 701 980 igitur
717 907 829 963 Deorum
849 911 1029 966 immortalium
1051 909 1127 965 helem
1146 927 1204 965 sus·

165 1009 245 1076 cipite
275 1013 321 1061 sut
349 1005 516 1062 inmutabilis
547 1022 564 1061 s
593 1007 668 1060 robis
690 1011 821 1066 sementia
845 1009 995 1078 proicietur
1020 1010 1203 1066 damnationis.

164 1105 307 1162 Christiani
339 1111 426 1160 autem
458 1101 607 1176 hujusmodi
639 1105 947 1176 litteraa‘suscinientes
980 1111 1085 1163 nuntios
1114 1125 1204 1165 omnes

165 1219 262 1258 racuos
274 1202 436 1258 dimiserunt.
473 1201 548 1260 Tunc
561 1204 745 1275 ilyocietianua
764 1212 790 1259 et
807 1205 983 1262 Maximianus
1002 1207 1027 1262 in
1047 1210 1111 1262 iram
1131 1224 1202 1262 com-

164 1304 225 1358 moti
239 1319 287 1372 per
299 1318 389 1356 omnes
400 1305 550 1372 prouincias
563 1305 699 1370 miserunt,
717 1311 745 1358 ut
760 1320 849 1359 omnes
864 1305 966 1359 bellicis
980 1309 1059 1360 armis
1072 1311 1126 1377 apti
1139 1308 1202 1378 ¹)ad

163 1401 1076 1476 Romamvenirentatomnesrebeilesliornanoimperiosubjugarent,
1095 1405 1201 1463 Literac

161 1507 246 1556 auicm
262 1500 440 1572 Augustorum
455 1497 489 1554 ad
502 1500 624 1570 populum
639 1499 825 1556 Thebaeorum
838 1499 1020 1560 deterserunt.
1056 1505 1105 1566 Qui
1117 1522 1200 1576 popu-

163 1599 204 1658 lus
222 1597 362 1654 secundum
382 1598 428 1652 liei
448 1605 632 1667 craecoptum,
650 1616 717 1670 quae
735 1599 783 1655 ilei
800 1611 889 1668 erant,
908 1602 963 1658 ileo
982 1610 1023 1669 et,
1044 1619 1112 1674 quac
1125 1611 1201 1660 erant

160 1698 301 1764 Caesaris,
319 1697 427 1762 Caesari
447 1697 602 1754 reddebant.
637 1699 839 1774 Congreganies
858 1702 939 1774 igitur
962 1702 1072 1757 electam
1092 1704 1199 1758 militurn

159 1799 300 1872 legionem,
323 1797 425 1850 seilicet
439 1795 471 1851 Vi
491 1795 573 1850 miliia
591 1795 728 1862 cclxii,
751 1815 799 1854 eos
819 1800 851 1854 ad
873 1801 1045 1870 imperatores
1064 1803 1199 1868 miserunt,

158 1905 186 1952 ot
211 1900 237 1952 in
260 1895 338 1952 bellis
360 1897 442 1967 justis
461 1898 634 1966 imperatores
649 1899 789 1968 Jurarent,
813 1915 864 1955 oon
883 1907 911 1953 nt
928 1907 1021 1956 contra
1038 1899 1199 1956 christianos

157 2010 232 2051 arma
257 2005 407 2062 mouerent,
435 1995 482 2051 sed
507 2011 553 2052 cos
578 1999 667 2066 potius
691 1997 870 2053 defenderent.
907 1997 973 2052 licie
997 2005 1082 2052 autem
1106 2013 1196 2053 saera-

104 2147 107 2153 .
156 2097 275 2150 tissimae
300 2095 399 2165 legioni
423 2095 474 2150 dux
501 2101 558 2150 erat
583 2096 687 2149 inclitus
711 2098 752 2149 xir
776 2093 935 2161 Mauritius,
963 2097 1084 2168 signiferi
1109 2105 1197 2152 autem

157 2194 305 2258 ilandidus,
333 2194 515 2258 innocentius,
540 2191 716 2263 Exsuperius,
742 2191 833 2248 Victor
850 2198 877 2247 ei
895 2193 1089 2250 Constantinus.
1126 2195 1195 2267 lixo-

156 2292 285 2346 ciciiauus
304 2294 385 2364 igitur
403 2293 598 2357 Maximianum,
620 2308 696 2362 quem
716 2289 768 2344 sibi
787 2293 812 2345 in
830 2291 960 2364 collegam
980 2295 1081 2362 imperii
1093 2309 1194 2348 assum-

154 2398 243 2458 serat,
275 2401 366 2445 contra
391 2388 492 2446 Gallias
523 2407 579 2446 cum
604 2389 705 2445 inlicito
731 2393 847 2444 exercitu
872 2393 942 2443 misit
966 2399 993 2446 et
1015 2395 1039 2446 ei
1063 2393 1194 2463 legionem

153 2491 306 2548 Thebaeam
332 2492 455 2546 sociarit.
489 2489 520 2543 ili
546 2505 563 2544 a
586 2497 677 2544 sancto
702 2487 858 2544 Marcellino
881 2505 950 2560 papa
973 2489 1104 2545 exhortati
1124 2498 1194 2557 sunt,

152 2597 182 2645 nt
207 2597 269 2644 ante
294 2586 393 2662 gladiis
418 2591 567 2655 interirent,
596 2604 671 2660 qeram
692 2587 765 2642 hdenr
786 2587 900 2654 Christi,
926 2605 1001 2660 quam
1026 2597 1193 2660 acceperant,

154 2691 292 2745 violarent.
329 2689 391 2742 con
417 2691 497 2762 igitur
521 2689 659 2742 universus
686 2690 817 2742 exercitus
847 2693 947 2744 montes
972 2687 1076 2757 Alpium
1105 2695 1192 2744 trans-

153 2797 268 2844 measset
294 2796 321 2844 ct
345 2788 537 2858 ¹)0tiodorurn
562 2787 731 2852 advenisset,
754 2785 832 2854 jubet
855 2789 1013 2858 imperator,
1038 2795 1067 2842 ut
1093 2803 1191 2857 omnes,

152 2890 303 2958 quiscerem
322 2893 412 2956 erant,
436 2887 523 2958 ydolis
549 2884 713 2939 immolarent
738 2891 764 2940 et
789 2893 881 2940 contra
899 2883 1013 2940 rebelles
1036 2889 1147 2956 imperio
1165 2897 1192 2943 ei

151 2989 263 3041 maxime
294 2993 386 3042 contra
420 2987 579 3041 christianos
610 2985 767 3040 unanimiter
791 2985 967 3054 conjurarent.
1004 2985 1079 3045 Quod
1106 2989 1191 3041 sancti

151 3087 248 3141 milites
261 3085 399 3141 audientes
412 3091 472 3140 ceto
485 3082 642 3138 milliaribus
659 3083 692 3136 ab
713 3085 830 3139 exercitu
850 3091 1018 3138 secesserunt
1036 3091 1061 3138 ct
1081 3086 1105 3138 in
1124 3099 1191 3156 quo·

151 3185 210 3240 dam
237 3187 297 3239 ioco
321 3200 447 3250 amoeno,
475 3186 517 3238 cui
545 3183 699 3256 ³ligantem
732 3197 825 3237 nomem
854 3189 908 3248 est,
936 3185 1014 3254 juxia
1037 3183 1190 3239 Rhodanum
1259 3229 1271 3254 ,

152 3285 336 3340 consederunt.
373 3281 448 3346 (laod
469 3283 580 3339 audiens
598 3281 774 3338 Maximianus
793 3282 881 3336 missia
899 3279 1025 3336 militibus
1044 3285 1191 3354 praecepit,

152 3389 179 3438 ut
203 3383 237 3438 ed
262 3383 374 3438 lieornm
399 3381 528 3436 sacrilrcia
555 3397 610 3436 cum
635 3381 697 3436 aiiis
722 3381 886 3435 festinarent.
922 3379 970 3442 iiui
990 3393 1020 3434 se
1039 3397 1090 3434 non
1110 3397 1190 3451 posse

149 3482 239 3537 iacere
264 3483 472 3552 responderunt,
504 3485 595 3550 utpote
624 3483 686 3552 quia
716 3479 792 3534 iidem
817 3477 917 3532 Christi
941 3477 1078 3535 haberent.
1114 3479 1191 3534 Tune.

150 3583 292 3652 imperator
316 3583 357 3636 ira
386 3594 528 3634 succensus
552 3581 603 3634 aii:
624 3581 747 3652 jungitur
770 3577 906 3647 despectui
929 3593 985 3632 meo
1005 3577 1130 3632 eoelestis
1149 3583 1189 3632 in-

146 3683 220 3752 juria
254 3687 281 3736 et
314 3695 410 3734 mecum
446 3679 540 3750 religio
565 3675 681 3733 Romana
711 3678 899 3736 eonionnttnr.
928 3677 1026 3730 sentiat
1051 3684 1189 3732 contumax

149 3777 241 3847 mrilcs,
265 3795 317 3834 non
340 3777 423 3832 coium
452 3777 532 3841 mihi,
557 3777 604 3831 sed
629 3781 705 3832 etiam
732 3775 789 3831 iliis
808 3773 872 3829 meis
890 3789 930 3828 me
948 3789 1029 3844 posse
1048 3772 1113 3830 dare
1133 3773 1190 3828 rin-

148 3879 253 3936 dictam.
289 3877 365 3932 Tunc
390 3879 491 3932 Cacsar
518 3877 606 3931 ntissis
632 3875 760 3930 militibus
784 3876 841 3929 scis
867 3875 966 3945 jussit,
998 3879 1026 3928 ui
1056 3881 1101 3928 aut
1131 3873 1189 3929 iliis

148 3977 301 4034 sacrificare
320 3991 367 4032 eos
385 3975 586 4045 compellerent,
604 3981 656 4038 aut¹
669 3975 794 4029 dertnen
813 3989 941 4043 quemque
959 3988 1047 4028 eorum
1069 3975 1188 4042 protinus

148 4077 318 4134 decollarent.
355 4074 446 4131 Sancti
474 4075 556 4146 igiter
578 4089 634 4128 cum
661 4073 761 4145 gaudio
787 4073 874 4141 capita
901 4071 1087 4139 extendentes,
1121 4089 1189 4128 unus

147 4185 209 4233 anto
228 4177 338 4230 alterum
359 4171 502 4229 festinabat
520 4179 546 4227 et
563 4172 597 4228 cd
621 4179 728 4227 mortem
752 4172 889 4240 peruenire
909 4171 1078 4255 properabat.
1115 4171 1190 4230 Tunc

197 4329 218 4374 ii
232 4331 316 4370 vaceae
331 4321 363 4368 aei
379 4327 493 4366 hornam
507 4319 693 4366 omittitEd.1’r.
795 4317 819 4370 2)
832 4315 872 4363 Ed.
886 4320 920 4361 Pr.
938 4316 1113 4364 (liundorum
1126 4319 1188 4376 tntu.

146 4397 168 4448 3)
183 4393 226 4438 atii
241 4399 350 4446 Αιιιιιιιι
364 4391 453 4444 lentate
473 4395 494 4434 ai
510 4387 549 4432 ilii.
564 4393 596 4431 i’r.
609 4387 680 4432 rerba
691 4388 776 4444 iuxta
790 4385 963 4434 sandinum
977 4385 1069 4430 omittit.
