2828 5302
296 485 356 550 tito
410 489 482 569 Cep.
505 489 620 550 xxvii.
663 485 708 550 De
731 497 829 554 semoto
850 493 983 554 iohanne
1005 493 1242 555 Eleemoalnaeic.

228 657 230 660 ’
295 650 439 708 internam
458 651 530 706 cernit
547 655 574 706 et
592 649 776 708 eleemosinam
794 652 948 724 pertulerit.
988 647 1061 708 Tenc
1077 651 1248 726 diepenaator
1262 651 1325 708 tea·

296 758 347 805 tern
364 747 508 809 iohannem
527 753 613 824 tetigit
631 751 758 818 innuens,
783 751 916 824 quoditie
934 757 1013 809 creet.
1048 752 1098 808 Gal
1114 750 1208 807 beator
1225 749 1324 808 lelan-

296 865 343 907 nea
368 850 519 922 respondit:
555 849 621 906 veie
645 855 671 906 et
694 850 728 906 do
752 854 776 908 ei
797 852 932 909 duodecim
949 853 1119 910 commeate:
1153 867 1186 907 ne
1204 851 1273 906 lorte
1291 855 1326 907 eit

295 951 414 1006 domim
434 966 504 1006 ncne
520 951 597 1008 leena
616 949 752 1018 Gloriatur,
788 954 833 1023 enni
849 957 952 1009 tentare
969 967 1010 1007 mc
1027 951 1106 1019 velit,
1138 958 1223 1006 otram
1241 955 1327 1022 poerit

296 1050 338 1106 liic
356 1051 415 1122 plue
435 1053 555 1122 commem
572 1065 649 1122 enam
672 1066 724 1123 ego
744 1050 816 1108 dore.
840 1077 874 1094 «-
893 1083 926 1094 -
942 1081 976 1094 ·-
996 1055 1030 1110 o.
1056 1050 1173 1115 (lamani
1192 1031 1250 1107 eice
1269 1065 1325 1112 enm

296 1153 422 1223 patricinio
440 1150 569 1222 qnondam
587 1151 721 1220 pecnnia·
739 1149 867 1207 eccleciae
885 1153 912 1206 in
930 1151 1133 1208 mutationibus
1151 1166 1252 1221 ponere
1270 1149 1325 1207 eel-

294 1251 332 1307 let
349 1256 375 1306 ct
393 1249 543 1322 patriarcha
563 1247 709 1304 nullatenus
726 1252 894 1318 connecteret,
909 1251 957 1306 aed
975 1251 1137 1323 paupertina
1151 1265 1208 1306 earn
1219 1250 1326 1322 diepen-

295 1367 358 1409 eare
376 1349 473 1417 nollet,
497 1349 574 1404 ambo
592 1349 728 1420 plurimun
746 1349 932 1407 contendentes
949 1354 1011 1406 irati
1028 1351 1062 1406 ab
1079 1352 1189 1406 invicem
1208 1365 1326 1406 necenne-

295 1455 362 1511 ront.
395 1449 559 1507 Adventante
582 1449 647 1503 liora
670 1463 740 1504 none
762 1449 869 1506 mandet
886 1449 1039 1523 peteterclna
1054 1467 1103 1523 per
1121 1449 1327 1524 arcinipeeeltite·

295 1550 478 1624 compatricio
496 1548 599 1604 dicens:
633 1547 751 1616 domine,
777 1549 819 1604 ool
835 1549 870 1605 ad
887 1563 1008 1607 occaenm
1026 1556 1074 1607 eat.
1121 1548 1197 1614 Quod
1213 1551 1260 1607 ille
1277 1565 1326 1606 aa·

295 1651 369 1711 illene
386 1651 500 1707 tecnon
517 1646 619 1704 intusne
636 1648 671 1704 ed
690 1664 747 1704 eum
766 1651 837 1705 venit
853 1655 880 1705 et
897 1653 997 1706 neniam
1016 1650 1227 1721 postolavit-
1243 1681 1278 1693 -—
1294 1679 1326 1692 -

295 1759 333 1815 ο.
352 1753 416 1810 con
432 1747 537 1822 qnidam
555 1762 618 1802 eone
636 1761 718 1822 nepot
736 1761 753 1804 e
777 1748 891 1821 quodam
907 1751 1060 1806 tcltornerio
1077 1765 1186 1824 gravem
1204 1753 1326 1823 injurient

295 1853 440 1910 audivisset
457 1855 484 1905 ot
500 1863 533 1904 en
550 1846 600 1902 lroc
624 1847 790 1919 patriarchae
813 1847 1016 1907 lamentabiliter
1033 1866 1196 1924 conquerente
1212 1851 1327 1906 nallate-

295 1969 343 2008 nne
360 1950 490 2008 connotant
509 1955 614 2019 poscet,
646 1945 798 2020 patriarcha
814 1950 962 2020 respondit:
995 1957 1022 2007 et
1036 1949 1169 2032 onomodo
1186 1957 1228 2006 eet
1244 1965 1327 2006 aanor

180 2035 182 2039 ⁵
295 2054 345 2110 itini
362 2051 458 2124 eliquia
478 2048 659 2104 contradicere
679 2051 706 2104 et
722 2063 753 2103 oe
771 2062 845 2104 enom
863 2053 955 2104 contra
972 2056 998 2106 te
1016 2051 1142 2121 aperire?
1168 2049 1262 2118 Crede,
1278 2050 1326 2114 trit,

296 2165 369 2210 meae
392 2151 534 2222 parvitati,
569 2149 691 2220 qnoniam
716 2146 810 2203 lactem
834 2150 861 2203 ln
878 2133 910 2204 co
927 2148 1102 2206 lodie-taleni
1120 2165 1189 2218 rem,
1223 2155 1253 2206 nt
1269 2154 1328 2204 tota

294 2249 457 2312 Alexandria
477 2251 595 2304 mirator.
646 2247 722 2313 Quod
746 2247 855 2303 andiene
872 2247 917 2304 ille
935 2251 1140 2306 consolationem
1160 2253 1259 2322 recepit
1275 2266 1326 2322 pn-

294 2364 365 2421 tnne‚
384 2353 448 2424 qnia
462 2357 520 2404 enm
538 2348 638 2404 laceret
653 2350 772 2422 graviter
787 2347 933 2405 rerlrerarl.
968 2348 1066 2406 Vident
1083 2349 1234 2418 Jclrannes,
1254 2351 1326 2422 qnod

294 2451 499 2510 consolationem
519 2449 678 2519 recepisset,
698 2453 788 2518 pectre
806 2453 864 2519 ejna
883 2448 1016 2504 oecnletna
1035 2455 1076 2506 oet
1092 2439 1199 2506 dicerene
1228 2451 1281 2518 iti,
1301 2452 1325 2505 et

296 2566 357 2610 rere
382 2561 465 2622 repon
487 2562 561 2604 meno
586 2547 741 2602 hnmilitntta
759 2549 880 2616 caristia,
915 2561 1047 2620 praepare
1061 2555 1087 2604 te
1105 2557 1132 2605 et
1150 2549 1280 2624 flagellari
1296 2557 1325 2607 et

294 2654 412 2710 convicia
430 2651 483 2722 pati
502 2645 536 2717 ab
555 2646 683 2703 omnibns.
734 2641 805 2704 Vera
826 2651 894 2705 enim
915 2651 1038 2720 cognatio
1064 2665 1114 2704 nco
1136 2665 1172 2705 en
1192 2664 1273 2706 cerne
1297 2656 1326 2707 et

294 2753 438 2825 sangnine,
473 2748 572 2804 aeden
591 2748 974 2821 rirtntonerttsngnoaeitnr.
1016 2748 1159 2805 donnicatim
1177 2752 1259 2823 igiter
1274 2766 1325 2822 pro

294 2853 340 2907 ilio
358 2850 461 2906 homino
477 2849 547 2904 anteit
568 2853 595 2902 et
610 2847 645 2902 ab
664 2850 733 2902 omni
752 2850 879 2919 poncione
896 2846 1037 2904 attributo
1055 2849 1164 2905 litorum
1182 2865 1243 2907 ease
1261 2850 1327 2906 lectt

294 2957 321 3008 et
337 2965 427 3006 ennea
443 2949 580 3004 ordientes
598 2948 684 3002 nireti
701 2953 762 3002 aunt
779 2953 806 3002 ct
822 2948 1015 3018 intellexerunt,
1033 2947 1083 3005 linc
1094 2949 1233 3022 essequod
1249 2950 1325 3007 dixe·

295 3056 351 3107 rot:
386 3049 479 3105 iactam
498 3051 525 3103 in
542 3063 598 3105 ern
618 3047 697 3102 telem
714 3063 784 3114 ren,
809 3053 838 3101 nt
855 3053 913 3102 tote
928 3048 1091 3104 Alexandria
1108 3054 1223 3105 miretur.
1240 3077 1275 3094 -—·
1293 3081 1325 3094 -

295 3157 326 3210 d.
343 3149 460 3206 Audienn
478 3148 639 3220 patriarcha,
655 3146 868 3202 conanotadlnem
884 3157 954 3216 ocae,
972 3148 1042 3220 qnod
1059 3161 1119 3204 mox
1137 3155 1166 3204 nt
1182 3151 1328 3221 imperator

293 3253 507 3315 commolerent,
537 3246 673 3302 cocleatim
693 3254 911 3303 ncnnreentcrnm
929 3247 1110 3305 aedificatorce
1128 3256 1230 3305 arnnnt
1249 3258 1327 3322 innat-

294 3359 353 3406 taor
370 3348 411 3405 nel
428 3350 542 3420 qninqno
566 3349 687 3402 minutias
711 3350 847 3402 marmorio
869 3347 980 3418 pusillae
1007 3346 1104 3404 diecret
1124 3348 1224 3403 colorle
1241 3355 1268 3405 et
1284 3351 1326 3405 in·

294 3449 445 3524 moieno·
463 3445 497 3504 nd
517 3449 699 3517 inperatorem
717 3445 819 3501 dtcnnt:
854 3446 887 3503 do
911 3449 982 3519 qnali
1008 3464 1135 3514 morerere
1162 3448 1202 3504 ecl
1221 3448 1327 3505 nnmnllo

292 3546 369 3622 jnltet
386 3549 518 3618 imperinm
537 3552 607 3601 tunm
624 3545 675 3601 albi
694 3555 881 3602 monumentum
899 3549 965 3615 leri,
985 3549 1100 3604 innitetue
1111 3548 1161 3604 lrcc
1176 3564 1327 3605 monumen-

295 3645 417 3704 'tonantii
434 3646 490 3702 leni
508 3648 652 3718 praecepit,
672 3646 719 3701 aod
736 3653 822 3704 tannen
840 3663 923 3720 neqre
941 3648 976 3703 ed
991 3648 1089 3704 obitam
1108 3665 1181 3702 enom
1199 3648 1266 3704 illnd
1277 3653 1327 3705 tnr-

294 3745 437 3818 proiectum
456 3761 561 3802 manere
581 3745 642 3801 iecit
659 3745 841 3818 ordinavitque
859 3747 979 3820 aliquos,
1004 3751 1048 3820 qui
1067 3749 1100 3803 ed
1120 3765 1194 3817 enne,
1225 3765 1282 3804 enni
1299 3753 1326 3804 in

294 3845 392 3902 celebri
417 3845 561 3901 leetieitatc
586 3860 643 3900 cam
666 3845 927 3915 cinnomannio,
960 3848 1115 3906 accederent
1132 3849 1236 3921 nitetque
1252 3848 1327 3904 dioe-

294 3947 366 4002 renl:
386 3944 498 4012 domine,
516 3951 705 4001 monumentum
721 3951 793 4001 tnnm
810 3948 990 4018 imperfectum
1009 3951 1200 4020 eet,praeci1nc
1221 3953 1248 4002 nt
1263 3965 1326 4004 eon-

294 4051 449 4113 enmmetnr‚
476 4059 509 4102 eo
527 4043 597 4117 qnod
615 4047 733 4112 nocetne,
764 4060 818 4118 qna
834 4046 901 4101 irora
919 4047 961 4104 lnr
977 4050 1073 4104 veniat.
1091 4079 1125 4090 -
1144 4079 1174 4088 -
1192 4051 1226 4109 Β.
1246 4043 1326 4103 [tinen

295 4145 400 4218 qnidam
423 4160 478 4200 cnm
504 4143 614 4200 nldtreet
635 4143 739 4200 nenton
763 4144 907 4202 Jolnonnern
930 4150 956 4202 in
973 4155 1057 4204 atrntn
1075 4161 1122 4203 ono
1141 4147 1206 4202 viler
1225 4161 1327 4217 pennos

295 4245 408 4312 nonen,
442 4259 475 4302 eo
495 4243 565 4317 qnod
581 4250 702 4300 caeteros
721 4246 882 4318 paoperibus
900 4253 1056 4322 erogasset,
1090 4245 1220 4320 quoddam
1248 4245 1328 4300 enldc

293 4347 436 4415 pretiorum
454 4347 674 4416 cooperimentum
692 4347 754 4401 emit
772 4353 799 4402 et
816 4344 896 4403 beato
913 4346 1026 4405 lolianni
1043 4327 1161 4402 tredidtt.
1201 4346 1251 4410 Qni
1269 4360 1326 4399 enm

292 4442 362 4500 mind
381 4449 457 4500 noete
474 4459 555 4516 eomer
570 4461 600 4500 re
618 4442 742 4515 lateret,
777 4451 835 4506 tete
851 4435 928 4503 nocte
950 4445 1064 4504 dormire
1081 4461 1133 4503 non
1150 4446 1235 4518 potnit
1252 4445 1328 4518 cogi·
