2842 5286
323 493 385 558 dffl
545 495 618 575 Cap.
641 491 742 554 xcvi.
788 491 834 554 Dc
853 503 952 554 sancto
974 493 1126 574 Gregorio.

325 658 437 734 quodum
453 662 571 728 tempore
589 653 708 728 paschali
726 653 866 720 ordinauit,
891 657 916 710 in
927 671 981 727 que
995 657 1134 728 imaginem
1147 653 1245 709 beatae
1255 651 1351 709 Murius

325 775 429 830 semper
447 758 566 828 strginis,
585 770 653 828 quoe
670 753 764 821 adbuc,
782 759 811 809 ιιι
827 756 911 825 ajunt,
930 761 971 812 est
987 754 1085 811 lio-ee
1101 757 1128 810 to
1146 753 1270 820 ecclesia,
1288 767 1352 824 quae

325 863 421 917 dicitur
438 857 536 913 Sancta
553 855 642 912 biania
658 843 762 925 Major,
797 869 873 926 quam
894 853 981 910 Locos
1003 861 1061 910 arte
1084 852 1201 909 medicus
1225 858 1252 908 et
1273 855 1353 922 pictor

325 961 449 1036 egregius
475 955 602 1011 iormusse
626 953 721 1009 dicitur
742 959 769 1010 et
793 951 875 1010 eidem
909 955 1004 1028 uirgini
1033 952 1165 1008 simillimo
1193 967 1244 1024 per
1271 953 1354 1006 onnia

326 1057 493 1132 perhibetur,
532 1060 592 1110 ente
614 1054 807 1124 processionem
832 1058 984 1108 reverenter
999 1054 1101 1125 portari
1119 1050 1189 1109 tecte
1245 1049 1279 1108 Et
1297 1066 1354 1107 cmo

326 1163 382 1213 tota
400 1157 471 1212 utris
487 1152 594 1208 iniectio
612 1159 639 1209 et
653 1151 814 1207 turbulentis
830 1153 937 1224 imagini
954 1149 1078 1220 cedebat,
1096 1166 1127 1208 sc
1145 1154 1169 1206 si
1186 1153 1273 1224 ipsam
1292 1153 1352 1207 ins·

325 1258 412 1329 gincm
437 1254 541 1326 ingeret
564 1259 591 1308 et
613 1254 671 1324 ojus
696 1253 870 1322 praesentium
889 1250 959 1308 ierre
975 1267 1026 1307 non
1043 1258 1152 1324 posset,
1188 1254 1281 1324 sicque
1299 1260 1355 1323 post

326 1357 463 1428 imaginem
477 1355 543 1407 mira
560 1353 688 1408 serenitas
706 1357 733 1407 ot
750 1353 821 1407 ocris
835 1353 937 1423 puritas
955 1349 1115 1409 rennuebat.
1148 1349 1224 1406 Tunc
1241 1351 1267 1405 iu
1286 1357 1354 1416 eene,

327 1461 355 1511 ut
372 1453 500 1520 refertur,
530 1454 609 1524 Juutu
625 1451 764 1524 imaginem
781 1449 888 1506 auditae
903 1456 963 1506 suut
980 1459 1058 1508 uoces
1077 1451 1232 1525 angelorum
1250 1456 1353 1506 ennian-

326 1555 405 1608 tinrrn:
423 1553 516 1624 regino
525 1550 591 1606 coeli
603 1550 703 1605 iactare
715 1549 832 1622 olioiuja,
850 1553 993 1622 quiequern
1006 1553 1239 1621 meruistiportere
1248 1549 1355 1622 alleluja

326 1652 479 1714 resurrexit,
495 1651 563 1706 sicut
579 1648 642 1705 dicit
658 1648 774 1721 alleluja.
792 1648 936 1719 Statimque
953 1647 1047 1706 beatus
1057 1647 1211 1722 Gregorius,
1231 1649 1302 1722 quod
1315 1665 1356 1708 oe·

327 1754 424 1824 quitur,
443 1747 576 1821 adjunxit:
593 1763 642 1805 cra
658 1765 707 1820 pro
724 1747 811 1818 uobis,
828 1747 908 1805 Duum
921 1764 1054 1822 rogamus,
1074 1749 1191 1820 alleluja.
1226 1747 1356 1804 'runebe-

326 1859 386 1906 utus
403 1849 547 1920 Gregorius
567 1847 631 1902 sidit
649 1863 730 1921 snpra
746 1853 858 1902 cestrum
877 1847 1020 1903 crescentii
1038 1849 1159 1920 angeium
1177 1848 1295 1915 domiui,
1314 1853 1356 1920 qni

326 1949 442 2024 gladium
460 1953 619 2003 cruentatum
637 1946 778 2020 detergens
795 1947 820 2000 iu
841 1949 963 2018 raginam
980 1944 1144 2011 remittebat,
1175 1948 1358 2020 intellexitque

328 2048 490 2122 Gregorius,
514 2045 583 2117 qnod
601 2045 750 2119 pestis‘itie
769 2052 917 2114 cessasset,
943 2051 971 2101 et
988 2047 1026 2101 sic
1044 2045 1137 2100 tomum
1155 2053 1204 2104 est.
1240 2047 1314 2104 Unde
1333 2057 1359 2104 et

325 2152 439 2204 oestrum
461 2143 526 2200 iliud
551 2150 663 2201 castrum
680 2144 769 2219 angeli
784 2144 907 2217 deinceps
926 2151 1044 2202 uocatum
1062 2151 1111 2201 est.
1163 2145 1296 2216 Tandem,
1331 2156 1359 2204 ut

327 2245 539 2314 desiderauerat,
563 2243 751 2318 Augustiuunr,
767 2233 906 2301 ‘Mellitum
923 2249 951 2302 et
966 2243 1110 2301 Jcirannern
1127 2259 1184 2300 cum
1201 2245 1358 2318 quibusdam

326 2345 387 2402 abiis
403 2347 430 2400 ιιι
447 2343 569 2417 Anglienr
587 2345 658 2398 misit
672 2349 698 2400 ct
714 2359 761 2402 eos
778 2345 833 2400 sois
851 2341 972 2416 precibus
990 2348 1017 2399 ct
1032 2345 1131 2401 meritis
1147 2344 1181 2400 ed
1200 2344 1277 2403 fidem
1296 2361 1358 2404 eca-

326 2447 413 2502 rertit.
432 2473 466 2485 -
482 2473 514 2485 -
536 2445 570 2502 5.
588 2442 692 2500 Teutas
708 2447 787 2501 etiarn
801 2441 958 2499 ,humilitatis
975 2441 1068 2500 beatus
1086 2443 1230 2518 Gregorius
1248 2450 1359 2514 exstitit,

326 2550 356 2600 ut
372 2559 402 2600 se
417 2540 527 2598 laodure
545 2543 617 2598 nullo
635 2543 712 2599 modo
729 2546 899 2616 permitteret.
922 2541 988 2601 usn
1006 2541 1142 2617 Stephano
1159 2547 1295 2618 episcopo,
1316 2550 1360 2622 qu

326 2659 385 2700 eum
402 2645 429 2697 iu
447 2643 502 2698 suis
516 2643 635 2713 epistolis
652 2642 816 2712 laudaverat,
835 2646 874 2700 tto
890 2645 1009 2716 scripsit:
1027 2643 1132 2700 muitum
1150 2645 1211 2701 mibi
1230 2649 1272 2717 (et
1289 2647 1360 2703 ultra

327 2758 404 2816 quun
421 2741 513 2798 audire
531 2741 609 2798 debui
626 2741 769 2817 indignus)
796 2741 913 2802 savorem
936 2748 963 2800 in
986 2746 1082 2800 nestris
1107 2745 1228 2818 epistolis
1251 2746 1359 2803 demon-

327 2843 419 2898 siratis
435 2845 463 2898 et
479 2845 566 2898 tanuen
583 2845 777 2914 scriptumest:
813 2861 846 2902 ne
862 2843 956 2901 laudes
973 2843 1118 2913 bominem,
1142 2843 1266 2918 quondm
1283 2847 1359 2915 sirit,

327 2948 413 2998 murco
439 2945 489 3022 obi
515 2940 607 2999 audire
629 2941 696 2998 talis
720 2943 816 3017 diguus
832 2961 884 3001 nou
903 2942 956 3011 iui;
990 2942 1154 3000 emtionibus
1172 2948 1268 3002 rostris
1286 2952 1359 3017 peto,

327 3048 357 3099 ut
373 3040 468 3115 dignus
486 3041 602 3109 efficiar,
618 3048 662 3109 ιιι,
680 3045 705 3099 si
719 3041 790 3099 bonu
806 3043 867 3100 ideo
884 3047 911 3099 tu
930 3060 970 3101 mc
989 3041 1112 3112 dixistis,
1138 3046 1201 3118 qnia
1217 3053 1360 3112 consoni,

327 3138 387 3197 ideo
403 3143 466 3208 siut,
484 3155 552 3212 quae
569 3139 681 3197 dixistis.
702 3142 764 3199 item
782 3147 809 3199 in
826 3144 941 3216 epistola
952 3141 1107 3198 adNursm
1121 3145 1270 3214 patritium:
1288 3143 1361 3216 quod

326 3253 424 3297 causae
446 3246 474 3296 et
494 3242 606 3296 nominis
631 3241 823 3298 similitudinem
850 3241 970 3299 iaciendo
995 3259 1044 3314 per
1064 3245 1208 3313 scripturas
1224 3241 1361 3299 clausulas

327 3339 582 3412 declamationesque
606 3341 738 3408 formetis,
772 3347 843 3397 certe
864 3340 948 3398 irater
974 3344 1109 3398 comssirne
1132 3343 1232 3397 siminus
1256 3342 1361 3398 leonem

327 3453 417 3505 roms,
435 3437 505 3510 qnod
523 3453 555 3494 ec
573 3437 649 3494 modo
667 3454 716 3494 nus
733 3454 815 3512 egere
831 3441 1013 3511 conspicimus,
1032 3458 1084 3514 quo
1101 3440 1238 3500 scabiosos
1257 3443 1361 3498 catulos

326 3554 408 3611 saepe
426 3538 525 3611 pondos
542 3539 584 3594 rei
603 3541 687 3612 tigres
709 3553 838 3594 nocensne.
879 3538 941 3595 lieno
961 3543 988 3595 tu
1007 3541 1121 3612 epistole
1139 3540 1173 3595 ad
1191 3543 1361 3598 inmissione

326 3638 501 3710 patriercham
510 3635 713 3694 Antiochenurn:
731 3638 800 3710 quod
817 3653 864 3693 ros
877 3655 918 3694 rue
931 3655 961 3695 os
973 3639 1079 3707 domini,
1096 3639 1165 3710 quod
1180 3640 1361 3698 iuecruemdi·

326 3739 396 3804 citis,
415 3737 485 3808 quod
496 3735 627 3809 loquendo
640 3737 727 3793 multis
738 3737 865 3808 prodesse
879 3738 1196 3809 multisqueposseiueere
1203 3738 1361 3812 perhibetis,

327 3838 543 3892 existimeticnem
557 3849 648 3902 meam,
668 3837 764 3903 tenor,
781 3837 843 3891 mibi
861 3841 887 3892 in
904 3839 1040 3892 maximam
1058 3836 1361 3911 dubitationcm'perdu·

327 3938 412 3991 xistis.
431 3933 576 3992 Gonsidero
590 3949 710 4008 namque,
728 3938 772 4008 qui
790 3951 856 4004 sum,
874 3943 902 3992 et
917 3937 982 3992 nibil
1001 3939 1027 3993 iu
1040 3953 1080 3993 rne
1093 3953 1125 3994 ex
1135 3935 1282 4009 hujusmodi
1296 3937 1361 3994 boui

326 4036 404 4106 signo
423 4032 604 4104 deprehendo:
622 4035 761 4091 considero
779 4041 880 4104 sutem,
900 4039 945 4107 qni
965 4039 1030 4092 estis
1047 4043 1075 4093 et
1092 4051 1140 4093 roe
1159 4039 1262 4094 mentiri
1279 4053 1362 4110 posse

328 4147 378 4187 non
396 4132 520 4187 arbitror.
571 4131 635 4188 Gara
654 4150 720 4206 ergo
741 4134 849 4190 credere
866 4135 942 4202 noio,
977 4137 1048 4207 quod
1066 4136 1168 4205 dicitis,
1203 4137 1362 4194 contradicit

328 4230 390 4285 mibi
408 4231 543 4286 infirmiter
562 4246 630 4298 urea,
647 4246 704 4287 curs
721 4231 857 4303 disputare
876 4233 945 4299 uolo,
965 4234 1036 4306 quod
1055 4238 1081 4290 ιιι
1098 4236 1200 4292 taudem
1218 4252 1301 4293 meam
1318 4238 1361 4292 dt·

326 4331 403 4395 citur,
420 4328 575 4385 contradicit
592 4329 654 4385 mibi
673 4335 800 4388 emortus
818 4337 915 4388 uestra.
935 4331 989 4389 sot
1006 4349 1116 4406 querco,
1136 4338 1178 4390 ιιι
1194 4344 1295 4406 emme,
1311 4353 1362 4393 no·

326 4423 368 4482 bie
387 4427 487 4500 aliquid
503 4428 536 4485 ds
554 4427 605 4484 boe
622 4433 763 4487 centonius
779 4437 871 4487 nostro
887 4435 1040 4498 conveniat,
1058 4440 1087 4489 ut
1103 4436 1126 4488 si
1145 4449 1211 4503 uon,
1231 4434 1301 4507 qnod
1319 4435 1361 4491 rit·
