2918 5302
213 491 285 569 Cap.
308 490 421 552 CXLV.
467 493 512 552 De
533 502 635 552 sancto
656 491 797 551 michaele
821 493 1003 572 archangelo.
1066 491 1129 555 (its

94 645 191 702 lbidora
203 650 341 703 missarum
352 647 513 716 sollemniis,
532 665 589 704 cour
603 663 704 704 sacratu
718 652 921 706 communionem
935 651 1034 723 singuli
1052 667 1130 709 acce·

95 749 206 820 pisseut¹
226 762 316 803 omnes
334 745 367 802 ad
386 751 496 820 propris
513 763 568 803 cunr
587 749 712 803 innonso
730 747 830 822 gaudio
851 748 1001 818 redienrnt,
1026 754 1132 821 episco-

94 861 144 917 pus
170 854 255 902 autem
282 846 379 902 ibidem
404 846 559 903 sacerdotes
584 853 611 903 ct
634 847 746 903 clericos
776 848 927 922 delegasit,
957 851 1002 920 qui
1030 851 1134 922 jugiter

95 943 210 1000 diuinuss
233 945 348 1002 ollcluun
375 945 550 1003 celebrarent.
585 943 618 1002 ln
640 944 732 1002 cadero
756 949 974 1024 speluncasque
999 947 1133 1004 luciduci

96 1045 199 1100 uloriuur
218 1045 304 1101 dulcis
323 1051 441 1114 enarrat,
464 1060 517 1118 qus
541 1051 602 1117 post
625 1047 830 1101 communionem
849 1047 963 1118 popolus
981 1053 1088 1118 potatur
1106 1052 1133 1104 et

96 1143 217 1200 diuersae
236 1145 416 1218 aegritudines
434 1151 568 1200 sanantur.
604 1142 681 1200 'l'ono
699 1160 812 1200 sumnus
837 1145 957 1217 pontifex
976 1146 1017 1200 bis
1035 1145 1133 1202 auditis

97 1243 165 1298 lrurrc
191 1243 259 1301 diens
285 1247 310 1300 in
331 1243 456 1300 bonoreuu
482 1245 568 1300 sancti
585 1241 726 1300 Michaelis
751 1249 777 1299 et
794 1245 905 1300 onuiurn
923 1244 1059 1301 beatorum
1077 1247 1134 1316 spt-

98 1344 193 1398 rituurn
211 1360 260 1416 pes·
275 1349 358 1400 totutu
382 1343 471 1400 orbeor
490 1342 676 1400 uolrersallter
692 1344 785 1397 statuit
807 1343 999 1399 celebrandurn.
1034 1343 1135 1409 Quarto

98 1442 166 1500 baec
189 1443 353 1499 sollemnitas
377 1441 473 1499 dicitur
498 1427 624 1500 uenoria
645 1443 731 1498 sancti
749 1441 905 1499 liliabaells:
930 1445 958 1499 ln
977 1459 1029 1517 qua
1048 1450 1135 1499 tarnen

99 1542 276 1599 sollennitate
301 1545 412 1599 onnluor
437 1542 591 1616 augelorum
610 1543 759 1598 ncuoriaru
777 1543 881 1615 aginus
899 1548 926 1598 et
944 1559 1034 1599 onnes
1052 1560 1135 1617 goue-

100 1643 192 1698 raiiter
215 1640 383 1700 honoraturus.
418 1642 501 1700 Decet
525 1658 637 1715 nanque
663 1656 711 1696 nos
731 1639 823 1696 iisden
842 1639 945 1698 laudem
965 1649 992 1697 et
1009 1641 1135 1698 lronoreur

100 1742 250 1813 liupcndere
275 1742 412 1812 multiplici
437 1745 548 1798 ratione.
583 1739 637 1813 lpsi
656 1741 723 1796 enlm
743 1747 803 1795 sunt
822 1741 947 1796 custodes
964 1745 1065 1810 nostri,
1087 1743 1137 1796 rni—

100 1845 257 1898 uistrutores
273 1843 373 1909 nostri,
400 1842 497 1898 tratres
513 1828 543 1897 'ct
562 1843 684 1897 concines
703 1842 803 1908 nostri,
828 1845 971 1897 animarum
990 1846 1139 1896 nostrarum

101 1944 244 2013 portitores
262 1943 289 1997 io
302 1941 414 2010 coelura,
429 1943 576 1997 orationum
594 1946 741 1995 nostraruor
761 1940 831 2011 apud
850 1941 931 1996 Dcunu
952 1947 1137 2012 repracsenta-

100 2048 183 2110 tores,
194 2043 277 2114 rogis
295 2043 396 2097 aeterni
415 2040 572 2096 nobilissimi
592 2039 689 2095 nttttes
707 2046 735 2095 et
750 2039 932 2096 tribulatorum
946 2041 1138 2096 consolatores.

103 2141 188 2197 Primo
212 2142 293 2212 igliur
317 2139 442 2196 debenus
469 2157 516 2197 uos
540 2139 688 2206 bonorare,
716 2142 780 2210 qula
810 2146 872 2195 sunt
894 2139 1019 2195 custodes
1044 2140 1138 2195 nostrl.

103 2239 218 2296 Cuilibet
240 2241 306 2294 onius
325 2239 422 2294 bouninl
441 2240 537 2295 dantur
556 2237 608 2292 duo
627 2238 727 2311 angeli,
745 2253 812 2292 unus
830 2238 913 2294 sualua
928 2238 963 2293 ad
977 2239 1140 2306 cscroltiosr,

102 2341 171 2396 altor
189 2340 273 2394 bouus
293 2338 327 2393 ad
346 2339 554 2394 custodiendum.
590 2335 719 2393 Custodia
738 2340 804 2392 ouius
823 2339 886 2393 boot
899 2338 987 2410 angeli
1000 2338 1142 2408 deputatur

104 2441 200 2497 bomini
213 2447 239 2495 et
250 2443 275 2494 in
288 2441 425 2498 nativitate
440 2445 465 2493 et
477 2441 502 2494 in
513 2445 588 2494 uteru
601 2443 628 2492 ot
645 2438 733 2490 statlro
752 2443 813 2508 post
832 2439 994 2492 nativitatera
1013 2452 1046 2492 es
1064 2444 1140 2492 utcro

105 2548 132 2596 ot
153 2556 258 2610 semper
281 2545 322 2593 est
347 2553 402 2592 cun
428 2540 486 2609 ipso
507 2539 563 2610 jaus
588 2535 689 2596 adulto.
724 2533 753 2591 lu
779 2534 828 2590 lucc
854 2539 920 2592 untro
944 2536 1046 2608 triplici
1069 2541 1141 2592 statu

105 2641 256 2696 necessaria
281 2645 322 2693 est
343 2637 440 2692 bonini
469 2638 589 2693 custodia
613 2636 749 2710 angelica:
781 2651 839 2692 naus
865 2635 923 2692 duur
950 2636 1075 2707 parrulos
1100 2641 1142 2692 cst

105 2737 343 2810 adbuc-inuicto,
368 2742 456 2810 potest
483 2738 585 2792 interius
610 2742 637 2792 et
654 2733 787 2804 damnari;
811 2736 870 2792 duro
889 2743 931 2793 est
947 2743 1023 2792 extra
1040 2743 1141 2794 uterum

106 2846 167 2894 erute
186 2837 302 2892 aduttum
321 2843 449 2904 aetatem,
474 2842 564 2907 potest
588 2853 606 2892 s
628 2835 787 2910 baptismate
806 2836 944 2908 inpediri;
969 2836 1028 2891 duro
1051 2842 1093 2891 est
1115 2837 1142 2891 iu

105 2938 197 2992 adulta
215 2943 317 3002 aetate,
342 2942 432 3007 potest
453 2935 486 2990 ad
506 2936 614 2992 divorsa
631 2943 741 3010 peecata
759 2913 886 3008 pertrahi.
921 2934 1055 3006 llyubolua
1074 2936 1142 2990 enisu

24 3049 27 3056 '
105 3042 131 3093 io
152 3036 257 3091 bonine
280 3035 372 3091 adulto
396 3039 521 3092 rationem
540 3035 643 3094 seducit
659 3053 707 3108 per
728 3031 854 3104 astutias,
875 3036 1034 3090 sotnotatnn
1058 3032 1144 3089 allicit

105 3153 154 3210 per
171 3135 330 3202 blanditias,
348 3137 469 3190 virtutem
488 3138 612 3208 opprlrnlt
628 3153 676 3208 per
689 3133 847 3192 violentiaou.
881 3133 944 3191 ldeo
959 3148 1069 3192 necesso
1083 3132 1142 3200 luit,

105 3245 136 3292 ut
151 3236 235 3292 bonus
254 3234 364 3308 augelus
383 3234 466 3292 uidero
480 3235 514 3291 ad
527 3236 672 3290 custodiant
688 3234 837 3307 deputetur,
856 3243 885 3290 ut
896 3233 1024 3290 bominem
1038 3231 1144 3289 erudiat

107 3340 134 3390 et
151 3333 252 3406 dirigat
269 3339 360 3388 contra
377 3333 524 3404 fallaciam,
549 3334 703 3392 esbortetor
729 3342 755 3391 et
773 3337 863 3390 incitet
887 3333 919 3388 ad
938 3334 1033 3388 bonurn
1050 3339 1144 3388 contra

107 3431 251 3488 blanditias
276 3437 303 3488 et
326 3431 453 3488 delendat
478 3433 510 3488 ab
528 3436 703 3506 oppressione
722 3440 813 3488 contra
833 3431 992 3492 uiolentiam.
1026 3431 1142 3488 Ellectus

107 3537 193 3586 antero
212 3531 349 3604 angelicae
366 3533 503 3590 costodiae
522 3535 547 3588 io
558 3533 663 3589 bonuioe
677 3531 886 3604 quadrupliciter
899 3534 1031 3606 assignari
1045 3536 1142 3603 potest

107 3629 208 3688 l’rinus
227 3637 283 3698 ost,
306 3637 334 3686 ut
358 3630 480 3702 proiciat
497 3633 583 3687 anina
600 3633 625 3686 io
638 3631 740 3712 *bourn
758 3633 877 3704 gratiae,
900 3637 927 3686 et
944 3629 995 3687 boc
1012 3630 1077 3686 tacit
1092 3644 1141 3685 ao-

107 3729 186 3804 gelos
204 3731 230 3783 tn
249 3731 334 3785 anina
352 3731 437 3786 tribus
456 3730 554 3788 orodis:
572 3732 656 3802 primo
674 3745 750 3787 ousae
769 3729 976 3802 inpedimentum
994 3728 1027 3786 ad
1047 3728 1142 3783 bouum

107 3828 281 3896 senorend03
307 3828 357 3885 boo
380 3833 511 3904 signatum
535 3834 576 3886 est
598 3828 683 3885 llsod.
709 3827 772 3898 xit,
800 3828 845 3884 ubl
875 3813 987 3903 angelus
1011 3830 1144 3901 percussit

107 3930 285 4004 primogenita
304 3927 436 4003 aegyptu
455 3928 571 3988 secundo
588 3931 722 4003 pigritiam
741 3927 896 3996 cartonio,
920 3927 990 4002 quod
1010 3931 1143 4002 signatura

107 4034 148 4086 est
171 4027 286 4084 Zacber.
308 4025 356 4096 li',
381 4028 427 4084 ubi
452 4027 561 4084 dicitur:
590 4027 703 4102 angelos
730 4026 828 4083 donini
850 4031 977 4084 excitarit
1001 4042 1042 4084 rue
1065 4028 1144 4100 quast

106 4127 251 4198 bominem,
269 4129 314 4200 qui
333 4130 497 4184 excitatura
515 4142 620 4193 souruo;
638 4129 716 4183 tortio
734 4129 761 4182 iu
774 4129 818 4182 ria
831 4129 1010 4198 poenitentiae
1024 4125 1142 4182 docendo

106 4234 133 4285 et
150 4225 317 4296 reducendo,
342 4225 412 4300 qood
431 4225 603 4300 significatura
624 4230 666 4282 est
683 4225 753 4284 Tob.
771 4225 802 4283 V.
835 4226 862 4280 lo
884 4226 996 4299 angelo,
1021 4227 1066 4298 qui
1086 4241 1143 4282 esse

107 4325 182 4382 doslt
206 4332 232 4382 ct
257 4325 385 4384 ιιιιιιῑιμ
406 4325 542 4382 Secundus
567 4333 625 4394 est,
649 4332 678 4381 ut
700 4342 750 4381 ooo
774 4325 854 4382 cadat
878 4328 904 4380 tu
922 4326 1014 4381 naalon
1038 4325 1141 4396 culpae,

107 4431 135 4482 et
152 4423 200 4482 boc
219 4425 283 4483 lacit
301 4425 413 4500 augelus
433 4425 517 4481 tribos
535 4425 739 4496 nodtst‘prtsuo
760 4424 926 4500 inpediendo
949 4434 1082 4498 peccaturo
1101 4427 1144 4483 iu·
