2918 5302
249 468 313 532 630
363 469 437 549 Cap.
459 467 561 527 exit.
606 469 651 527 De
673 479 776 528 saneto
797 467 932 529 blenritio
954 481 984 530 et
1007 472 1092 531 sociis
1112 473 1184 530 suis.
1244 485 1246 488 ·

250 633 359 683 condus
376 625 518 683 Mauritius
536 629 683 701 assurgens
700 629 770 683 intcr
785 629 950 684 caeterasio
965 629 1138 684 concionatus
1155 635 1210 685 eet:
1233 645 1303 702 con·

251 727 376 800 grntnior
401 727 490 794 robis,
523 730 587 800 quta
614 743 663 798 pro
692 724 744 782 ide
769 724 870 781 Christi
894 742 985 783 onnes
1015 729 1082 783 nort
1106 729 1196 800 persii
1218 729 1304 793 estis:

252 827 444 884 conmilitones
469 834 573 884 uestros
597 827 687 882 reond
709 827 838 893 sustinui,
863 827 927 897 quia
949 841 997 881 ros
1020 826 1056 882 sd
1079 830 1233 899 passionen
1253 842 1305 898 pro

254 925 360 982 Christo
385 933 494 998 parcior
519 927 574 980 ridi
599 931 626 981 et
644 924 743 980 donini
761 923 909 980 mundeturn
927 928 1050 991 serrari,
1073 927 1119 999 qul
1141 928 1181 982 sit
1204 925 1304 982 Petro:

254 1028 328 1082 unitis
353 1026 472 1099 gladium
497 1034 569 1082 tuurn
593 1027 621 1080 in
653 1026 792 1097 raginam
822 1026 885 1097 qnia
914 1041 980 1098 orgo
1005 1027 1062 1097 jann
1096 1027 1305 1082 commilitonum

255 1124 413 1196 corporibus
433 1127 523 1182 ralisti
544 1140 634 1182 sunus
651 1130 679 1180 et
696 1125 829 1178 sooiorurn
853 1123 1028 1196 sanguinibus
1047 1123 1195 1180 rubricatus
1213 1131 1306 1181 restes

256 1223 395 1293 babemus,
412 1241 462 1282 nos
480 1228 555 1297 ipsos
572 1223 606 1280 od
626 1225 770 1278 martirinrs
791 1237 940 1294 sequanus.
975 1221 1048 1280 ilaec
1067 1239 1143 1297 ergo,
1160 1225 1184 1280 ri
1202 1222 1305 1295 placet,

258 1323 369 1383 caesuri
386 1324 539 1381 mnndernus
558 1338 703 1396 responsa:
727 1323 825 1377 nitites
841 1325 896 1390 iul,
921 1324 1082 1394 inperator,
1108 1339 1198 1380 sursus
1223 1330 1252 1380 st
1269 1320 1305 1378 ad

258 1423 439 1481 defensionen
465 1424 629 1495 reipublicae
652 1437 726 1478 arnus
744 1423 925 1494 suscepimus,
950 1439 1001 1476 non
1025 1427 1067 1478 est
1088 1425 1115 1478 ie
1140 1423 1218 1480 nobit
1242 1437 1306 1494 por·

259 1523 342 1589 ditio,
363 1540 415 1579 uon
436 1522 565 1590 lornido,
587 1522 635 1579 scd
654 1521 753 1580 (ibristi
781 1519 857 1578 iden
875 1521 1025 1577 nullatenus
1042 1521 1203 1579 deseremus.
1240 1521 1307 1579 Ωιι

259 1622 311 1679 boc
332 1626 477 1694 inperator
502 1622 665 1690 audivisset,
687 1623 771 1694 jussit
795 1625 904 1689 iterun,
930 1626 958 1676 ut
981 1621 1108 1678 dccinnur
1130 1619 1306 1678 trucidarent

260 1720 319 1787 Quo
338 1722 409 1778 iacto
426 1721 590 1795 Essuparius
607 1722 722 1796 signifer
740 1720 863 1790 resiliunt
881 1723 1013 1792 arripiens
1037 1728 1065 1778 et
1087 1723 1157 1779 inter
1174 1721 1307 1778 oon-ni·

260 1829 337 1879 tones
361 1827 436 1878 stunt
459 1822 541 1878 dixit:
569 1822 705 1896 gloriosus
735 1822 788 1878 dos
816 1829 909 1878 noster
932 1819 1075 1877 Mauritius
1099 1822 1132 1879 dc
1156 1826 1308 1880 nostrorum

261 1925 465 1978 connitinnun
483 1921 574 1995 gloria
590 1927 632 1979 ert
651 1923 755 1980 locutus
772 1937 824 1978 nco
835 1918 1000 1993 Exsuperins
1014 1921 1130 1996 signiter
1141 1929 1230 1978 restes
1243 1921 1309 1979 ideo

262 2021 330 2078 bueo
342 2037 415 2078 nrsru
427 2023 548 2094 erripuit,
569 2022 709 2079 uitalibus
723 2024 893 2088 ιιιιιιιιιιις
911 2022 1055 2093 projiciunt
1075 2019 1186 2078 destrae
1197 2027 1310 2077 nostroe

262 2122 422 2178 senciaco
441 2121 560 2178 carnaiis
577 2129 604 2178 ct
621 2127 756 2178 ornentur
775 2119 925 2190 virtutibus,
943 2127 969 2176 ei
991 2121 1068 2190 talia,
1092 2123 1116 2176 si
1134 2121 1232 2192 piacet,
1258 2121 1310 2176 iur-

262 2229 381 2292 pcrstori
400 2221 596 2278 rensndenusz
623 2221 719 2277 rutiitee
738 2235 844 2288 sunus,
864 2221 1023 2292 inperator,
1043 2221 1099 2289 tui,
1121 2221 1310 2290 centurion,

263 2321 336 2394 quoti
355 2320 440 2378 libcrs
460 2320 627 2394 prolitenur,
652 2318 765 2387 Gbristi3
789 2319 839 2374 tibi
864 2319 991 2376 debernus
1010 2321 1145 2387 militiano,
1171 2318 1212 2374 illi
1230 2321 1311 2376 inno-

265 2425 391 2488 oeuttsn3
410 2435 427 2475 o
444 2427 471 2477 te
490 2420 592 2477 laboris
609 2416 779 2492 stipendium,
797 2419 833 2474 sb
850 2420 898 2476 iiio
917 2420 1052 2477 exordium
1071 2421 1212 2476 runcinus
1228 2422 1311 2490 ritae,

263 2525 404 2594 omniaque
427 2536 476 2593 pro
502 2521 564 2592 ipso
586 2525 717 2575 tormenta
740 2519 878 2591 suscipere
902 2523 992 2592 parati
1020 2535 1109 2576 sunus
1136 2526 1164 2577 et
1187 2519 1222 2576 ab
1247 2522 1310 2594 eius

264 2619 316 2677 bde
334 2636 465 2694 nunquan
483 2619 657 2676 discedemus.
692 2617 769 2674 Tunc
793 2621 888 2691 inpius
913 2605 1015 2676 Caesar
1035 2622 1120 2692 jussit
1136 2636 1210 2676 suun
1230 2636 1310 2677 exer-

265 2722 343 2776 cituin
362 2726 442 2776 toton
459 2719 591 2793 legionen
611 2717 792 2788 circundare,
815 2721 854 2775 itu
872 2728 902 2776 ut
918 2735 985 2776 unus
1005 2720 1119 2777 eradere
1137 2736 1188 2777 non
1206 2727 1311 2793 posset.

264 2819 404 2878 Voiiuntor
420 2822 504 2894 igitur
520 2819 619 2875 rnilites
637 2816 736 2874 libristi
754 2835 772 2874 a
789 2818 916 2874 militibus
934 2817 1042 2892 dyaboli
1065 2827 1093 2878 et
1111 2819 1235 2877 neisndls
1251 2835 1311 2877 ura·

265 2918 343 2976 nibus
362 2920 526 2976 trucidantur
545 2917 702 2990 etpedibus
721 2919 907 2975 conoulooniur
927 2937 1054 2994 oquoruru
1080 2927 1107 2977 et
1122 2918 1229 2976 cirtrto
1246 2935 1313 2991 pre·

265 3021 329 3076 ttosi
352 3022 474 3076 martires
499 3027 698 3075 consecrantur.
732 3019 810 3076 Pueri
834 3025 895 3075 sunt
912 3026 998 3076 anton
1016 3022 1089 3077 circa
1106 3035 1192 3078 aneos
1211 3017 1313 3080 domiui

265 3117 418 3176 chllxli.
453 3119 504 3186 liet
521 3124 609 3175 sutrin
627 3124 692 3174 nuta
711 3118 881 3192 quamplures
899 3126 1060 3188 eraserunt,
1083 3125 1112 3176 ιι
1134 3121 1161 3176 iu
1184 3121 1312 3194 regiones

184 3197 195 3218 '
263 3217 334 3274 alins
342 3219 477 3274 venientes
485 3217 584 3274 illinisti
591 3233 685 3274 nonen
694 3217 880 3290 praedicarant
887 3225 914 3275 ot
923 3219 1120 3294 gloriosissine
1131 3223 1157 3276 in
1170 3219 1238 3276 iocis
1250 3218 1313 3276 eliis

265 3316 467 3389 triunpbareut.
486 3316 527 3374 ils
542 3316 639 3390 quibus
652 3317 736 3375 inisse
748 3316 995 3388 dicunturSotutor,
1012 3311 1183 3390 ¹)bdreutor
1196 3319 1312 3378 sionis-

266 3419 326 3472 rios
344 3417 414 3488 opud
435 3415 597 3486 Taurinou,
622 3416 775 3474 Alexander
797 3417 869 3489 apud
888 3417 1061 3492 Perpennus,
1084 3419 1223 3479 Secundus
1240 3421 1313 3493 opud

266 3515 415 3587 Vintiuun,
445 3533 547 3575 nsouou
575 3526 603 3575 et
624 3519 719 3574 beatus
746 3518 918 3574 eorrrnnttur
948 3525 976 3576 et
1000 3518 1095 3577 Victor
1122 3529 1150 3578 et
1171 3519 1254 3578 llrrus
1287 3527 1316 3579 rt

267 3617 437 3690 quanpinres
458 3616 517 3676 eiii.
551 3615 614 3674 curo
637 3619 722 3692 igitur
744 3615 883 3673 corniioes
909 3617 1034 3689 praedans
1057 3617 1207 3679 diridereut
1228 3628 1256 3678 ot
1272 3623 1315 3680 tn·

267 3717 345 3774 sinui
378 3717 565 3789 epularentur,
593 3717 722 3788 quondan
755 3732 843 3772 senen
874 3719 979 3775 nonina
1003 3717 1137 3777 Victoreur
1163 3720 1225 3780 inde
1249 3715 1315 3784 sisu

266 3821 448 3872 transeunte·
466 3815 501 3872 ιι
519 3831 608 3873 securo
626 3797 818 3872 ooorirunduse
836 3818 956 3874 inritant.
990 3817 1039 3876 ille
1060 3823 1197 3892 requirere
1216 3825 1315 3894 coepit,

268 3914 400 3988 quoruodo
430 3917 499 3971 inter
525 3921 566 3970 tot
589 3915 673 3974 reiiiin
695 3917 845 3972 occisorun
867 3924 979 3988 possent
1001 3935 1057 3976 oure
1082 3921 1182 3995 gaudio
1200 3921 1315 3994 spulssi.

267 4014 330 4070 Cure
356 4021 443 4071 arten
468 4028 486 4069 a
509 4014 623 4087 quodam
644 4015 810 4084 audivisset,
842 4017 913 4089 quod
940 4035 990 4090 pro
1013 4018 1066 4076 ιιι
1094 4021 1192 4078 christi
1219 4027 1317 4080 nortui
1413 4073 1441 4090 ,,

267 4119 373 4180 cuent,
392 4114 531 4185 suspirans
550 4113 597 4171 ilie
616 4115 786 4172 rebenenter
804 4118 945 4191 ingenuit,
963 4118 1068 4176 beaturn
1086 4123 1191 4178 onntno
1208 4138 1239 4179 se
1257 4121 1316 4180 ols-

265 4215 379 4280 rnitans,
415 4216 438 4267 si
467 4217 525 4270 c'suu
557 4212 612 4270 illis
636 4212 734 4273 luisset
757 4219 869 4273 occisor.
912 4216 976 4274 Gonu
1000 4227 1086 4278 sniern
1110 4226 1315 4295 comperissent,

315 4363 338 4414 ii
351 4360 391 4408 td.
406 4366 439 4409 rr.
452 4360 512 4406 nerle
526 4361 582 4405 inec
596 4361 773 4409 iterarentor
790 4372 915 4413 ociosus
929 4388 953 4404 -ι
972 4369 1150 4418 Aisssndsr
1168 4372 1246 4430 opud
1266 4375 1317 4419 bs·

264 4427 411 4483 tbsninrn,
436 4429 590 4476 secundus
609 4431 687 4488 apud
705 4432 911 4481 iliricunuiisrn
928 4434 990 4490 lesit.
