2918 5302
230 497 303 578 Cep.
327 494 456 558 cxliii.
499 491 545 554 De
565 495 671 554 sensile
693 492 800 550 Cosrne
821 499 850 550 et
874 486 1025 546 Damione.
1082 485 1143 548 ost

105 654 268 712 suetudinem
297 654 390 711 lubuit
413 657 440 710 tn
465 655 681 720 conuersatione,
713 649 856 706 doctrinan
889 661 1029 719 supernum
1053 645 1147 703 bubuli

105 758 133 811 in
160 755 373 825 praedicatione,
404 752 559 809 suerilieiurn
591 753 640 808 luit
665 752 690 805 in
718 752 807 804 menis
833 749 1027 814 maceratione,
1046 747 1143 804 donini

105 869 196 910 menne
215 853 264 908 init
282 857 307 908 in
327 853 478 910 medicinali
497 855 640 908 curatione.

172 959 205 1013 1.
230 955 339 1008 (turnus
365 959 391 1009 ct
410 953 551 1007 Durnisnus
574 953 693 1025 gernani
713 947 810 1006 lrutrss
834 952 860 1004 ln
882 950 991 1004 eieitute
1015 945 1091 1020 liges
1113 963 1146 1004 eu

106 1053 235 1125 religiose
250 1060 331 1108 ruatro
350 1054 453 1108 nomine
475 1050 675 1120 ¹)Tbeoducbe
693 1054 748 1106 nstt
766 1058 837 1108 sunt.
872 1049 902 1104 lli
920 1056 979 1103 sris
999 1048 1145 1104 medicinae

106 1152 193 1209 edocti
209 1158 304 1206 tonum
318 1153 440 1222 espiritu
451 1158 543 1208 senotu
555 1153 668 1224 gratiam
680 1154 849 1222 acceperunt,
860 1153 988 1204 utonnes
1001 1148 1145 1220 languores

105 1268 159 1306 non
170 1251 254 1307 solun
267 1249 299 1304 ob
314 1249 472 1316 bominibus,
492 1251 539 1308 red
553 1250 632 1306 etiuu
645 1251 798 1322 ajoneotis
813 1254 944 1315 cururent,
959 1251 1044 1321 guntin
1058 1250 1146 1306 onnia

104 1350 259 1407 tribuentes.
296 1350 420 1407 lllntrone
444 1357 529 1404 eutero
555 1349 683 1421 queednor
701 1351 805 1406 uoouins
822 1348 959 1416 Palladio,
983 1363 1040 1404 euru
1058 1350 1146 1406 oninis

106 1465 155 1506 rue
172 1453 199 1504 in
217 1450 323 1505 rnedicis
341 1453 546 1514 consumsisset,
572 1449 606 1504 od
632 1457 738 1505 cunctos
763 1451 877 1506 occessit
894 1455 921 1505 et
938 1449 972 1502 ab
991 1451 1024 1504 ite
1043 1453 1144 1506 sentio·

104 1556 156 1605 sen
176 1551 305 1621 integrunt
326 1551 479 1618 reportarit.
515 1547 591 1604 Touo
618 1549 665 1602 iila
689 1549 820 1620 quoddam
848 1550 1025 1606 munusculum
1052 1556 1145 1606 saneto

105 1649 233 1704 Dunisno
259 1647 369 1715 obtulit,
404 1655 430 1704 et
454 1663 511 1704 curn
536 1649 619 1705 nollet
645 1651 782 1720 recipere,
815 1649 862 1706 ille
891 1665 948 1705 eonu
972 1652 1145 1708 recrementis

104 1748 270 1804 terribilibus
296 1747 439 1818 udjuruuii.
475 1745 551 1811 oneo
583 1748 628 1804 iiis
651 1750 785 1820 nequierit
815 1749 935 1820 recipere
958 1765 1009 1804 non
1041 1751 1145 1821 quidern

105 1847 199 1904 ductus
217 1847 362 1916 eupiditste
382 1849 512 1914 muueris,
538 1847 585 1904 sed
610 1855 637 1904 et
655 1845 789 1904 deuotioni
808 1847 978 1904 setislseiens
998 1849 1145 1916 ollerenits,

105 1955 133 2005 et
156 1965 189 2004 oe
213 1963 307 2004 consen
330 1946 428 2004 donnini
454 1947 588 2003 uideretur
604 1963 744 2018 spernere,
769 1963 818 2018 per
835 1947 905 2018 quod
932 1946 1041 2004 ridebat
1058 1952 1098 2004 rte
1115 1965 1145 2006 ee

105 2047 254 2119 udjuratuor
285 2063 355 2102 esso.
391 2045 444 2102 llne
476 2047 522 2102 ubi
553 2053 662 2104 uerutus
686 2047 796 2104 Cosmus
823 2051 963 2118 cunperti,
998 2053 1144 2119 proecepit,

105 2162 138 2202 ue
162 2161 259 2216 corpus
286 2146 344 2216 ejus
368 2161 419 2202 unu
442 2161 500 2202 cuuu
525 2148 608 2217 ipsius
634 2163 747 2218 corpore
765 2154 915 2218 poneretur.
951 2147 1004 2202 Sed
1023 2151 1145 2218 sequenti

104 2254 184 2304 noots
209 2245 329 2300 doninus
354 2245 465 2302 Cosnse
489 2251 612 2318 apperuit
637 2254 664 2303 et
691 2249 798 2304 iretren
833 2248 1014 2318 desuscepto
1038 2263 1144 2304 rnunere

105 2349 250 2403 excusauit.
290 2346 409 2402 Audiens
437 2362 526 2404 soron
558 2346 653 2404 lemnon
684 2349 825 2420 proconsul
854 2347 944 2402 Lisius
973 2362 1021 2402 eos
1052 2347 1086 2402 ud
1114 2363 1145 2402 se

106 2448 233 2504 uocerslrt
252 2447 313 2502 lecit
332 2451 359 2501 et
376 2461 443 2519 quoe
460 2465 549 2504 eoronu
569 2455 629 2504 sunt
647 2451 768 2516 nornine,
786 2465 855 2521 quse
872 2451 973 2520 peine,
1001 2463 1069 2519 quoe
1088 2446 1143 2502 ior·

106 2555 186 2616 tone,
211 2550 343 2620 inquirere
367 2551 464 2619 eoepit.
500 2547 590 2602 Seneti
614 2553 735 2604 munires
760 2549 895 2604 dixerunt:
920 2551 1025 2603 nornine
1053 2555 1145 2604 nostru

107 2655 168 2706 eunt
192 2649 302 2704 Cosmus
328 2657 354 2702 et
379 2637 548 2714 Deniunnen
564 2649 633 2704 elius
658 2656 711 2706 tres
738 2649 834 2706 iratres
859 2647 1001 2716 bubenus,
1035 2664 1144 2720 quorun

107 2752 212 2804 nomine
244 2757 305 2802 sunt
336 2749 502 2818 ²)Antiruus,
532 2749 661 2806 Leontius
690 2756 717 2804 et
745 2747 911 2820 Euprepius,
947 2749 1032 2818 petria
1058 2755 1145 2802 eutero

105 2855 198 2904 nostre
210 2846 311 2902 Arabia
329 2855 385 2915 esi;
404 2863 484 2919 porro
505 2849 636 2905 lorinusrn
655 2849 798 2906 cbristieot
815 2849 943 2906 nesciunt.
978 2846 1064 2904 lussit
1079 2863 1144 2920 ergo

107 2947 263 3020 proconsul,
289 2955 317 3003 ui
339 2948 436 3004 instree
459 2964 524 3004 suos
547 2948 710 3006 adducerent
726 2955 754 3006 et
770 2949 847 3004 sinui
864 2949 951 3022 ydolis
971 2946 1144 3011 inmolarunt,

106 3048 152 3104 sed
170 3063 225 3103 cors
246 3049 350 3103 onnlno
369 3047 503 3106 innotare
520 3056 731 3118 contemnerent,
756 3051 893 3121 praecepit
915 3063 961 3104 eos
980 3049 1006 3102 in
1025 3047 1145 3102 menibus

104 3155 130 3204 st
155 3148 268 3219 pedibus
289 3149 347 3203 dire
370 3150 500 3220 torqueri.
534 3147 598 3206 Cous
630 3157 715 3208 eutero
742 3155 800 3222 ejus
826 3156 957 3206 tormento
984 3147 1144 3212 deriderent,

101 3251 186 3320 jureii
202 3263 250 3304 eos
269 3256 363 3303 coiens
380 3249 461 3320 ligeri
479 3253 506 3304 et
523 3250 549 3304 iu
568 3265 640 3306 nuere
658 3253 844 3322 praecipitari,
868 3249 917 3304 sed
936 3251 1024 3304 etettn
1044 3247 1078 3304 eb
1095 3262 1144 3302 uu·

103 3349 168 3422 gelo
186 3349 220 3404 de
237 3351 302 3402 usuri
314 3349 461 3404 liberentur
478 3355 504 3404 et
515 3357 577 3408 unte
589 3352 737 3421 pnesideru
751 3355 909 3405 statuuntur.
946 3347 1020 3412 Quod
1034 3362 1144 3418 presses

105 3447 278 3504 considerans
296 3450 347 3502 sit:
368 3462 416 3518 per
434 3447 504 3504 lleos
523 3463 634 3522 snugnos
653 3448 788 3506 meleficiis
807 3450 922 3514 uincitis,
940 3451 1002 3522 quie
1015 3455 1145 3504 turnnenta

104 3549 272 3603 contemnitis
290 3553 316 3602 et
334 3563 405 3602 rnue
423 3549 534 3620 nouitio,
560 3548 653 3605 docete
680 3565 745 3622 ergo
764 3565 804 3606 oue
823 3547 891 3605 baec
907 3556 998 3604 uestro
1016 3546 1142 3603 neleicie

104 3652 131 3704 et
157 3649 182 3702 in
207 3647 310 3702 numine
333 3645 381 3702 Ilei
404 3646 516 3702 Adriunl
541 3663 640 3720 sequor
663 3664 720 3706 uos.
756 3647 789 3706 Ei
813 3647 865 3705 luco
886 3648 957 3704 dieto
982 3648 1070 3706 stottru
1090 3645 1143 3704 duo

103 3747 246 3802 doemones
263 3743 406 3800 stituerunt
423 3753 448 3801 et
468 3762 524 3802 euos
543 3751 703 3821 greriseine
721 3749 747 3804 iu
767 3747 859 3804 iseiern
879 3749 1040 3814 ceciderunt,
1057 3748 1086 3803 et
1099 3746 1144 3808 ille

102 3845 219 3902 olamans
237 3845 318 3900 dixit:
344 3843 473 3916 deprecor
490 3863 551 3914 roe,
570 3864 586 3904 o
604 3849 667 3904 boni
688 3850 753 3916 uiri,
780 3856 808 3904 ut
826 3865 874 3920 uro
894 3866 934 3904 sue
958 3846 993 3906 ed
1011 3847 1142 3904 dominun

102 3954 216 4004 restrum
236 3945 327 4000 oretis.
364 3943 466 4006 Quibus
489 3946 626 4004 urentibus
647 3952 771 4006 continuo
790 3949 933 4005 deeorones
952 3948 1140 4004 discesserunt.

99 4047 213 4104 Prueses
231 4051 316 4102 auten
335 4043 417 4099 dixit:
445 4045 557 4114 uidetis,
584 4049 699 4120 qualiter
723 4049 862 4105 sdversunu
887 4065 927 4104 rue
945 4047 987 4106 iiii
1011 4047 1141 4120 indignati

99 4153 176 4214 suut,
202 4147 266 4219 quis
291 4159 337 4200 sos
365 4144 514 4215 relinquere
541 4149 707 4220 cogitsburn,
728 4151 784 4222 lanu
811 4165 877 4221 ergo
903 4147 974 4204 Deos
1000 4164 1072 4204 meos
1094 4163 1142 4204 ros

98 4261 152 4302 non
181 4249 268 4317 pellar
299 4243 494 4314 blaspbernere.
531 4245 608 4303 'luno
638 4265 685 4306 eos
720 4249 745 4305 in
773 4253 861 4322 ignem
887 4251 1022 4320 coptosuru
1041 4246 1140 4321 lecturi

150 4467 172 4520 l)
186 4465 241 4512 eiii:
256 4467 417 4513 Theodoro.
500 4469 523 4522 ἲ)
537 4466 575 4512 ud.
591 4471 624 4513 Pr.
639 4467 704 4522 leuitt
723 4466 858 4512 dontinus
876 4489 901 4500 -
919 4463 1097 4524 Eupompius.
