2984 5316
328 468 389 528 tut
500 471 571 550 Cep.
592 470 693 530 XClX.
741 441 785 528 De
813 479 911 527 sancto
936 468 1045 525 Jacobs
1066 465 1184 542 majore.

328 625 480 681 seditionem
497 629 521 680 ln
541 625 639 695 populo
656 628 780 681 excitarit
797 633 824 681 et
841 627 920 680 misso
940 625 1000 678 tune
1017 625 1043 677 ln
1061 621 1131 677 collo
1146 619 1261 692 apostoli
1272 621 1359 692 ipsun

328 724 363 778 sd
386 721 511 779 Herodem
535 725 678 794 Agrippum
704 724 798 779 adduci
821 723 897 790 lectt,
925 739 1034 795 eumque
1059 724 1138 794 jussu
1165 721 1222 792 ojus
1254 718 1288 773 etl
1311 719 1357 773 de·

330 823 476 879 collnndum
503 822 656 888 duceretur,
690 822 795 894 quidem
823 823 978 893 paraliticus
1007 824 1034 876 ιιι
1061 822 1104 876 ria
1124 825 1217 894 jacens
1242 818 1277 873 ad
1300 833 1360 874 eum
1434 857 1438 864 .

328 922 464 986 claruerit,
482 926 510 976 ut
528 921 579 976 sibi
598 924 736 978 sanitatem
755 920 895 978 conterret
931 921 977 975 Cui
996 919 1112 977 lncobus
1130 923 1181 975 ait:
1206 920 1232 974 ln
1256 921 1361 973 nomine

328 1018 392 1076 lesu
411 1019 523 1086 Christi,
549 1036 597 1091 pro
619 1021 693 1092 cujus
710 1019 860 1078 lldeduoor
876 1020 910 1075 nd
930 1019 1125 1086 decollandum,
1149 1035 1262 1090 exsurge
1279 1031 1361 1073 smnus

330 1125 357 1174 et
373 1117 483 1173 benedic
499 1127 642 1175 creatorem
659 1127 738 1176 tuum.
773 1119 807 1176 Et
822 1123 910 1176 statim
928 1127 1037 1174 eaustus
1055 1120 1170 1173 surrexit
1186 1125 1213 1174 et
1230 1116 1361 1172 deminum

329 1215 472 1273 benedicit.
506 1217 600 1273 Serlbs
618 1227 718 1287 autem,
737 1219 783 1290 qul
800 1217 885 1274 lucem
904 1221 930 1274 ln
948 1219 1017 1274 collo
1035 1234 1083 1274 suu
1103 1220 1209 1272 miserat
1226 1223 1251 1272 et
1267 1217 1358 1271 trabe-

329 1317 385 1382 bat,
403 1319 504 1373 nomine
522 1316 619 1383 doulos,
638 1316 687 1372 boc
706 1316 796 1374 uidens
813 1318 847 1373 ad
868 1319 950 1390 podes
969 1322 1027 1389 ejus
1045 1333 1075 1373 se
1091 1319 1204 1389 projecit
1222 1319 1360 1372 otrentum

330 1422 422 1486 petens
445 1433 474 1472 se
496 1415 665 1472 christianum
690 1417 748 1472 deri
771 1418 921 1488 postularit.
958 1416 1033 1480 Quod
1052 1417 1143 1472 rddere
1157 1415 1286 1471 Ablatbar
1303 1433 1362 1472 eum

326 1517 414 1584 ¹teneri
432 1515 494 1571 lecit
513 1516 616 1588 sibique
635 1516 714 1571 dixit:
730 1516 783 1571 nisi
802 1517 896 1570 nomini
916 1516 1012 1571 Christi
1031 1516 1207 1582 maledixeris,
1227 1518 1362 1587 cumipse

330 1613 431 1671 Jocobo
448 1594 631 1671 decollaberis.
667 1619 716 1673 (lul
733 1616 835 1673 lucios:
861 1615 1013 1672 maledictus
1038 1625 1065 1671 tu
1083 1629 1109 1670 eu
1124 1615 1254 1671 maledicti
1271 1631 1363 1686 omncs

331 1714 388 1768 dies
408 1717 462 1781 tui,
486 1730 579 1771 nomen
602 1723 687 1772 actoru
705 1712 802 1770 domini
821 1715 884 1772 lesu
906 1713 1003 1770 Christi
1021 1717 1056 1769 eit
1073 1713 1237 1770 benedicturus
1255 1715 1282 1768 in
1300 1729 1363 1770 sse·

329 1814 397 1870 cultu
433 1813 507 1870 'l'unc
528 1813 659 1870 Abiutlrar
680 1830 711 1870 os
735 1815 794 1886 ejus
818 1817 913 1888 pugnis
936 1814 1009 1869 caedi
1033 1815 1115 1885 jussit
1136 1821 1163 1868 et
1180 1815 1261 1868 misse
1279 1814 1312 1870 de
1330 1831 1362 1870 eu

330 1912 465 1984 logatione
483 1913 517 1968 ud
533 1912 660 1968 llerodenr
679 1915 836 1985 impetrarit,
854 1921 881 1969 ut
899 1929 955 1968 cum
966 1914 1068 1971 Jtcobo
1080 1913 1262 1968 decollaretur.
1299 1914 1368 1970 llum

331 2018 416 2068 eutem
446 2013 522 2068 ambo
553 2012 681 2068 decollari
705 2013 846 2080 deberent,
874 2013 991 2070 lacobus
1015 2028 1031 2068 a
1055 2011 1216 2083 spiculatore
1242 2013 1363 2086 {egenen

330 2125 416 2183 equae
433 2115 508 2183 petiit
527 2119 553 2170 et
577 2111 673 2167 ibidem
690 2112 790 2170 losinm
810 2112 1085 2184 primuliacensem,
1109 2118 1137 2167 et
1157 2113 1244 2166 statim
1268 2115 1364 2184 capitis

330 2210 529 2267 obtruncatione
547 2219 656 2282 uterque
673 2213 815 2267 martirium
831 2213 1026 2268 consummarit.
1059 2208 1211 2266 llecollutus
1225 2195 1364 2268 est'eutern

331 2309 426 2365 beatus
443 2309 563 2367 ¹lucobus
588 2309 645 2366 lllll
667 2311 717 2366 col.
741 2311 824 2382 April.
849 2313 875 2366 ln
893 2311 1090 2366 urrnuntiatione
1115 2309 1246 2366 doninica
1262 2318 1289 2366 et
1307 2311 1365 2368 l⁷lll

331 2409 380 2464 esi.
396 2411 509 2482 Augusti
526 2409 726 2482 compostellam
736 2412 879 2466 translatus
892 2417 934 2466 est
945 2417 971 2465 et
984 2409 1018 2466 lll
1031 2407 1081 2465 oei.
1099 2407 1218 2466 lacueril
1235 2412 1363 2482 sepultus,

331 2510 395 2580 quie
418 2508 552 2580 sepulchri
579 2513 636 2582 eJ'us
657 2509 759 2564 lubrice
778 2507 827 2564 luit
858 2509 891 2564 ab
908 2509 1030 2581 Augusto
1057 2525 1140 2580 usque
1164 2507 1198 2562 ud
1213 2510 1366 2566 ianuarium

335 2607 516 2679 ¹)prodeleta.
552 2609 650 2664 Statuit
675 2609 757 2681 igitur
779 2609 911 2674 ecclesie,
933 2617 961 2663 ut
978 2607 1071 2663 testum
1089 2609 1146 2679 ejus
1165 2607 1221 2663 lllll
1239 2608 1289 2665 cul.
1310 2610 1363 2665 Au-

330 2709 403 2780 gusti
421 2709 446 2762 ln
463 2715 582 2779 tempore
599 2708 701 2763 scillcet
719 2709 803 2780 megis
822 2723 938 2782 congruo
963 2707 1072 2764 deberet
1095 2687 1278 2764 universaliter
1295 2708 1366 2765 cele·

332 2805 413 2861 brari.
447 2806 584 2864 Decollato
602 2813 689 2862 eutem
706 2805 824 2872 lacobo,
850 2814 877 2862 ut
895 2809 933 2861 uit
949 2806 1083 2864 Jolrennes
1102 2807 1210 2874 Boletb,
1233 2811 1278 2880 qui
1299 2808 1367 2864 benc

331 2908 529 2962 translutlouem
553 2906 694 2979 diligenter
718 2909 885 2980 exsequitur,
906 2905 1030 2977 discipuli
1048 2909 1105 2979 ejus
1123 2923 1218 2978 corpus
1236 2917 1312 2963 nocte
1330 2909 1365 2962 ti-

332 3021 404 3062 more
429 3007 585 3063 ludaeorum
611 3009 744 3077 replentes
769 3008 828 3061 marl
855 3004 920 3060 lllud
953 3007 1131 3077 imposuerunt
1150 2985 1181 3062 'et
1206 3007 1365 3078 sepulturum

332 3103 437 3162 divinoe
456 3105 610 3177 prudentiae
629 3109 814 3192 committentes
833 3109 917 3161 nerim
938 3108 995 3160 sine
1014 3108 1141 3178 regimine
1160 3105 1368 3161 conscenderunt

333 3212 360 3261 et
382 3208 477 3279 angelo
500 3204 597 3261 domini
625 3205 691 3259 duce
713 3207 739 3259 in
765 3203 889 3260 Gulicleuu
913 3207 938 3260 ιιι
963 3183 1045 3278 reguo
1068 3199 1158 3278 Lupae
1176 3187 1366 3277 applicuerunt

332 3302 396 3359 Erat
413 3308 479 3360 enirn
498 3307 524 3358 in
543 3303 669 3375 lliepania
687 3305 779 3376 regina
796 3291 924 3375 q'uoedam
942 3305 982 3358 sic
999 3304 1070 3360 dicta
1086 3321 1104 3361 e
1121 3309 1224 3360 nomine
1236 3312 1262 3360 et
1274 3305 1367 3359 merito

333 3407 411 3478 citur.
447 3406 613 3476 Deponentes
637 3405 718 3476 igitur
739 3417 834 3474 corpus
859 3402 891 3457 de
910 3407 971 3458 nari
997 3419 1077 3475 super
1099 3404 1227 3476 quendem
1247 3417 1367 3476 msgnm

333 3504 447 3574 lapidem
465 3502 529 3558 illud
547 3483 738 3572 deposuerunt,
763 3506 807 3574 qui
825 3503 893 3573 lepis
912 3509 1017 3558 mou'ut
1036 3519 1097 3559 cera
1114 3505 1219 3573 corpori
1239 3503 1369 3558 haesitet

333 3605 360 3659 lu
377 3601 569 3675 sarcophagum
593 3605 697 3673 corpori
722 3617 752 3656 ee
770 3583 924 3658 nirebllitcr
941 3604 1082 3673 coaptarit.
1117 3601 1296 3676 ingredientes
1314 3603 1367 3673 igl-
1439 3667 1442 3674 ,

333 3707 378 3758 tur
394 3701 516 3773 discipuli
536 3701 568 3755 ed
586 3700 685 3770 Lupum
701 3700 837 3769 dixerunt,
859 3701 978 3758 dominus
1001 3702 1079 3758 lesus
1099 3702 1219 3759 Christus
1240 3701 1316 3754 mlttlt
1333 3700 1368 3754 ad

264 3843 269 3854 .
334 3807 361 3858 te
378 3816 475 3872 corpus
491 3801 612 3871 discipuli
632 3801 688 3866 sul,
712 3806 755 3866 ut,
781 3817 856 3872 quem
874 3800 981 3856 noluisti
1000 3805 1135 3873 suscipere
1156 3805 1255 3865 ritum,
1282 3801 1369 3853 susei-

335 3905 394 3973 piss
413 3901 569 3956 defunctum.
605 3897 638 3954 Et
655 3903 834 3956 currantcsei
852 3899 1019 3966 miraculum,
1045 3901 1159 3973 qualiter
1182 3901 1285 3955 seilicet
1311 3897 1375 3954 clne'

335 4002 462 4072 regimine
481 4000 542 4053 illuc
566 4001 696 4065 venisset,
719 3997 803 4054 locum
828 3999 862 4055 ud
886 4002 944 4070 ejus
970 3999 1130 4070 sepulturum
1155 4015 1296 4073 congraum
1322 4015 1370 4068 pe·

302 4159 304 4162 ,
335 4101 441 4155 tieruut.
476 4097 551 4162 Quod
569 4097 627 4153 dum
647 4101 742 4169 regins
766 4098 908 4164 audibunt,
933 4100 963 4153 ιι
983 4099 1047 4153 dicit
1070 4099 1139 4154 idem
1160 4098 1293 4155 lobunnes
1317 4096 1371 4152 Be-

336 4197 407 4267 lctb,
431 4214 477 4254 eos
497 4200 523 4252 ιιι
542 4197 604 4252 dolo
623 4196 657 4253 ad
675 4198 801 4269 quendam
819 4201 902 4254 ulrum
920 4197 1127 4254 crudelissimum
1146 4199 1202 4267 rel,
1228 4196 1370 4254 seeundum

390 4420 411 4468 l)
426 4383 568 4461 nocentiores
586 4415 735 4473 protelato
748 4417 832 4468 lomet.
