<?xml version="1.0" encoding="UTF-8"?>
<!DOCTYPE html PUBLIC "-//W3C//DTD XHTML 1.0 Transitional//EN"
    "http://www.w3.org/TR/xhtml1/DTD/xhtml1-transitional.dtd">
<html xmlns="http://www.w3.org/1999/xhtml" xml:lang="en" lang="en">
 <head>
  <title>
</title>
<meta http-equiv="Content-Type" content="text/html;charset=utf-8" />
  <meta name='ocr-system' content='tesseract 3.04.00' />
  <meta name='ocr-capabilities' content='ocr_page ocr_carea ocr_par ocr_line ocrx_word'/>
</head>
<body>
  <div class='ocr_page' id='page_1' title='image "./jacobiavoragine00jacogoog_0509.png"; bbox 0 0 2984 5302; ppageno 0'>
   <div class='ocr_carea' id='block_1_1' title="bbox 310 457 1205 540">
    <p class='ocr_par' dir='ltr' id='par_1_1' title="bbox 310 457 1205 540">
     <span class='ocr_line' id='line_1_1' title="bbox 310 457 1205 540; baseline -0.006 -19"><span class='ocrx_word' id='word_1_1' title='bbox 310 457 374 521; x_wconf 72' lang='grc'><strong>488</strong></span> <span class='ocrx_word' id='word_1_2' title='bbox 456 462 528 540; x_wconf 83' lang='lat' dir='ltr'><strong>Cap.</strong></span> <span class='ocrx_word' id='word_1_3' title='bbox 554 459 670 519; x_wconf 82' lang='lat' dir='ltr'><strong>cxvii.</strong></span> <span class='ocrx_word' id='word_1_4' title='bbox 712 459 758 520; x_wconf 89' lang='lat' dir='ltr'><strong>De</strong></span> <span class='ocrx_word' id='word_1_5' title='bbox 780 468 878 517; x_wconf 81' lang='lat' dir='ltr'><strong>taneto</strong></span> <span class='ocrx_word' id='word_1_6' title='bbox 898 459 1056 519; x_wconf 81' lang='lat' dir='ltr'><strong>Laurentio</strong></span> <span class='ocrx_word' id='word_1_7' title='bbox 1079 459 1205 520; x_wconf 85' lang='lat' dir='ltr'><strong>martire.</strong></span> 
     </span>
    </p>
   </div>
   <div class='ocr_carea' id='block_1_2' title="bbox 311 613 1355 1196">
    <p class='ocr_par' dir='ltr' id='par_1_2' title="bbox 311 613 1355 1196">
     <span class='ocr_line' id='line_1_2' title="bbox 311 613 1351 691; baseline -0.002 -19"><span class='ocrx_word' id='word_1_8' title='bbox 311 613 347 672; x_wconf 82' lang='lat' dir='ltr'><strong>ito</strong></span> <span class='ocrx_word' id='word_1_9' title='bbox 369 631 426 672; x_wconf 86' lang='lat' dir='ltr'><strong>uum</strong></span> <span class='ocrx_word' id='word_1_10' title='bbox 452 618 510 688; x_wconf 84' lang='lat' dir='ltr'><strong>ipse</strong></span> <span class='ocrx_word' id='word_1_11' title='bbox 534 619 618 690; x_wconf 84' lang='lat' dir='ltr'><strong>picem</strong></span> <span class='ocrx_word' id='word_1_12' title='bbox 642 632 724 690; x_wconf 79' lang='lat' dir='ltr'><strong>cuper</strong></span> <span class='ocrx_word' id='word_1_13' title='bbox 744 622 825 690; x_wconf 88' lang='lat' dir='ltr'><strong>caput</strong></span> <span class='ocrx_word' id='word_1_14' title='bbox 849 619 907 690; x_wconf 78' lang='lat' dir='ltr'><strong>eiua</strong></span> <span class='ocrx_word' id='word_1_15' title='bbox 926 618 1055 691; x_wconf 79' lang='lat' dir='ltr'><strong>iiquaaret</strong></span> <span class='ocrx_word' id='word_1_16' title='bbox 1072 623 1099 675; x_wconf 90' lang='lat' dir='ltr'><strong>ct</strong></span> <span class='ocrx_word' id='word_1_17' title='bbox 1116 619 1142 672; x_wconf 87' lang='lat' dir='ltr'><strong>in</strong></span> <span class='ocrx_word' id='word_1_18' title='bbox 1160 615 1272 689; x_wconf 82' lang='lat' dir='ltr'><strong>equuleo</strong></span> <span class='ocrx_word' id='word_1_19' title='bbox 1291 630 1351 671; x_wconf 84' lang='lat' dir='ltr'><strong>eua-</strong></span> 
     </span>
     <span class='ocr_line' id='line_1_3' title="bbox 313 715 1352 790; baseline 0 -18"><span class='ocrx_word' id='word_1_20' title='bbox 313 715 465 788; x_wconf 73' lang='lat' dir='ltr'><strong>peniteret,</strong></span> <span class='ocrx_word' id='word_1_21' title='bbox 483 715 547 773; x_wconf 90' lang='lat' dir='ltr'><strong>iecit</strong></span> <span class='ocrx_word' id='word_1_22' title='bbox 565 719 701 790; x_wconf 75' lang='lat' dir='ltr'><strong>cyriacum</strong></span> <span class='ocrx_word' id='word_1_23' title='bbox 720 733 776 773; x_wconf 85' lang='lat' dir='ltr'><strong>oum</strong></span> <span class='ocrx_word' id='word_1_24' title='bbox 794 718 916 775; x_wconf 74' lang='lat' dir='ltr'><strong>omuibus</strong></span> <span class='ocrx_word' id='word_1_25' title='bbox 933 720 1015 775; x_wconf 84' lang='lat' dir='ltr'><strong>cociie</strong></span> <span class='ocrx_word' id='word_1_26' title='bbox 1033 717 1169 775; x_wconf 86' lang='lat' dir='ltr'><strong>doooiiari.</strong></span> <span class='ocrx_word' id='word_1_27' title='bbox 1206 716 1352 787; x_wconf 74' lang='lat' dir='ltr'><strong>carponius</strong></span> 
     </span>
     <span class='ocr_line' id='line_1_4' title="bbox 313 815 1354 890; baseline 0.002 -20"><span class='ocrx_word' id='word_1_28' title='bbox 313 821 400 871; x_wconf 89' lang='lat' dir='ltr'><strong>autem</strong></span> <span class='ocrx_word' id='word_1_29' title='bbox 422 831 479 872; x_wconf 87' lang='lat' dir='ltr'><strong>cum</strong></span> <span class='ocrx_word' id='word_1_30' title='bbox 502 816 604 874; x_wconf 87' lang='lat' dir='ltr'><strong>domum</strong></span> <span class='ocrx_word' id='word_1_31' title='bbox 627 819 713 874; x_wconf 81' lang='lat' dir='ltr'><strong>annoti</strong></span> <span class='ocrx_word' id='word_1_32' title='bbox 740 817 844 890; x_wconf 79' lang='lat' dir='ltr'><strong>cyriaci</strong></span> <span class='ocrx_word' id='word_1_33' title='bbox 870 821 1039 890; x_wconf 69' lang='lat' dir='ltr'><strong>impetrasset</strong></span> <span class='ocrx_word' id='word_1_34' title='bbox 1069 815 1166 874; x_wconf 86' lang='lat' dir='ltr'><strong>etad</strong></span> <span class='ocrx_word' id='word_1_35' title='bbox 1194 817 1354 872; x_wconf 81' lang='lat' dir='ltr'><strong>derisionem</strong></span> 
     </span>
     <span class='ocr_line' id='line_1_5' title="bbox 314 897 1354 991; baseline 0.001 -21"><span class='ocrx_word' id='word_1_36' title='bbox 314 915 516 974; x_wconf 78' lang='lat' dir='ltr'><strong>christianorum</strong></span> <span class='ocrx_word' id='word_1_37' title='bbox 534 921 562 974; x_wconf 91' lang='lat' dir='ltr'><strong>iu</strong></span> <span class='ocrx_word' id='word_1_38' title='bbox 578 917 652 986; x_wconf 84' lang='lat' dir='ltr'><strong>ioco,</strong></span> <span class='ocrx_word' id='word_1_39' title='bbox 670 918 715 974; x_wconf 90' lang='lat' dir='ltr'><strong>ubi</strong></span> <span class='ocrx_word' id='word_1_40' title='bbox 735 916 860 991; x_wconf 75' lang='lat' dir='ltr'><strong>Cyriacus</strong></span> <span class='ocrx_word' id='word_1_41' title='bbox 879 897 1048 991; x_wconf 82' lang='lat' dir='ltr'><strong>baptizabat,</strong></span> <span class='ocrx_word' id='word_1_42' title='bbox 1071 934 1101 974; x_wconf 86' lang='lat' dir='ltr'><strong>ac</strong></span> <span class='ocrx_word' id='word_1_43' title='bbox 1125 918 1229 973; x_wconf 83' lang='lat' dir='ltr'><strong>iuraret</strong></span> <span class='ocrx_word' id='word_1_44' title='bbox 1246 916 1354 987; x_wconf 83' lang='lat' dir='ltr'><strong>epulas-</strong></span> 
     </span>
     <span class='ocr_line' id='line_1_6' title="bbox 316 1017 1355 1087; baseline 0 -17"><span class='ocrx_word' id='word_1_45' title='bbox 316 1031 369 1087; x_wconf 78' lang='lat' dir='ltr'><strong>que</strong></span> <span class='ocrx_word' id='word_1_46' title='bbox 386 1031 443 1072; x_wconf 85' lang='lat' dir='ltr'><strong>cum</strong></span> <span class='ocrx_word' id='word_1_47' title='bbox 460 1017 523 1074; x_wconf 81' lang='lat' dir='ltr'><strong>xix</strong></span> <span class='ocrx_word' id='word_1_48' title='bbox 541 1021 622 1074; x_wconf 80' lang='lat' dir='ltr'><strong>noctis</strong></span> <span class='ocrx_word' id='word_1_49' title='bbox 641 1017 804 1086; x_wconf 79' lang='lat' dir='ltr'><strong>celebraret,</strong></span> <span class='ocrx_word' id='word_1_50' title='bbox 832 1018 920 1074; x_wconf 77' lang='lat' dir='ltr'><strong>cubito</strong></span> <span class='ocrx_word' id='word_1_51' title='bbox 945 1033 1035 1076; x_wconf 80' lang='lat' dir='ltr'><strong>omnen</strong></span> <span class='ocrx_word' id='word_1_52' title='bbox 1056 1018 1152 1074; x_wconf 86' lang='lat' dir='ltr'><strong>mortui</strong></span> <span class='ocrx_word' id='word_1_53' title='bbox 1173 1023 1235 1072; x_wconf 83' lang='lat' dir='ltr'><strong>tunt</strong></span> <span class='ocrx_word' id='word_1_54' title='bbox 1258 1022 1286 1071; x_wconf 91' lang='lat' dir='ltr'><strong>ct</strong></span> <span class='ocrx_word' id='word_1_55' title='bbox 1307 1031 1355 1072; x_wconf 81' lang='lat' dir='ltr'><strong>cu-</strong></span> 
     </span>
     <span class='ocr_line' id='line_1_7' title="bbox 316 1115 1355 1196; baseline -0.001 -24"><span class='ocrx_word' id='word_1_56' title='bbox 316 1121 377 1173; x_wconf 87' lang='lat' dir='ltr'><strong>toue</strong></span> <span class='ocrx_word' id='word_1_57' title='bbox 394 1116 485 1174; x_wconf 85' lang='lat' dir='ltr'><strong>oiaueo</strong></span> <span class='ocrx_word' id='word_1_58' title='bbox 497 1115 594 1176; x_wconf 84' lang='lat' dir='ltr'><strong>balneo</strong></span> <span class='ocrx_word' id='word_1_59' title='bbox 608 1119 722 1196; x_wconf 66' lang='lat' dir='ltr'><strong>pontiden</strong></span> <span class='ocrx_word' id='word_1_60' title='bbox 741 1119 902 1176; x_wconf 84' lang='lat' dir='ltr'><strong>obristianor</strong></span> <span class='ocrx_word' id='word_1_61' title='bbox 920 1121 1011 1177; x_wconf 81' lang='lat' dir='ltr'><strong>timere</strong></span> <span class='ocrx_word' id='word_1_62' title='bbox 1032 1126 1059 1176; x_wconf 85' lang='lat' dir='ltr'><strong>ct</strong></span> <span class='ocrx_word' id='word_1_63' title='bbox 1070 1117 1189 1176; x_wconf 80' lang='lat' dir='ltr'><strong>uenerari</strong></span> <span class='ocrx_word' id='word_1_64' title='bbox 1201 1120 1355 1189; x_wconf 88' lang='lat' dir='ltr'><strong>ooepcruut.</strong></span> 
     </span>
    </p>
   </div>
   <div class='ocr_carea' id='block_1_3' title="bbox 738 1301 943 1312">
    <p class='ocr_par' dir='ltr' id='par_1_3' title="bbox 738 1301 943 1312">
     <span class='ocr_line' id='line_1_8' title="bbox 738 1301 943 1312; baseline 0 0"><span class='ocrx_word' id='word_1_65' title='bbox 738 1301 943 1312; x_wconf 57' lang='lat' dir='ltr'>u—-w-o-—n-</span> 
     </span>
    </p>
   </div>
   <div class='ocr_carea' id='block_1_4' title="bbox 423 1437 1255 1720">
    <p class='ocr_par' dir='ltr' id='par_1_4' title="bbox 423 1437 1255 1720">
     <span class='ocr_line' id='line_1_9' title="bbox 651 1437 1037 1642; baseline 0 -49"><span class='ocrx_word' id='word_1_66' title='bbox 651 1496 747 1593; x_wconf 82' lang='lat' dir='ltr'><strong>oar.</strong></span> <span class='ocrx_word' id='word_1_67' title='bbox 772 1493 899 1642; x_wconf 78' lang='lat' dir='ltr'><strong>niun</strong></span> <span class='ocrx_word' id='word_1_68' title='bbox 923 1437 1037 1594; x_wconf 77' lang='lat' dir='ltr'><strong>(nan</strong></span> 
     </span>
     <span class='ocr_line' id='line_1_10' title="bbox 423 1641 1255 1720; baseline -0.007 0"><span class='ocrx_word' id='word_1_69' title='bbox 423 1650 499 1720; x_wconf 79' lang='lat' dir='ltr'><strong>ne</strong></span> <span class='ocrx_word' id='word_1_70' title='bbox 526 1647 693 1720; x_wconf 74' lang='lat' dir='ltr'><strong>sancto</strong></span> <span class='ocrx_word' id='word_1_71' title='bbox 714 1647 980 1720; x_wconf 73' lang='lat' dir='ltr'><strong>maurentio</strong></span> <span class='ocrx_word' id='word_1_72' title='bbox 1012 1641 1255 1720; x_wconf 70' lang='lat' dir='ltr'><strong>&#39;immutire</strong></span> 
     </span>
    </p>
   </div>
   <div class='ocr_carea' id='block_1_5' title="bbox 321 1811 1419 4294">
    <p class='ocr_par' dir='ltr' id='par_1_5' title="bbox 321 1811 1372 3389">
     <span class='ocr_line' id='line_1_11' title="bbox 388 1811 1359 1889; baseline 0.001 -22"><span class='ocrx_word' id='word_1_73' title='bbox 388 1811 547 1870; x_wconf 79' lang='lat' dir='ltr'><strong>Laurentiue</strong></span> <span class='ocrx_word' id='word_1_74' title='bbox 564 1813 661 1872; x_wconf 83' lang='lat' dir='ltr'><strong>dicitur</strong></span> <span class='ocrx_word' id='word_1_75' title='bbox 678 1815 754 1887; x_wconf 81' lang='lat' dir='ltr'><strong>quani</strong></span> <span class='ocrx_word' id='word_1_76' title='bbox 772 1813 888 1871; x_wconf 80' lang='lat' dir='ltr'><strong>lauream</strong></span> <span class='ocrx_word' id='word_1_77' title='bbox 909 1822 1016 1882; x_wconf 83' lang='lat' dir='ltr'><strong>tenens,</strong></span> <span class='ocrx_word' id='word_1_78' title='bbox 1040 1829 1109 1889; x_wconf 82' lang='lat' dir='ltr'><strong>qnae</strong></span> <span class='ocrx_word' id='word_1_79' title='bbox 1134 1818 1177 1868; x_wconf 83' lang='lat' dir='ltr'><strong>est</strong></span> <span class='ocrx_word' id='word_1_80' title='bbox 1201 1823 1298 1868; x_wconf 83' lang='lat' dir='ltr'><strong>corona</strong></span> <span class='ocrx_word' id='word_1_81' title='bbox 1323 1811 1359 1868; x_wconf 89' lang='lat' dir='ltr'><strong>de</strong></span> 
     </span>
     <span class='ocr_line' id='line_1_12' title="bbox 321 1910 1362 1987; baseline 0.001 -20"><span class='ocrx_word' id='word_1_82' title='bbox 321 1911 398 1968; x_wconf 87' lang='lat' dir='ltr'><strong>iauro</strong></span> <span class='ocrx_word' id='word_1_83' title='bbox 415 1910 502 1980; x_wconf 82' lang='lat' dir='ltr'><strong>tacto,</strong></span> <span class='ocrx_word' id='word_1_84' title='bbox 527 1916 590 1986; x_wconf 86' lang='lat' dir='ltr'><strong>quia</strong></span> <span class='ocrx_word' id='word_1_85' title='bbox 613 1915 676 1969; x_wconf 89' lang='lat' dir='ltr'><strong>oiim</strong></span> <span class='ocrx_word' id='word_1_86' title='bbox 701 1913 735 1972; x_wconf 87' lang='lat' dir='ltr'><strong>do</strong></span> <span class='ocrx_word' id='word_1_87' title='bbox 757 1913 907 1987; x_wconf 77' lang='lat' dir='ltr'><strong>buiormodi</strong></span> <span class='ocrx_word' id='word_1_88' title='bbox 926 1916 1006 1970; x_wconf 80' lang='lat' dir='ltr'><strong>rnmia</strong></span> <span class='ocrx_word' id='word_1_89' title='bbox 1024 1915 1139 1970; x_wconf 77' lang='lat' dir='ltr'><strong>utonem</strong></span> <span class='ocrx_word' id='word_1_90' title='bbox 1156 1911 1362 1969; x_wconf 76' lang='lat' dir='ltr'><strong>coronabantur.</strong></span> 
     </span>
     <span class='ocr_line' id='line_1_13' title="bbox 321 2010 1362 2084; baseline 0.001 -17"><span class='ocrx_word' id='word_1_91' title='bbox 321 2010 392 2068; x_wconf 83' lang='lat' dir='ltr'><strong>iiaoe</strong></span> <span class='ocrx_word' id='word_1_92' title='bbox 409 2018 494 2069; x_wconf 85' lang='lat' dir='ltr'><strong>autem</strong></span> <span class='ocrx_word' id='word_1_93' title='bbox 513 2014 596 2070; x_wconf 83' lang='lat' dir='ltr'><strong>arbor</strong></span> <span class='ocrx_word' id='word_1_94' title='bbox 612 2021 654 2071; x_wconf 83' lang='lat' dir='ltr'><strong>eet</strong></span> <span class='ocrx_word' id='word_1_95' title='bbox 666 2016 795 2071; x_wconf 82' lang='lat' dir='ltr'><strong>victoriae</strong></span> <span class='ocrx_word' id='word_1_96' title='bbox 806 2017 949 2084; x_wconf 75' lang='lat' dir='ltr'><strong>ostensiva,</strong></span> <span class='ocrx_word' id='word_1_97' title='bbox 959 2016 1084 2074; x_wconf 82' lang='lat' dir='ltr'><strong>contiuua</strong></span> <span class='ocrx_word' id='word_1_98' title='bbox 1095 2011 1230 2070; x_wconf 76' lang='lat' dir='ltr'><strong>viriditate</strong></span> <span class='ocrx_word' id='word_1_99' title='bbox 1240 2026 1362 2080; x_wconf 78' lang='lat' dir='ltr'><strong>amoena,</strong></span> 
     </span>
     <span class='ocr_line' id='line_1_14' title="bbox 323 2110 1365 2187; baseline 0 -19"><span class='ocrx_word' id='word_1_100' title='bbox 323 2110 406 2168; x_wconf 88' lang='lat' dir='ltr'><strong>odore</strong></span> <span class='ocrx_word' id='word_1_101' title='bbox 424 2121 502 2186; x_wconf 82' lang='lat' dir='ltr'><strong>grata</strong></span> <span class='ocrx_word' id='word_1_102' title='bbox 519 2120 546 2170; x_wconf 92' lang='lat' dir='ltr'><strong>ct</strong></span> <span class='ocrx_word' id='word_1_103' title='bbox 563 2111 683 2170; x_wconf 74' lang='lat' dir='ltr'><strong>efficacia</strong></span> <span class='ocrx_word' id='word_1_104' title='bbox 700 2116 827 2171; x_wconf 75' lang='lat' dir='ltr'><strong>virtuosa.</strong></span> <span class='ocrx_word' id='word_1_105' title='bbox 861 2114 961 2172; x_wconf 81' lang='lat' dir='ltr'><strong>Beatus</strong></span> <span class='ocrx_word' id='word_1_106' title='bbox 984 2116 1068 2187; x_wconf 66' lang='lat' dir='ltr'><strong>im&#39;tur</strong></span> <span class='ocrx_word' id='word_1_107' title='bbox 1088 2111 1246 2169; x_wconf 79' lang='lat' dir='ltr'><strong>Laurentius</strong></span> <span class='ocrx_word' id='word_1_108' title='bbox 1265 2111 1365 2168; x_wconf 88' lang='lat' dir='ltr'><strong>dicitur</strong></span> 
     </span>
     <span class='ocr_line' id='line_1_15' title="bbox 323 2212 1365 2286; baseline 0.001 -19"><span class='ocrx_word' id='word_1_109' title='bbox 323 2213 445 2278; x_wconf 81' lang='lat' dir='ltr'><strong>alanno,</strong></span> <span class='ocrx_word' id='word_1_110' title='bbox 465 2215 527 2286; x_wconf 84' lang='lat' dir='ltr'><strong>quia</strong></span> <span class='ocrx_word' id='word_1_111' title='bbox 545 2216 680 2271; x_wconf 83' lang='lat' dir='ltr'><strong>uictoriam</strong></span> <span class='ocrx_word' id='word_1_112' title='bbox 701 2214 814 2270; x_wconf 73' lang='lat' dir='ltr'><strong>obtinuit</strong></span> <span class='ocrx_word' id='word_1_113' title='bbox 831 2217 859 2270; x_wconf 88' lang='lat' dir='ltr'><strong>in</strong></span> <span class='ocrx_word' id='word_1_114' title='bbox 875 2216 917 2271; x_wconf 82' lang='lat' dir='ltr'><strong>eui</strong></span> <span class='ocrx_word' id='word_1_115' title='bbox 936 2215 1075 2286; x_wconf 79' lang='lat' dir='ltr'><strong>paccione,</strong></span> <span class='ocrx_word' id='word_1_116' title='bbox 1098 2212 1219 2271; x_wconf 84' lang='lat' dir='ltr'><strong>undeet</strong></span> <span class='ocrx_word' id='word_1_117' title='bbox 1237 2213 1365 2269; x_wconf 70' lang='lat' dir='ltr'><strong>coniuent</strong></span> 
     </span>
     <span class='ocr_line' id='line_1_16' title="bbox 323 2311 1364 2390; baseline -0.001 -21"><span class='ocrx_word' id='word_1_118' title='bbox 323 2311 420 2369; x_wconf 84' lang='lat' dir='ltr'><strong>Deciua</strong></span> <span class='ocrx_word' id='word_1_119' title='bbox 437 2311 518 2368; x_wconf 81' lang='lat' dir='ltr'><strong>dixit:</strong></span> <span class='ocrx_word' id='word_1_120' title='bbox 541 2322 620 2386; x_wconf 87' lang='lat' dir='ltr'><strong>puto,</strong></span> <span class='ocrx_word' id='word_1_121' title='bbox 646 2317 785 2390; x_wconf 74' lang='lat' dir='ltr'><strong>quiajam</strong></span> <span class='ocrx_word' id='word_1_122' title='bbox 810 2315 870 2370; x_wconf 84' lang='lat' dir='ltr'><strong>uicti</strong></span> <span class='ocrx_word' id='word_1_123' title='bbox 895 2331 994 2373; x_wconf 83' lang='lat' dir='ltr'><strong>cunnus.</strong></span> <span class='ocrx_word' id='word_1_124' title='bbox 1027 2311 1193 2370; x_wconf 78' lang='lat' dir='ltr'><strong>viriditatem</strong></span> <span class='ocrx_word' id='word_1_125' title='bbox 1220 2312 1313 2369; x_wconf 88' lang='lat' dir='ltr'><strong>babuit</strong></span> <span class='ocrx_word' id='word_1_126' title='bbox 1337 2313 1364 2369; x_wconf 90' lang='lat' dir='ltr'><strong>in</strong></span> 
     </span>
     <span class='ocr_line' id='line_1_17' title="bbox 323 2410 1365 2486; baseline 0.002 -18"><span class='ocrx_word' id='word_1_127' title='bbox 323 2412 413 2468; x_wconf 79' lang='lat' dir='ltr'><strong>cordio</strong></span> <span class='ocrx_word' id='word_1_128' title='bbox 430 2412 557 2469; x_wconf 77' lang='lat' dir='ltr'><strong>munditia</strong></span> <span class='ocrx_word' id='word_1_129' title='bbox 573 2420 600 2470; x_wconf 91' lang='lat' dir='ltr'><strong>et</strong></span> <span class='ocrx_word' id='word_1_130' title='bbox 617 2416 749 2486; x_wconf 84' lang='lat' dir='ltr'><strong>puritate,</strong></span> <span class='ocrx_word' id='word_1_131' title='bbox 773 2414 885 2471; x_wconf 89' lang='lat' dir='ltr'><strong>undeet</strong></span> <span class='ocrx_word' id='word_1_132' title='bbox 904 2415 985 2470; x_wconf 84' lang='lat' dir='ltr'><strong>diuit:</strong></span> <span class='ocrx_word' id='word_1_133' title='bbox 1009 2429 1068 2470; x_wconf 87' lang='lat' dir='ltr'><strong>mea</strong></span> <span class='ocrx_word' id='word_1_134' title='bbox 1085 2430 1136 2469; x_wconf 83' lang='lat' dir='ltr'><strong>nou</strong></span> <span class='ocrx_word' id='word_1_135' title='bbox 1155 2410 1292 2468; x_wconf 78' lang='lat' dir='ltr'><strong>obscurum</strong></span> <span class='ocrx_word' id='word_1_136' title='bbox 1311 2428 1365 2470; x_wconf 89' lang='lat' dir='ltr'><strong>non</strong></span> 
     </span>
     <span class='ocr_line' id='line_1_18' title="bbox 325 2511 1367 2587; baseline 0.003 -20"><span class='ocrx_word' id='word_1_137' title='bbox 325 2511 408 2569; x_wconf 85' lang='lat' dir='ltr'><strong>babet</strong></span> <span class='ocrx_word' id='word_1_138' title='bbox 440 2519 490 2569; x_wconf 85' lang='lat' dir='ltr'><strong>ote.</strong></span> <span class='ocrx_word' id='word_1_139' title='bbox 532 2513 644 2569; x_wconf 84' lang='lat' dir='ltr'><strong>odorem</strong></span> <span class='ocrx_word' id='word_1_140' title='bbox 667 2513 761 2569; x_wconf 82' lang='lat' dir='ltr'><strong>babuit</strong></span> <span class='ocrx_word' id='word_1_141' title='bbox 786 2531 835 2587; x_wconf 88' lang='lat' dir='ltr'><strong>per</strong></span> <span class='ocrx_word' id='word_1_142' title='bbox 866 2517 1006 2572; x_wconf 84' lang='lat' dir='ltr'><strong>memoriae</strong></span> <span class='ocrx_word' id='word_1_143' title='bbox 1033 2515 1252 2587; x_wconf 73' lang='lat' dir='ltr'><strong>perpetuitatem,</strong></span> <span class='ocrx_word' id='word_1_144' title='bbox 1281 2513 1367 2570; x_wconf 82' lang='lat' dir='ltr'><strong>unde:</strong></span> 
     </span>
     <span class='ocr_line' id='line_1_19' title="bbox 326 2611 1366 2687; baseline 0.003 -20"><span class='ocrx_word' id='word_1_145' title='bbox 326 2612 468 2684; x_wconf 65' lang='lat' dir='ltr'><strong>dimersit,</strong></span> <span class='ocrx_word' id='word_1_146' title='bbox 492 2611 566 2668; x_wconf 73' lang='lat' dir='ltr'><strong>dedit</strong></span> <span class='ocrx_word' id='word_1_147' title='bbox 583 2613 743 2685; x_wconf 82' lang='lat' dir='ltr'><strong>pauperibue</strong></span> <span class='ocrx_word' id='word_1_148' title='bbox 762 2620 789 2670; x_wconf 86' lang='lat' dir='ltr'><strong>ct</strong></span> <span class='ocrx_word' id='word_1_149' title='bbox 807 2613 867 2670; x_wconf 87' lang='lat' dir='ltr'><strong>ideo</strong></span> <span class='ocrx_word' id='word_1_150' title='bbox 881 2616 988 2685; x_wconf 77' lang='lat' dir='ltr'><strong>iustitia</strong></span> <span class='ocrx_word' id='word_1_151' title='bbox 1007 2617 1065 2687; x_wconf 84' lang='lat' dir='ltr'><strong>cJue</strong></span> <span class='ocrx_word' id='word_1_152' title='bbox 1084 2619 1170 2669; x_wconf 85' lang='lat' dir='ltr'><strong>manet</strong></span> <span class='ocrx_word' id='word_1_153' title='bbox 1188 2614 1214 2668; x_wconf 89' lang='lat' dir='ltr'><strong>iu</strong></span> <span class='ocrx_word' id='word_1_154' title='bbox 1232 2611 1366 2670; x_wconf 77' lang='lat' dir='ltr'><strong>cucculum</strong></span> 
     </span>
     <span class='ocr_line' id='line_1_20' title="bbox 326 2711 1368 2786; baseline 0.003 -19"><span class='ocrx_word' id='word_1_155' title='bbox 326 2712 437 2768; x_wconf 82' lang='lat' dir='ltr'><strong>aeeouii.</strong></span> <span class='ocrx_word' id='word_1_156' title='bbox 472 2711 569 2769; x_wconf 80' lang='lat' dir='ltr'><strong>Beatos</strong></span> <span class='ocrx_word' id='word_1_157' title='bbox 593 2711 742 2770; x_wconf 77' lang='lat' dir='ltr'><strong>biaulmont</strong></span> <span class='ocrx_word' id='word_1_158' title='bbox 773 2714 904 2786; x_wconf 81' lang='lat' dir='ltr'><strong>quomodo</strong></span> <span class='ocrx_word' id='word_1_159' title='bbox 928 2731 980 2771; x_wconf 92' lang='lat' dir='ltr'><strong>uon</strong></span> <span class='ocrx_word' id='word_1_160' title='bbox 1005 2717 1030 2770; x_wconf 89' lang='lat' dir='ltr'><strong>iu</strong></span> <span class='ocrx_word' id='word_1_161' title='bbox 1056 2720 1190 2770; x_wconf 80' lang='lat' dir='ltr'><strong>aetornum</strong></span> <span class='ocrx_word' id='word_1_162' title='bbox 1216 2711 1368 2786; x_wconf 74' lang='lat' dir='ltr'><strong>huiusmodi</strong></span> 
     </span>
     <span class='ocr_line' id='line_1_21' title="bbox 327 2813 1369 2887; baseline 0.002 -19"><span class='ocrx_word' id='word_1_163' title='bbox 327 2819 416 2868; x_wconf 86' lang='lat' dir='ltr'><strong>manet</strong></span> <span class='ocrx_word' id='word_1_164' title='bbox 432 2813 555 2884; x_wconf 75' lang='lat' dir='ltr'><strong>iustitia,</strong></span> <span class='ocrx_word' id='word_1_165' title='bbox 580 2827 657 2886; x_wconf 86' lang='lat' dir='ltr'><strong>quam</strong></span> <span class='ocrx_word' id='word_1_166' title='bbox 682 2820 710 2870; x_wconf 84' lang='lat' dir='ltr'><strong>ot</strong></span> <span class='ocrx_word' id='word_1_167' title='bbox 737 2821 831 2871; x_wconf 81' lang='lat' dir='ltr'><strong>nancto</strong></span> <span class='ocrx_word' id='word_1_168' title='bbox 856 2814 996 2887; x_wconf 84' lang='lat' dir='ltr'><strong>conpleuit</strong></span> <span class='ocrx_word' id='word_1_169' title='bbox 1020 2829 1102 2887; x_wconf 89' lang='lat' dir='ltr'><strong>opere</strong></span> <span class='ocrx_word' id='word_1_170' title='bbox 1128 2819 1156 2871; x_wconf 90' lang='lat' dir='ltr'><strong>et</strong></span> <span class='ocrx_word' id='word_1_171' title='bbox 1170 2814 1369 2886; x_wconf 74' lang='lat' dir='ltr'><strong>gloriosissimo</strong></span> 
     </span>
     <span class='ocr_line' id='line_1_22' title="bbox 328 2910 1371 2986; baseline 0.002 -16"><span class='ocrx_word' id='word_1_172' title='bbox 328 2914 446 2970; x_wconf 82' lang='lat' dir='ltr'><strong>martirio</strong></span> <span class='ocrx_word' id='word_1_173' title='bbox 464 2915 637 2969; x_wconf 72' lang='lat' dir='ltr'><strong>consecrauit.</strong></span> <span class='ocrx_word' id='word_1_174' title='bbox 672 2910 823 2970; x_wconf 82' lang='lat' dir='ltr'><strong>Eibcacieun</strong></span> <span class='ocrx_word' id='word_1_175' title='bbox 841 2930 890 2986; x_wconf 89' lang='lat' dir='ltr'><strong>per</strong></span> <span class='ocrx_word' id='word_1_176' title='bbox 909 2917 1051 2970; x_wconf 81' lang='lat' dir='ltr'><strong>virtuosam</strong></span> <span class='ocrx_word' id='word_1_177' title='bbox 1071 2913 1303 2985; x_wconf 84' lang='lat' dir='ltr'><strong>praedicationem,</strong></span> <span class='ocrx_word' id='word_1_178' title='bbox 1321 2932 1371 2986; x_wconf 89' lang='lat' dir='ltr'><strong>pcr</strong></span> 
     </span>
     <span class='ocr_line' id='line_1_23' title="bbox 329 3009 1370 3088; baseline 0 -18"><span class='ocrx_word' id='word_1_179' title='bbox 329 3028 406 3088; x_wconf 82' lang='lat' dir='ltr'><strong>quam</strong></span> <span class='ocrx_word' id='word_1_180' title='bbox 432 3009 577 3080; x_wconf 73' lang='lat' dir='ltr'><strong>Lucilium,</strong></span> <span class='ocrx_word' id='word_1_181' title='bbox 610 3011 778 3085; x_wconf 76' lang='lat' dir='ltr'><strong>iipppoiitum</strong></span> <span class='ocrx_word' id='word_1_182' title='bbox 804 3021 831 3070; x_wconf 89' lang='lat' dir='ltr'><strong>ct</strong></span> <span class='ocrx_word' id='word_1_183' title='bbox 854 3013 995 3070; x_wconf 87' lang='lat' dir='ltr'><strong>Romanum</strong></span> <span class='ocrx_word' id='word_1_184' title='bbox 1016 3015 1173 3086; x_wconf 69' lang='lat' dir='ltr'><strong>*icouuicit</strong></span> <span class='ocrx_word' id='word_1_185' title='bbox 1214 3012 1370 3087; x_wconf 83' lang='lat' dir='ltr'><strong>iiujuamodi</strong></span> 
     </span>
     <span class='ocr_line' id='line_1_24' title="bbox 329 3100 1371 3187; baseline -0.002 -15"><span class='ocrx_word' id='word_1_186' title='bbox 329 3120 415 3172; x_wconf 81' lang='lat' dir='ltr'><strong>autem</strong></span> <span class='ocrx_word' id='word_1_187' title='bbox 435 3113 540 3170; x_wconf 81' lang='lat' dir='ltr'><strong>arboria</strong></span> <span class='ocrx_word' id='word_1_188' title='bbox 562 3112 755 3184; x_wconf 71' lang='lat' dir='ltr'><strong>emmerami,</strong></span> <span class='ocrx_word' id='word_1_189' title='bbox 782 3116 844 3187; x_wconf 82' lang='lat' dir='ltr'><strong>quia</strong></span> <span class='ocrx_word' id='word_1_190' title='bbox 868 3100 996 3171; x_wconf 87' lang='lat' dir='ltr'><strong>caiouium</strong></span> <span class='ocrx_word' id='word_1_191' title='bbox 1021 3114 1138 3187; x_wconf 78' lang='lat' dir='ltr'><strong>trangit,</strong></span> <span class='ocrx_word' id='word_1_192' title='bbox 1164 3114 1288 3169; x_wconf 75' lang='lat' dir='ltr'><strong>surditati</strong></span> <span class='ocrx_word' id='word_1_193' title='bbox 1305 3115 1371 3170; x_wconf 83' lang='lat' dir='ltr'><strong>sub-</strong></span> 
     </span>
     <span class='ocr_line' id='line_1_25' title="bbox 331 3213 1372 3288; baseline -0.001 -15"><span class='ocrx_word' id='word_1_194' title='bbox 331 3217 413 3284; x_wconf 81' lang='lat' dir='ltr'><strong>rcnit,</strong></span> <span class='ocrx_word' id='word_1_195' title='bbox 432 3214 528 3270; x_wconf 83' lang='lat' dir='ltr'><strong>iuimen</strong></span> <span class='ocrx_word' id='word_1_196' title='bbox 549 3229 599 3269; x_wconf 89' lang='lat' dir='ltr'><strong>uon</strong></span> <span class='ocrx_word' id='word_1_197' title='bbox 618 3215 718 3271; x_wconf 76' lang='lat' dir='ltr'><strong>uetuit</strong></span> <span class='ocrx_word' id='word_1_198' title='bbox 754 3215 801 3271; x_wconf 83' lang='lat' dir='ltr'><strong>Sin</strong></span> <span class='ocrx_word' id='word_1_199' title='bbox 814 3214 972 3271; x_wconf 84' lang='lat' dir='ltr'><strong>Laurentina</strong></span> <span class='ocrx_word' id='word_1_200' title='bbox 992 3213 1092 3287; x_wconf 82' lang='lat' dir='ltr'><strong>icaagit</strong></span> <span class='ocrx_word' id='word_1_201' title='bbox 1108 3229 1155 3270; x_wconf 84' lang='lat' dir='ltr'><strong>oor</strong></span> <span class='ocrx_word' id='word_1_202' title='bbox 1171 3213 1272 3282; x_wconf 85' lang='lat' dir='ltr'><strong>durum,</strong></span> <span class='ocrx_word' id='word_1_203' title='bbox 1290 3217 1372 3288; x_wconf 86' lang='lat' dir='ltr'><strong>spiri-</strong></span> 
     </span>
     <span class='ocr_line' id='line_1_26' title="bbox 330 3313 1372 3389; baseline 0 -16"><span class='ocrx_word' id='word_1_204' title='bbox 330 3317 428 3374; x_wconf 74' lang='lat' dir='ltr'><strong>tualem</strong></span> <span class='ocrx_word' id='word_1_205' title='bbox 441 3313 530 3372; x_wconf 89' lang='lat' dir='ltr'><strong>reddit</strong></span> <span class='ocrx_word' id='word_1_206' title='bbox 547 3313 673 3382; x_wconf 85' lang='lat' dir='ltr'><strong>auditum,</strong></span> <span class='ocrx_word' id='word_1_207' title='bbox 695 3317 813 3389; x_wconf 71' lang='lat' dir='ltr'><strong>protegit</strong></span> <span class='ocrx_word' id='word_1_208' title='bbox 831 3330 847 3370; x_wconf 90' lang='lat' dir='ltr'><strong>a</strong></span> <span class='ocrx_word' id='word_1_209' title='bbox 867 3314 973 3371; x_wconf 89' lang='lat' dir='ltr'><strong>iuiminc</strong></span> <span class='ocrx_word' id='word_1_210' title='bbox 993 3315 1172 3382; x_wconf 83' lang='lat' dir='ltr'><strong>³)tententiac</strong></span> <span class='ocrx_word' id='word_1_211' title='bbox 1189 3313 1372 3386; x_wconf 82' lang='lat' dir='ltr'><strong>reproborum.</strong></span> 
     </span>
    </p>

    <p class='ocr_par' dir='ltr' id='par_1_6' title="bbox 333 3413 1419 4294">
     <span class='ocr_line' id='line_1_27' title="bbox 399 3413 1419 3488; baseline 0.001 -16"><span class='ocrx_word' id='word_1_212' title='bbox 399 3416 558 3472; x_wconf 81' lang='lat' dir='ltr'><strong>Laurentiue</strong></span> <span class='ocrx_word' id='word_1_213' title='bbox 588 3417 681 3470; x_wconf 85' lang='lat' dir='ltr'><strong>mertir</strong></span> <span class='ocrx_word' id='word_1_214' title='bbox 708 3421 735 3476; x_wconf 86' lang='lat' dir='ltr'><strong>et</strong></span> <span class='ocrx_word' id='word_1_215' title='bbox 759 3416 841 3472; x_wconf 82' lang='lat' dir='ltr'><strong>ierita</strong></span> <span class='ocrx_word' id='word_1_216' title='bbox 869 3429 969 3488; x_wconf 81' lang='lat' dir='ltr'><strong>genere</strong></span> <span class='ocrx_word' id='word_1_217' title='bbox 992 3413 1125 3487; x_wconf 83' lang='lat' dir='ltr'><strong>iiiepanue</strong></span> <span class='ocrx_word' id='word_1_218' title='bbox 1153 3413 1272 3471; x_wconf 85' lang='lat' dir='ltr'><strong>abeato</strong></span> <span class='ocrx_word' id='word_1_219' title='bbox 1296 3416 1374 3473; x_wconf 81' lang='lat' dir='ltr'><strong>Sixto</strong></span> <span class='ocrx_word' id='word_1_220' title='bbox 1417 3445 1419 3449; x_wconf 94' lang='lat'>·</span> 
     </span>
     <span class='ocr_line' id='line_1_28' title="bbox 333 3513 1376 3588; baseline -0.001 -14"><span class='ocrx_word' id='word_1_221' title='bbox 333 3518 439 3575; x_wconf 80' lang='lat' dir='ltr'><strong>itonam</strong></span> <span class='ocrx_word' id='word_1_222' title='bbox 457 3514 585 3572; x_wconf 72' lang='lat' dir='ltr'><strong>deductus</strong></span> <span class='ocrx_word' id='word_1_223' title='bbox 607 3520 657 3572; x_wconf 82' lang='lat' dir='ltr'><strong>ent.</strong></span> <span class='ocrx_word' id='word_1_224' title='bbox 691 3513 756 3571; x_wconf 82' lang='lat' dir='ltr'><strong>iiam</strong></span> <span class='ocrx_word' id='word_1_225' title='bbox 783 3518 861 3572; x_wconf 82' lang='lat' dir='ltr'><strong>cicut-</strong></span> <span class='ocrx_word' id='word_1_226' title='bbox 875 3515 941 3571; x_wconf 83' lang='lat' dir='ltr'><strong>dicit</strong></span> <span class='ocrx_word' id='word_1_227' title='bbox 962 3517 1092 3588; x_wconf 75' lang='lat' dir='ltr'><strong>magister</strong></span> <span class='ocrx_word' id='word_1_228' title='bbox 1111 3513 1248 3573; x_wconf 71' lang='lat' dir='ltr'><strong>dobennet</strong></span> <span class='ocrx_word' id='word_1_229' title='bbox 1271 3515 1376 3586; x_wconf 80' lang='lat' dir='ltr'><strong>beictb,</strong></span> 
     </span>
     <span class='ocr_line' id='line_1_29' title="bbox 334 3614 1377 3689; baseline -0.001 -13"><span class='ocrx_word' id='word_1_230' title='bbox 334 3635 391 3676; x_wconf 79' lang='lat' dir='ltr'><strong>cun</strong></span> <span class='ocrx_word' id='word_1_231' title='bbox 408 3619 476 3673; x_wconf 86' lang='lat' dir='ltr'><strong>idem</strong></span> <span class='ocrx_word' id='word_1_232' title='bbox 500 3615 593 3671; x_wconf 81' lang='lat' dir='ltr'><strong>beatus</strong></span> <span class='ocrx_word' id='word_1_233' title='bbox 615 3614 705 3672; x_wconf 80' lang='lat' dir='ltr'><strong>Sixtut</strong></span> <span class='ocrx_word' id='word_1_234' title='bbox 723 3617 749 3670; x_wconf 89' lang='lat' dir='ltr'><strong>io</strong></span> <span class='ocrx_word' id='word_1_235' title='bbox 767 3614 918 3689; x_wconf 85' lang='lat' dir='ltr'><strong>iitepaniam</strong></span> <span class='ocrx_word' id='word_1_236' title='bbox 936 3616 1073 3689; x_wconf 83' lang='lat' dir='ltr'><strong>protectur</strong></span> <span class='ocrx_word' id='word_1_237' title='bbox 1088 3621 1170 3683; x_wconf 82' lang='lat' dir='ltr'><strong>cosei,</strong></span> <span class='ocrx_word' id='word_1_238' title='bbox 1188 3615 1377 3689; x_wconf 80' lang='lat' dir='ltr'><strong>ducejurenca</strong></span> 
     </span>
     <span class='ocr_line' id='line_1_30' title="bbox 335 3714 1376 3791; baseline 0.001 -17"><span class='ocrx_word' id='word_1_239' title='bbox 335 3719 431 3776; x_wconf 82' lang='lat' dir='ltr'><strong>ibidem</strong></span> <span class='ocrx_word' id='word_1_240' title='bbox 453 3719 598 3788; x_wconf 82' lang='lat' dir='ltr'><strong>reperient,</strong></span> <span class='ocrx_word' id='word_1_241' title='bbox 617 3717 723 3773; x_wconf 85' lang='lat' dir='ltr'><strong>aoiiiuet</strong></span> <span class='ocrx_word' id='word_1_242' title='bbox 739 3715 908 3774; x_wconf 83' lang='lat' dir='ltr'><strong>Laurentium</strong></span> <span class='ocrx_word' id='word_1_243' title='bbox 928 3721 954 3773; x_wconf 87' lang='lat' dir='ltr'><strong>et</strong></span> <span class='ocrx_word' id='word_1_244' title='bbox 973 3714 1136 3772; x_wconf 83' lang='lat' dir='ltr'><strong>vincentium</strong></span> <span class='ocrx_word' id='word_1_245' title='bbox 1156 3718 1214 3788; x_wconf 77' lang='lat' dir='ltr'><strong>ejus</strong></span> <span class='ocrx_word' id='word_1_246' title='bbox 1233 3725 1376 3791; x_wconf 80' lang='lat' dir='ltr'><strong>cognatum</strong></span> 
     </span>
     <span class='ocr_line' id='line_1_31' title="bbox 337 3816 1378 3890; baseline -0.001 -14"><span class='ocrx_word' id='word_1_247' title='bbox 337 3834 434 3877; x_wconf 84' lang='lat' dir='ltr'><strong>morum</strong></span> <span class='ocrx_word' id='word_1_248' title='bbox 451 3816 592 3873; x_wconf 82' lang='lat' dir='ltr'><strong>boncntctc</strong></span> <span class='ocrx_word' id='word_1_249' title='bbox 611 3817 772 3887; x_wconf 79' lang='lat' dir='ltr'><strong>compositor</strong></span> <span class='ocrx_word' id='word_1_250' title='bbox 799 3823 825 3872; x_wconf 88' lang='lat' dir='ltr'><strong>ct</strong></span> <span class='ocrx_word' id='word_1_251' title='bbox 848 3819 875 3872; x_wconf 90' lang='lat' dir='ltr'><strong>in</strong></span> <span class='ocrx_word' id='word_1_252' title='bbox 895 3819 964 3871; x_wconf 89' lang='lat' dir='ltr'><strong>omni</strong></span> <span class='ocrx_word' id='word_1_253' title='bbox 982 3819 1087 3872; x_wconf 87' lang='lat' dir='ltr'><strong>actione</strong></span> <span class='ocrx_word' id='word_1_254' title='bbox 1105 3816 1278 3888; x_wconf 74' lang='lat' dir='ltr'><strong>praeclaros.</strong></span> <span class='ocrx_word' id='word_1_255' title='bbox 1301 3820 1378 3890; x_wconf 83' lang='lat' dir='ltr'><strong>ipeoe</strong></span> 
     </span>
     <span class='ocr_line' id='line_1_32' title="bbox 338 3909 1379 3991; baseline 0.003 -15"><span class='ocrx_word' id='word_1_256' title='bbox 338 3935 425 3977; x_wconf 84' lang='lat' dir='ltr'><strong>tecum</strong></span> <span class='ocrx_word' id='word_1_257' title='bbox 449 3915 555 3975; x_wconf 77' lang='lat' dir='ltr'><strong>Romam</strong></span> <span class='ocrx_word' id='word_1_258' title='bbox 577 3915 703 3984; x_wconf 83' lang='lat' dir='ltr'><strong>abduxit,</strong></span> <span class='ocrx_word' id='word_1_259' title='bbox 722 3932 830 3991; x_wconf 85' lang='lat' dir='ltr'><strong>quorum</strong></span> <span class='ocrx_word' id='word_1_260' title='bbox 855 3915 938 3984; x_wconf 82' lang='lat' dir='ltr'><strong>aiter,</strong></span> <span class='ocrx_word' id='word_1_261' title='bbox 965 3917 1068 3973; x_wconf 86' lang='lat' dir='ltr'><strong>ociiicet</strong></span> <span class='ocrx_word' id='word_1_262' title='bbox 1085 3909 1264 3987; x_wconf 72' lang='lat' dir='ltr'><strong>Laurentiue,</strong></span> <span class='ocrx_word' id='word_1_263' title='bbox 1289 3935 1379 3979; x_wconf 78' lang='lat' dir='ltr'><strong>cecum</strong></span> 
     </span>
     <span class='ocr_line' id='line_1_33' title="bbox 338 4013 1381 4094; baseline 0 -16"><span class='ocrx_word' id='word_1_264' title='bbox 338 4021 436 4078; x_wconf 81' lang='lat' dir='ltr'><strong>bonnae</strong></span> <span class='ocrx_word' id='word_1_265' title='bbox 453 4020 565 4084; x_wconf 75' lang='lat' dir='ltr'><strong>maurit,</strong></span> <span class='ocrx_word' id='word_1_266' title='bbox 589 4013 744 4072; x_wconf 76' lang='lat' dir='ltr'><strong>Vincentius</strong></span> <span class='ocrx_word' id='word_1_267' title='bbox 764 4033 827 4073; x_wconf 81' lang='lat' dir='ltr'><strong>tero</strong></span> <span class='ocrx_word' id='word_1_268' title='bbox 845 4017 872 4073; x_wconf 93' lang='lat' dir='ltr'><strong>iu</strong></span> <span class='ocrx_word' id='word_1_269' title='bbox 890 4015 1042 4090; x_wconf 83' lang='lat' dir='ltr'><strong>iiiepaniam</strong></span> <span class='ocrx_word' id='word_1_270' title='bbox 1060 4016 1141 4074; x_wconf 85' lang='lat' dir='ltr'><strong>rediit</strong></span> <span class='ocrx_word' id='word_1_271' title='bbox 1160 4025 1186 4074; x_wconf 90' lang='lat' dir='ltr'><strong>ct</strong></span> <span class='ocrx_word' id='word_1_272' title='bbox 1203 4018 1239 4074; x_wconf 91' lang='lat' dir='ltr'><strong>ibi</strong></span> <span class='ocrx_word' id='word_1_273' title='bbox 1258 4019 1381 4094; x_wconf 80' lang='lat' dir='ltr'><strong>giorioso</strong></span> 
     </span>
     <span class='ocr_line' id='line_1_34' title="bbox 340 4116 1380 4192; baseline 0.004 -17"><span class='ocrx_word' id='word_1_274' title='bbox 340 4121 457 4175; x_wconf 84' lang='lat' dir='ltr'><strong>martirio</strong></span> <span class='ocrx_word' id='word_1_275' title='bbox 475 4121 554 4174; x_wconf 83' lang='lat' dir='ltr'><strong>uitam</strong></span> <span class='ocrx_word' id='word_1_276' title='bbox 572 4116 663 4174; x_wconf 81' lang='lat' dir='ltr'><strong>inivit.</strong></span> <span class='ocrx_word' id='word_1_277' title='bbox 699 4117 764 4174; x_wconf 85' lang='lat' dir='ltr'><strong>iiuio</strong></span> <span class='ocrx_word' id='word_1_278' title='bbox 781 4123 866 4174; x_wconf 83' lang='lat' dir='ltr'><strong>autem</strong></span> <span class='ocrx_word' id='word_1_279' title='bbox 881 4118 999 4191; x_wconf 87' lang='lat' dir='ltr'><strong>opinioni</strong></span> <span class='ocrx_word' id='word_1_280' title='bbox 1011 4119 1130 4192; x_wconf 82' lang='lat' dir='ltr'><strong>magintri</strong></span> <span class='ocrx_word' id='word_1_281' title='bbox 1141 4118 1271 4176; x_wconf 82' lang='lat' dir='ltr'><strong>dobaunic</strong></span> <span class='ocrx_word' id='word_1_282' title='bbox 1286 4120 1380 4178; x_wconf 84' lang='lat' dir='ltr'><strong>Bcietb</strong></span> 
     </span>
     <span class='ocr_line' id='line_1_35' title="bbox 342 4218 1383 4294; baseline 0.004 -19"><span class='ocrx_word' id='word_1_283' title='bbox 342 4226 472 4294; x_wconf 75' lang='lat' dir='ltr'><strong>repugnat</strong></span> <span class='ocrx_word' id='word_1_284' title='bbox 495 4225 598 4290; x_wconf 79' lang='lat' dir='ltr'><strong>tempor</strong></span> <span class='ocrx_word' id='word_1_285' title='bbox 623 4219 733 4275; x_wconf 84' lang='lat' dir='ltr'><strong>martirii</strong></span> <span class='ocrx_word' id='word_1_286' title='bbox 759 4219 910 4291; x_wconf 78' lang='lat' dir='ltr'><strong>utriusque,</strong></span> <span class='ocrx_word' id='word_1_287' title='bbox 939 4233 998 4274; x_wconf 86' lang='lat' dir='ltr'><strong>uem</strong></span> <span class='ocrx_word' id='word_1_288' title='bbox 1027 4218 1186 4275; x_wconf 81' lang='lat' dir='ltr'><strong>Laurentiue</strong></span> <span class='ocrx_word' id='word_1_289' title='bbox 1217 4219 1383 4292; x_wconf 74' lang='lat' dir='ltr'><strong>subitatio,</strong></span> 
     </span>
    </p>
   </div>
   <div class='ocr_carea' id='block_1_6' title="bbox 343 4365 1383 4486">
    <p class='ocr_par' dir='ltr' id='par_1_7' title="bbox 343 4365 1383 4486">
     <span class='ocr_line' id='line_1_36' title="bbox 392 4365 1383 4484; baseline 0.002 -70"><span class='ocrx_word' id='word_1_290' title='bbox 392 4370 414 4484; x_wconf 48' lang='lat' dir='ltr'><strong>{i</strong></span> <span class='ocrx_word' id='word_1_291' title='bbox 427 4373 475 4414; x_wconf 84' lang='lat' dir='ltr'><strong>tioc</strong></span> <span class='ocrx_word' id='word_1_292' title='bbox 490 4366 607 4425; x_wconf 81' lang='lat' dir='ltr'><strong>epitbetou</strong></span> <span class='ocrx_word' id='word_1_293' title='bbox 622 4367 687 4413; x_wconf 81' lang='lat' dir='ltr'><strong>dccet</strong></span> <span class='ocrx_word' id='word_1_294' title='bbox 699 4365 723 4412; x_wconf 83' lang='lat' dir='ltr'><strong>in</strong></span> <span class='ocrx_word' id='word_1_295' title='bbox 735 4381 780 4414; x_wconf 80' lang='lat' dir='ltr'><strong>rec.</strong></span> <span class='ocrx_word' id='word_1_296' title='bbox 792 4365 866 4415; x_wconf 75' lang='lat' dir='ltr'><strong>lubria</strong></span> <span class='ocrx_word' id='word_1_297' title='bbox 928 4370 951 4424; x_wconf 76' lang='lat'><strong>2)</strong></span> <span class='ocrx_word' id='word_1_298' title='bbox 964 4368 1021 4416; x_wconf 77' lang='grc' dir='ltr'><strong>ΛΙίἰι</strong></span> <span class='ocrx_word' id='word_1_299' title='bbox 1035 4367 1196 4417; x_wconf 84' lang='lat' dir='ltr'><strong>convertit.</strong></span> <span class='ocrx_word' id='word_1_300' title='bbox 1258 4371 1281 4426; x_wconf 74' lang='grc' dir='ltr'><strong>Ι)</strong></span> <span class='ocrx_word' id='word_1_301' title='bbox 1294 4370 1335 4418; x_wconf 71' lang='lat' dir='ltr'><strong>bd</strong></span> <span class='ocrx_word' id='word_1_302' title='bbox 1349 4376 1383 4417; x_wconf 85' lang='lat' dir='ltr'><strong>t’r.</strong></span> 
     </span>
     <span class='ocr_line' id='line_1_37' title="bbox 343 4438 477 4486; baseline -0.015 -1"><span class='ocrx_word' id='word_1_303' title='bbox 343 4439 388 4486; x_wconf 80' lang='lat' dir='ltr'><strong>eei</strong></span> <span class='ocrx_word' id='word_1_304' title='bbox 407 4438 477 4484; x_wconf 83' lang='lat' dir='ltr'><strong>icet.</strong></span> 
     </span>
    </p>
   </div>
   <div class='ocr_carea' id='block_1_7' title="bbox 0 0 1540 5302">
    <p class='ocr_par' dir='ltr' id='par_1_8' title="bbox 0 0 1540 5302">
     <span class='ocr_line' id='line_1_38' title="bbox 0 0 1540 5302; baseline 0 0"><span class='ocrx_word' id='word_1_305' title='bbox 0 0 1540 5302; x_wconf 95' lang='lat' dir='ltr'><strong> </strong></span> 
     </span>
    </p>
   </div>
  </div>
 </body>
</html>
