2902 5310
189 495 261 575 Cap.
287 490 417 556 civiti.
462 495 506 557 De
528 496 662 558 undecim
683 495 807 558 millibus
828 498 979 577 virgiuum.
1042 499 1101 564 itti

65 663 186 716 usaue.
221 655 305 714 llario
322 662 409 714 auteur
428 656 551 730 lupuuurl
569 654 697 720 aniliter.
720 657 768 714 rei
795 655 837 714 ico
856 656 890 712 ali
909 657 1103 730 amphitheatro

65 757 171 831 logicos
196 757 323 813 ostiarius
350 755 488 827 lupsouris
512 754 632 812 elicitur.
673 753 787 812 Mittitur
811 758 894 829 igitur
921 758 1041 830 quidam,
1075 765 1104 814 ut

65 859 191 931 uirgineos
211 861 371 926 corruurpot,
388 853 436 912 sei
454 869 472 910 s
488 852 566 910 icone
583 855 687 924 capitur
704 861 732 910 et
748 857 824 927 qussi
844 857 955 912 irruerat
972 863 1102 923 associa.

63 957 126 1031 quiri
146 955 180 1014 de
201 959 307 1028 captivo
327 953 384 1011 lori
398 953 509 1026 jubeat,
534 953 693 1028 scitantur.
730 953 804 1018 tinae
820 953 971 1027 prs‘eorpit,
994 971 1028 1013 ae
1044 973 1102 1014 euro

62 1055 195 1124 troierit,
219 1054 268 1112 setl
291 1053 326 1110 acl
348 1067 379 1108 so
403 1054 492 1109 reuire
515 1053 687 1125 permitteret.
723 1053 775 1120 Qui
798 1071 858 1110 ruox
884 1071 1029 1112 coarorsus
1053 1073 1104 1130 per

62 1157 152 1214 rrirrr
174 1156 290 1212 cucurrit
310 1159 337 1211 et
356 1153 465 1208 liariatu
489 1150 570 1208 lisam
593 1169 654 1208 osse
682 1152 797 1210 clumam
823 1158 919 1228 coepit
961 1154 1102 1212 liittuuiur

63 1257 145 1329 igitur
161 1259 316 1320 senatores,
342 1259 371 1308 ut
393 1252 496 1308 locucur
512 1253 633 1322 capiant,
659 1252 707 1314 setl
726 1269 816 1310 omues
834 1270 851 1310 a
867 1255 944 1312 leone
962 1257 1102 1326 capiuntur

62 1363 90 1410 et
106 1361 169 1410 saio
186 1353 268 1426 perles
287 1354 397 1424 uirginis
415 1358 547 1422 ponuntur
564 1357 591 1408 et
608 1352 642 1408 alr
654 1367 688 1408 cs
700 1360 896 1410 convertuntur.
931 1353 1008 1410 'lunc
1020 1369 1099 1426 prco-

62 1455 147 1512 ieolrtu
169 1454 306 1526 copiosum
330 1453 418 1524 lpum
437 1452 520 1522 jussit
543 1453 570 1506 ia
590 1451 698 1506 introitu
723 1451 808 1509 callae
826 1455 906 1520 mitti,
930 1460 959 1509 ut
982 1453 1025 1510 leo
1042 1470 1100 1510 cum

60 1552 141 1611 liaris
156 1553 333 1610 comburatur.
369 1550 444 1614 (lucil
462 1550 506 1608 leo
522 1550 693 1608 considerans
710 1553 796 1608 tiuruii
808 1557 833 1607 ei
845 1555 952 1626 ragiens
966 1568 983 1608 o
997 1555 1099 1628 rirgiuo
1180 1571 1183 1580 ·

58 1654 191 1710 iioeutisu
209 1654 322 1724 aceepit,
340 1657 367 1706 ut
384 1650 482 1708 nullum
501 1650 620 1718 laedens,
640 1665 692 1723 quo
710 1650 800 1718 uellet,
817 1651 912 1708 abiret.
948 1653 1010 1708 Gunr
1032 1670 1098 1728 ergo

59 1752 209 1823 praefectus
228 1751 352 1808 Grisaoto
370 1755 397 1806 et
416 1748 514 1806 llariae
531 1749 639 1806 diuersa
656 1765 797 1821 poenarum
817 1751 950 1824 supplicia
965 1755 1100 1826 irrogaret

58 1859 86 1908 et
103 1865 267 1923 naquaquam
286 1848 357 1905 laetli
377 1847 509 1917 vaierent,
534 1849 638 1906 taudem
664 1850 785 1905 inuiolati
801 1853 930 1923 conjuges
948 1855 974 1910 irr
993 1852 1097 1910 lorcam

58 1951 225 2022 tleporruoiur
253 1955 281 2008 ct
308 1955 381 2006 terra
405 1956 432 2005 et
455 1949 590 2022 iapiiiior
614 1948 702 2004 obruti
727 1947 833 2020 Christo
858 1953 979 2008 martires
1001 1967 1097 2016 conse-

58 2058 173 2117 crantur,
196 2052 346 2121 'itemporo
362 2048 424 2104 Cari
442 2047 623 2104 Narbonensis
643 2051 770 2121 episcopi,
791 2051 834 2121 qui
852 2052 941 2122 coepit
958 2066 1027 2106 aare
1048 2049 1098 2108 tlo-

16 2217 18 2220 .
57 2152 120 2206 ruini
138 2149 225 2206 ccxi.
256 2137 356 2206 'florum
376 2148 540 2205 sollemnitas
560 2145 602 2203 bic
619 2147 751 2206 celebrius
769 2148 906 2206 recolitur.

377 2634 472 2738 titi.
497 2635 635 2740 illllll.
659 2637 772 2740 (¹53)

139 2789 213 2860 no
239 2785 468 2859 unrloolm
494 2787 715 2860 millibus
737 2787 999 2879 virginum.

122 2959 155 3013 1.
173 2951 296 3010 urinis
313 2951 420 3010 ruilliotu
437 2955 568 3026 rirgtron
585 2955 676 3024 passio
694 2953 744 3010 hoc
761 2954 855 3010 orrliae
880 2953 1015 3012 celebrata
1036 2954 1095 3010 luit

55 3051 84 3108 lrr
97 3051 235 3108 Britannia
248 3067 360 3124 usuque
372 3068 419 3109 rex
431 3051 665 3108 christianissimus
679 3053 784 3125 quidam
803 3052 854 3109 iuli
872 3057 975 3112 nomine
992 3055 1097 3114 llotltus

56 3153 98 3210 rel
118 3153 243 3220 Maurus,
265 3152 460 3224 quiquoniam
481 3150 562 3208 illiers
578 3153 682 3208 romine
700 3150 822 3210 Ursulaur
841 3157 989 3225 peroravit.
1024 3153 1096 3212 llaec

56 3251 169 3308 uirulrill
187 3268 286 3308 uramur
305 3251 460 3317 ioosstrto,
486 3252 620 3322 tapisrrtlo
642 3258 669 3307 et
686 3249 881 3322 pulchritudino
898 3254 1034 3325 pollebat,
1058 3257 1097 3310 itu

55 3351 127 3424 quoti
148 3353 207 3423 ojus
225 3351 298 3407 lauru
313 3351 411 3423 ulique
437 3348 553 3408 reiciat
587 3348 645 3406 lieu
668 3355 755 3404 autom
780 3349 906 3423 Argilos,
933 3369 991 3409 ouur
1017 3355 1095 3410 airuls

55 3459 217 3523 praepotens
234 3457 307 3508 osset
324 3457 353 3507 et
368 3449 462 3505 uultus
480 3449 602 3504 notiores
620 3463 670 3505 suo
689 3443 799 3518 irnperio
817 3448 985 3523 subjugaret,
1002 3452 1096 3508 cutilia

54 3549 134 3621 liujus
159 3551 270 3623 virginis
297 3551 368 3606 istus
390 3548 497 3605 bouum
514 3562 546 3603 te
566 3563 615 3619 per
631 3548 719 3602 omnia
737 3545 886 3615 fatebatur,
911 3552 935 3606 sl
959 3550 1096 3622 praedicta

55 3653 133 3723 virgo
155 3664 205 3705 ruo
228 3650 365 3722 unigenito
389 3647 565 3718 copularetur.
599 3645 709 3704 iuvenis
735 3647 813 3702 otiaru
836 3645 870 3701 ari
888 3645 940 3702 lroo
957 3647 1094 3720 plurimun

54 3748 207 3806 aututini.
250 3747 359 3804 liitturrt
390 3747 472 3819 igitur
498 3746 631 3804 solemnes
654 3745 762 3802 ratior
787 3745 822 3802 atl
844 3751 945 3816 patrem
969 3749 1092 3820 virginio,

54 3847 397 3922 sosprisprootitsiorribus
421 3853 448 3902 ot
470 3845 609 3902 blanditiis
633 3859 744 3918 unguas
762 3843 920 3916 adjicientes
943 3847 1043 3914 uiuus,
1069 3851 1100 3926 ⁸¹.

54 3947 88 4004 srl
113 3947 244 4004 laurinum
267 3961 342 4004 suum
369 3948 442 4002 raoni
461 3951 634 4004 rorertsrtrr.
670 3942 727 4000 lieu
745 3951 833 4000 autera
850 3945 940 4015 coepit
955 3944 1095 4016 plurimum

53 4047 174 4111 anxiari,
197 4050 251 4100 iuot
273 4047 337 4118 quia
356 4044 454 4102 Christi
472 4043 523 4100 itio
541 4044 692 4117 insignitum
709 4043 805 4098 oultcri
829 4041 968 4114 ydolorum
984 4043 1093 4101 tradere

53 4146 188 4219 ludigarus
207 4143 330 4209 duceret,
356 4149 408 4199 tou
422 4145 493 4217 ,quia
510 4147 596 4215 ipusru
612 4142 762 4200 nuliatenus
778 4143 927 4200 assentire
945 4157 1088 4217 cognosce·

54 4250 109 4312 ret,
134 4251 187 4300 tour
211 4245 277 4316 quis
294 4245 368 4316 regis
385 4242 552 4300 ferocitatem
570 4241 708 4314 pirri-rur
727 4241 889 4299 lormidaret.
923 4239 986 4314 ipsa
1007 4247 1094 4314 auteur

49 4369 447 4392 *nn—n-——u--u--fl-Uffl

105 4456 127 4512 i)
140 4453 179 4500 sa
193 4459 227 4500 i'r.
240 4453 322 4499 verbus
335 4461 467 4510 isrupors
479 4474 505 4486 -·
519 4453 607 4500 ccxl.
620 4451 712 4497 omittit.
