2984 5302
328 495 392 562 558
537 496 610 578 Cap.
634 494 763 556 cxxiv.
806 495 851 553 Da
873 495 973 554 sancto
994 493 1164 572 Augustino.

328 657 371 711 sui
388 653 474 724 ilias,
498 669 566 730 quae
589 653 646 712 llso
669 657 771 728 puriter
790 652 957 721 serviebant,
982 668 1070 710 secum
1092 651 1216 708 babitare
1242 653 1375 724 permisit.

327 754 442 812 Dicebat
458 759 541 826 euim,
561 755 631 830 quod
642 797 650 824 ,
662 793 663 797 ,
674 751 725 813 elsi
743 755 777 812 de
794 770 888 810 sorore
906 759 933 810 et
950 753 1091 826 nepotibus
1108 753 1180 808 nulla
1200 751 1261 807 mali
1280 757 1378 824 posset

328 859 393 912 oriri
408 858 537 928 suspicio,
556 862 644 912 tamen
657 859 719 929 quia
734 855 804 911 tales
824 868 956 925 personae
978 856 1036 908 sine
1055 853 1117 909 aliia
1136 854 1190 908 sibi
1210 854 1376 909 necessariis

327 971 388 1011 esse
407 973 459 1011 non
477 959 587 1028 possent
604 964 630 1012 ιι
648 955 683 1011 ιιι
702 971 748 1012 eus
766 957 844 1011 etiam
863 955 910 1008 alii
927 953 1110 1021 adventarent,
1128 969 1161 1009 ex
1189 953 1243 1008 iilia
1261 960 1376 1024 possent

327 1053 484 1112 infirmiores
498 1062 544 1111 aul
561 1055 679 1112 humanis
697 1053 888 1111 tentationibus
906 1054 1063 1109 commorari
1082 1061 1128 1110 aut
1144 1060 1215 1109 certa
1226 1052 1305 1108 maiis
1323 1052 1374 1109 iro·

326 1157 422 1211 minum
447 1157 644 1228 suspicionibus
670 1155 801 1212 infamari.
836 1151 972 1226 Nunquam
999 1169 1055 1208 curu
1075 1153 1184 1210 muliere
1203 1152 1279 1209 solus
1300 1153 1374 1226 ioqui

326 1254 449 1325 solebat,
472 1258 526 1312 uisi
543 1263 671 1312 secretum
698 1254 807 1327 aliquod
828 1255 979 1310 interesset
1016 1252 1229 1326 Goneamguineis
1247 1256 1288 1310 alo
1304 1253 1375 1310 isene

328 1356 400 1423 lecit,
422 1371 475 1412 nun
499 1364 529 1412 ut
547 1356 655 1410 diuitiae
674 1355 817 1423 baberent,
836 1353 885 1409 sed
903 1361 932 1408 nt
949 1359 995 1408 aut
1013 1369 1065 1410 non
1085 1355 1233 1409 autminus
1251 1361 1373 1427 egerens.

326 1455 397 1513 Raro
423 1472 472 1528 pro
493 1456 583 1529 aliquo
606 1461 653 1511 aut
670 1454 767 1511 litteris
791 1460 837 1510 ιιιιι
854 1452 943 1510 uerbis
963 1452 1126 1509 intercedere
1145 1453 1268 1522 uolebat,
1293 1470 1373 1512 reco-

326 1557 384 1613 lens
403 1555 531 1629 quendam
549 1553 735 1629 philosophum
755 1553 977 1626 contemplatione
1000 1553 1086 1609 lamae
1108 1555 1200 1608 amicis
1219 1569 1270 1609 non
1290 1556 1373 1612 uultu

326 1659 512 1729 praestitisse,
530 1662 558 1712 et
575 1671 658 1727 saepe
676 1653 796 1709 dicabat:
814 1645 973 1726 plerumque
985 1660 1121 1726 potestas,
1138 1669 1207 1726 quae
1227 1657 1372 1727 ¹)petitur,

327 1759 432 1829 promit.
466 1759 529 1813 ilum
547 1761 634 1811 auten
653 1753 680 1810 ld
699 1753 830 1822 iaciebat,
848 1757 888 1810 sia
906 1753 999 1825 stylum
1018 1753 1198 1824 temperabat,
1225 1764 1254 1812 ut
1273 1772 1372 1814 oneru-

326 1873 373 1913 ιιι
404 1874 457 1912 uon
488 1863 576 1922 esset,
613 1854 663 1911 aed
694 1859 840 1910 mereretur
871 1854 1024 1911 urbanitate
1056 1854 1205 1910 dictaminis
1237 1857 1372 1916 exaudiri.

326 1955 441 2014 Volebat
469 1958 558 2029 potius
583 1957 654 2012 inter
675 1956 798 2028 ignotos,
823 1970 900 2028 quam
926 1956 995 2011 iuter
1018 1956 1118 2010 amicos
1146 1970 1242 2010 causas
1266 1957 1371 2026 audire,

326 2056 427 2124 dicens,
446 2059 509 2128 quia
528 2057 598 2111 inter
616 2056 677 2111 illos
696 2061 802 2128 poterat
818 2053 904 2112 libere
920 2058 1036 2127 iniquum
1056 2071 1229 2129 cognoscere,
1247 2061 1276 2112 et
1292 2046 1371 2113 unum

327 2174 360 2214 ιιι
383 2157 425 2212 hia
449 2158 560 2211 aruinum
583 2161 656 2211 esset
680 2154 815 2224 iacturas,
838 2169 963 2228 proquo
989 2157 1094 2213 scillcet
1107 2158 1215 2229 justitia
1237 2157 1372 2214 mediante

326 2258 484 2313 sententiam
510 2255 599 2322 daret,
625 2271 657 2312 ex
675 2257 766 2310 amicis
790 2271 853 2310 vero
878 2261 951 2312 esset
974 2271 1051 2311 nuum
1074 2257 1241 2329 perditurus,
1266 2257 1373 2314 seilicet

326 2361 420 2410 contra
443 2371 518 2428 quem
540 2354 674 2426 proterret
697 2357 864 2412 senteutiam.
899 2357 922 2412 A
949 2356 1039 2411 multis
1064 2356 1185 2414 ecclesiia
1208 2358 1374 2414 invitabatur

326 2462 354 2512 ιι
371 2457 410 2511 ιιι
427 2455 535 2510 uerbum
552 2455 651 2510 domini
669 2455 844 2528 praedicabat
863 2462 890 2513 et
908 2455 1003 2512 unitos
1021 2455 1055 2511 ab
1075 2472 1167 2515 errore
1187 2459 1370 2517 convertebat

325 2554 477 2629 Aliquando
501 2569 519 2609 ιι
544 2557 684 2626 proposito
702 2556 895 2629 digressionem
917 2556 1007 2613 iacere
1025 2564 1198 2615 oonsuaverat
1214 2561 1243 2615 ιιι
1258 2561 1369 2632 praedi-

325 2659 430 2712 cations
453 2662 565 2711 ottone
589 2655 711 2723 dicebat,
733 2655 816 2712 lirun
840 2655 892 2710 boo
915 2655 950 2710 ad
972 2653 1119 2726 prulsoiun
1142 2658 1236 2724 salutis
1254 2661 1370 2734 alieuius

326 2757 476 2824 ordinasse,
495 2757 564 2810 siout
583 2757 609 2810 ln
628 2755 743 2828 quodam
762 2753 1005 2822 ²)blaniobaeorun
1023 2759 1192 2830 negotiatura
1208 2763 1305 2832 psluit,
1322 2765 1370 2836 qui

325 2861 352 2912 ιιι
371 2857 570 2930 praedicatione
589 2855 703 2928 quadam
721 2855 880 2928 Augustini,
904 2852 949 2909 ubi
972 2858 1030 2926 ipre
1055 2856 1247 2930 digreraioneu
1264 2863 1370 2922 iaoieus

324 2964 418 3014 contra
441 2957 510 3012 ιιιιιιι
532 2972 648 3013 errorem
668 2955 886 3028 praedicaverat,
913 2971 1059 3016 oonrersus
1081 2957 1141 3014 tuit
1176 2957 1215 3016 lio
1237 2967 1369 3036 tenpore,

325 3058 386 3114 dum
413 3054 493 3113 Gotbl
518 3055 627 3112 Romam
650 3058 801 3127 cepissent,
826 3054 993 3128 ydololatras
1022 3063 1049 3113 ιι
1071 3055 1193 3115 ιιιιιιιιιι
1213 3061 1369 3122 christianis

324 3157 464 3230 plurimum
482 3157 659 3224 insultabunt,
686 3162 796 3227 propter
817 3155 898 3234 spuod¹
912 3155 1077 3230 Augustinus
1094 3155 1189 3215 librum
1208 3159 1241 3218 ds
1259 3165 1369 3224 ciuitate

324 3258 375 3315 llel
397 3259 558 3328 oomposuit,
583 3257 610 3310 in
632 3271 685 3328 quo
703 3255 793 3327 Justoa
817 3257 845 3310 ln
868 3254 919 3312 lrac
942 3259 996 3312 rita
1020 3256 1118 3315 debere
1141 3263 1239 3331 premi,
1272 3265 1369 3335 inpios

325 3363 411 3413 auten
431 3356 527 3411 florere
545 3353 675 3422 ostendit,
695 3352 743 3409 ubi
765 3354 798 3410 de
824 3353 924 3426 duplici
950 3357 1073 3425 ιιιιιιιιι,
1097 3338 1366 3420 scillcetdsruanleru

325 3462 352 3512 et
369 3453 504 3526 babylone
524 3459 552 3509 et
569 3439 657 3510 earum
677 3453 785 3528 regibus
808 3457 881 3527 ugit,
907 3458 970 3527 quia
991 3473 1038 3512 rer
1061 3456 1208 3514 Jerusalem
1234 3460 1367 3532 Gbrisius,

324 3572 372 3612 res
389 3553 534 3627 babylonis
551 3552 689 3624 dyabolus.
726 3551 796 3618 Ques
815 3554 881 3610 duas
898 3557 1038 3624 civitates,
1062 3561 1090 3613 ut
1107 3558 1203 3615 ibidem
1220 3559 1295 3629 dicit,
1313 3563 1367 3620 duo

324 3669 428 3712 amores
446 3653 499 3708 sibi
520 3652 669 3722 lubricant,
695 3657 759 3727 quia
782 3657 914 3711 civitatem
940 3654 1048 3728 dpaboli
1066 3663 1213 3716 construxit
1232 3666 1367 3720 amorrui

273 3735 274 3738 Ἴ
325 3769 448 3812 menceus
466 3769 550 3826 usque
568 3753 603 3808 ad
621 3761 778 3811 contemtum
792 3753 850 3820 Del,
871 3758 1003 3813 civitaten
1020 3756 1069 3813 Ilei
1089 3773 1163 3814 arnor
1178 3758 1225 3817 llel
1241 3777 1366 3820 crercerm

324 3853 461 3927 usquead
481 3860 637 3910 contemtum
657 3858 707 3910 aui.
741 3852 771 3910 ln
789 3853 883 3912 diebus
905 3863 991 3913 autem
1010 3859 1085 3928 ejus,
1108 3872 1178 3915 anno
1196 3862 1299 3919 scilicet
1316 3862 1366 3918 do·

324 3955 388 4009 mini
417 3951 560 4009 CCCCXL.
592 3952 717 4010 wandali
744 3960 825 4010 totam
849 3955 957 4012 Airieue
984 3959 1145 4028 prouinciam
1170 3970 1367 4032 occupauerunt

325 4059 461 4109 resumes
479 4056 568 4110 omnia
583 4067 633 4109 nro
650 4060 791 4125 paroentes
808 4057 899 4124 sexui,
924 4055 1011 4112 ordinl
1034 4057 1077 4113 ιιι
1100 4060 1191 4114 aetati.
1226 4060 1291 4118 Puri
1313 4061 1367 4120 bos

324 4160 412 4209 auteur
437 4151 471 4207 ad
493 4150 704 4223 llppponenaisur
727 4155 859 4210 ciuitatem
878 4163 1057 4227 peruenerunt
1075 4163 1102 4213 et
1119 4159 1203 4230 ipsam
1221 4175 1298 4217 manu
1316 4177 1365 4218 ra-

323 4251 382 4307 iida
405 4250 576 4308 obsederunt.
617 4250 672 4306 Sub
697 4251 748 4308 lrao
770 4253 942 4311 tribulatione
968 4256 1133 4328 Augustinus
1156 4273 1222 4330 prae
1248 4266 1365 4318 caeteris

252 4357 253 4362 ’
325 4363 392 4406 suae
413 4349 558 4406 tenaculis
579 4351 770 4407 amarissimam
797 4360 824 4408 et
846 4352 986 4427 lugubrem
1010 4353 1085 4411 duxit
1108 4359 1188 4413 ritum
1207 4359 1366 4436 inerantque

324 4437 738 4454 m

375 4471 399 4521 l)
410 4467 458 4512 Alii
469 4467 557 4523 ιιιιιιιιι
571 4470 691 4525 petitur.
767 4472 791 4524 t)
804 4477 866 4517 llnmo
878 4485 958 4518 vocem
972 4479 1060 4519 lunluru
1073 4473 1114 4524 ud.
1128 4480 1162 4522 Pr.
1175 4473 1249 4526 ritem
