<?xml version="1.0" encoding="UTF-8"?>
<!DOCTYPE html PUBLIC "-//W3C//DTD XHTML 1.0 Transitional//EN"
    "http://www.w3.org/TR/xhtml1/DTD/xhtml1-transitional.dtd">
<html xmlns="http://www.w3.org/1999/xhtml" xml:lang="en" lang="en">
 <head>
  <title>
</title>
<meta http-equiv="Content-Type" content="text/html;charset=utf-8" />
  <meta name='ocr-system' content='tesseract 3.04.00' />
  <meta name='ocr-capabilities' content='ocr_page ocr_carea ocr_par ocr_line ocrx_word'/>
</head>
<body>
  <div class='ocr_page' id='page_1' title='image "./jacobiavoragine00jacogoog_0275.png"; bbox 0 0 2842 5286; ppageno 0'>
   <div class='ocr_carea' id='block_1_1' title="bbox 344 489 1146 573">
    <p class='ocr_par' dir='ltr' id='par_1_1' title="bbox 344 489 1146 573">
     <span class='ocr_line' id='line_1_1' title="bbox 344 489 1146 573; baseline 0 -21"><span class='ocrx_word' id='word_1_1' title='bbox 344 493 406 558; x_wconf 71' lang='grc'><strong>254</strong></span> <span class='ocrx_word' id='word_1_2' title='bbox 571 491 642 573; x_wconf 83' lang='lat' dir='ltr'><strong>Cep.</strong></span> <span class='ocrx_word' id='word_1_3' title='bbox 665 489 756 552; x_wconf 83' lang='lat' dir='ltr'><strong>Lvit.</strong></span> <span class='ocrx_word' id='word_1_4' title='bbox 800 493 843 551; x_wconf 88' lang='lat' dir='ltr'><strong>De</strong></span> <span class='ocrx_word' id='word_1_5' title='bbox 864 505 963 552; x_wconf 84' lang='lat' dir='ltr'><strong>saneto</strong></span> <span class='ocrx_word' id='word_1_6' title='bbox 987 493 1146 556; x_wconf 78' lang='lat' dir='ltr'><strong>Ambrosio.</strong></span> 
     </span>
    </p>
   </div>
   <div class='ocr_carea' id='block_1_2' title="bbox 343 637 1419 736">
    <p class='ocr_par' dir='ltr' id='par_1_2' title="bbox 343 615 1419 736">
     <span class='ocr_line' id='line_1_2' title="bbox 343 637 1419 736; baseline -0.004 -24"><span class='ocrx_word' id='word_1_7' title='bbox 343 646 659 718; x_wconf 64' lang='lat' dir='ltr'><strong>sacramentonum,</strong></span> <span class='ocrx_word' id='word_1_8' title='bbox 678 663 783 720; x_wconf 87' lang='lat' dir='ltr'><strong>semper</strong></span> <span class='ocrx_word' id='word_1_9' title='bbox 800 647 863 705; x_wconf 84' lang='lat' dir='ltr'><strong>lelln</strong></span> <span class='ocrx_word' id='word_1_10' title='bbox 882 649 985 705; x_wconf 79' lang='lat' dir='ltr'><strong>exstitit</strong></span> <span class='ocrx_word' id='word_1_11' title='bbox 1007 656 1033 704; x_wconf 93' lang='lat' dir='ltr'><strong>et</strong></span> <span class='ocrx_word' id='word_1_12' title='bbox 1049 649 1196 721; x_wconf 80' lang='lat' dir='ltr'><strong>gloriosus.</strong></span> <span class='ocrx_word' id='word_1_13' title='bbox 1233 643 1305 706; x_wconf 82' lang='lat' dir='ltr'><strong>Euee</strong></span> <span class='ocrx_word' id='word_1_14' title='bbox 1319 653 1377 708; x_wconf 76' lang='lat' dir='ltr'><strong>enin</strong></span> <span class='ocrx_word' id='word_1_15' title='bbox 1417 637 1419 736; x_wconf 62' lang='lat' dir='ltr'><strong>l</strong></span> 
     </span>
    </p>
   </div>
   <div class='ocr_carea' id='block_1_3' title="bbox 329 739 1419 4503">
    <p class='ocr_par' dir='ltr' id='par_1_3' title="bbox 329 739 1419 4503">
     <span class='ocr_line' id='line_1_3' title="bbox 343 739 1419 822; baseline -0.001 -13"><span class='ocrx_word' id='word_1_16' title='bbox 343 755 443 809; x_wconf 83' lang='lat' dir='ltr'><strong>diuitiis</strong></span> <span class='ocrx_word' id='word_1_17' title='bbox 454 749 561 806; x_wconf 86' lang='lat' dir='ltr'><strong>inlunitis</strong></span> <span class='ocrx_word' id='word_1_18' title='bbox 576 748 692 816; x_wconf 88' lang='lat' dir='ltr'><strong>abundo,</strong></span> <span class='ocrx_word' id='word_1_19' title='bbox 712 765 804 805; x_wconf 76' lang='lat' dir='ltr'><strong>servos</strong></span> <span class='ocrx_word' id='word_1_20' title='bbox 821 758 846 805; x_wconf 90' lang='lat' dir='ltr'><strong>et</strong></span> <span class='ocrx_word' id='word_1_21' title='bbox 859 749 970 804; x_wconf 83' lang='lat' dir='ltr'><strong>famulos</strong></span> <span class='ocrx_word' id='word_1_22' title='bbox 981 763 1056 822; x_wconf 83' lang='lat' dir='ltr'><strong>quem</strong></span> <span class='ocrx_word' id='word_1_23' title='bbox 1071 749 1163 820; x_wconf 86' lang='lat' dir='ltr'><strong>plures</strong></span> <span class='ocrx_word' id='word_1_24' title='bbox 1182 747 1274 806; x_wconf 74' lang='lat' dir='ltr'><strong>liabeo</strong></span> <span class='ocrx_word' id='word_1_25' title='bbox 1286 757 1312 807; x_wconf 88' lang='lat' dir='ltr'><strong>et</strong></span> <span class='ocrx_word' id='word_1_26' title='bbox 1327 767 1375 808; x_wconf 88' lang='lat' dir='ltr'><strong>en·</strong></span> <span class='ocrx_word' id='word_1_27' title='bbox 1418 739 1419 808; x_wconf 70' lang='lat' dir='ltr'><strong>l</strong></span> 
     </span>
     <span class='ocr_line' id='line_1_4' title="bbox 342 829 1419 924; baseline 0 -17"><span class='ocrx_word' id='word_1_28' title='bbox 342 857 386 908; x_wconf 85' lang='lat' dir='ltr'><strong>nie</strong></span> <span class='ocrx_word' id='word_1_29' title='bbox 404 866 508 922; x_wconf 84' lang='lat' dir='ltr'><strong>semper</strong></span> <span class='ocrx_word' id='word_1_30' title='bbox 526 847 561 904; x_wconf 90' lang='lat' dir='ltr'><strong>ad</strong></span> <span class='ocrx_word' id='word_1_31' title='bbox 579 856 641 904; x_wconf 83' lang='lat' dir='ltr'><strong>uota</strong></span> <span class='ocrx_word' id='word_1_32' title='bbox 657 848 737 903; x_wconf 84' lang='lat' dir='ltr'><strong>habui</strong></span> <span class='ocrx_word' id='word_1_33' title='bbox 760 865 936 922; x_wconf 83' lang='lat' dir='ltr'><strong>necunquam</strong></span> <span class='ocrx_word' id='word_1_34' title='bbox 957 847 1136 921; x_wconf 79' lang='lat' dir='ltr'><strong>mliialiquid</strong></span> <span class='ocrx_word' id='word_1_35' title='bbox 1155 849 1298 924; x_wconf 76' lang='lat' dir='ltr'><strong>adversum</strong></span> <span class='ocrx_word' id='word_1_36' title='bbox 1314 853 1375 907; x_wconf 81' lang='lat' dir='ltr'><strong>terl-</strong></span> <span class='ocrx_word' id='word_1_37' title='bbox 1417 829 1419 900; x_wconf 69' lang='lat' dir='ltr'><strong>l</strong></span> 
     </span>
     <span class='ocr_line' id='line_1_5' title="bbox 344 947 1419 1022; baseline 0.001 -16"><span class='ocrx_word' id='word_1_38' title='bbox 344 954 381 1006; x_wconf 88' lang='lat' dir='ltr'><strong>dit</strong></span> <span class='ocrx_word' id='word_1_39' title='bbox 401 951 451 1018; x_wconf 85' lang='lat' dir='ltr'><strong>rel,</strong></span> <span class='ocrx_word' id='word_1_40' title='bbox 470 949 541 1022; x_wconf 85' lang='lat' dir='ltr'><strong>quod</strong></span> <span class='ocrx_word' id='word_1_41' title='bbox 561 952 747 1016; x_wconf 83' lang='lat' dir='ltr'><strong>contristaret,</strong></span> <span class='ocrx_word' id='word_1_42' title='bbox 766 951 860 1004; x_wconf 86' lang='lat' dir='ltr'><strong>eremit.</strong></span> <span class='ocrx_word' id='word_1_43' title='bbox 897 949 972 1013; x_wconf 81' lang='lat' dir='ltr'><strong>Quod</strong></span> <span class='ocrx_word' id='word_1_44' title='bbox 990 947 1101 1004; x_wconf 83' lang='lat' dir='ltr'><strong>audiens</strong></span> <span class='ocrx_word' id='word_1_45' title='bbox 1118 948 1278 1016; x_wconf 78' lang='lat' dir='ltr'><strong>Ambrosius</strong></span> <span class='ocrx_word' id='word_1_46' title='bbox 1303 951 1372 1008; x_wconf 84' lang='lat' dir='ltr'><strong>relie-</strong></span> <span class='ocrx_word' id='word_1_47' title='bbox 1418 1013 1419 1016; x_wconf 8' lang='grc' dir='ltr'><strong>Ἴ</strong></span> 
     </span>
     <span class='ocr_line' id='line_1_6' title="bbox 342 1046 1419 1123; baseline 0.001 -17"><span class='ocrx_word' id='word_1_48' title='bbox 342 1059 442 1106; x_wconf 87' lang='lat' dir='ltr'><strong>menter</strong></span> <span class='ocrx_word' id='word_1_49' title='bbox 459 1050 597 1119; x_wconf 77' lang='lat' dir='ltr'><strong>obstupuit</strong></span> <span class='ocrx_word' id='word_1_50' title='bbox 615 1055 642 1104; x_wconf 90' lang='lat' dir='ltr'><strong>et</strong></span> <span class='ocrx_word' id='word_1_51' title='bbox 660 1049 709 1114; x_wconf 76' lang='lat' dir='ltr'><strong>iris,</strong></span> <span class='ocrx_word' id='word_1_52' title='bbox 730 1050 775 1121; x_wconf 83' lang='lat' dir='ltr'><strong>qui</strong></span> <span class='ocrx_word' id='word_1_53' title='bbox 792 1055 963 1104; x_wconf 87' lang='lat' dir='ltr'><strong>eranteeenm</strong></span> <span class='ocrx_word' id='word_1_54' title='bbox 981 1049 1009 1103; x_wconf 90' lang='lat' dir='ltr'><strong>in</strong></span> <span class='ocrx_word' id='word_1_55' title='bbox 1026 1049 1161 1114; x_wconf 77' lang='lat' dir='ltr'><strong>comitam,</strong></span> <span class='ocrx_word' id='word_1_56' title='bbox 1179 1046 1265 1104; x_wconf 83' lang='lat' dir='ltr'><strong>dixit:</strong></span> <span class='ocrx_word' id='word_1_57' title='bbox 1282 1053 1373 1123; x_wconf 74' lang='lat' dir='ltr'><strong>surgite</strong></span> <span class='ocrx_word' id='word_1_58' title='bbox 1418 1061 1419 1120; x_wconf 62' lang='grc' dir='ltr'>ζ</span> 
     </span>
     <span class='ocr_line' id='line_1_7' title="bbox 342 1147 1419 1222; baseline -0.006 -12"><span class='ocrx_word' id='word_1_59' title='bbox 342 1159 369 1210; x_wconf 88' lang='lat' dir='ltr'><strong>et</strong></span> <span class='ocrx_word' id='word_1_60' title='bbox 388 1152 446 1206; x_wconf 88' lang='lat' dir='ltr'><strong>hine</strong></span> <span class='ocrx_word' id='word_1_61' title='bbox 465 1153 619 1222; x_wconf 82' lang='lat' dir='ltr'><strong>quantocius</strong></span> <span class='ocrx_word' id='word_1_62' title='bbox 647 1149 795 1220; x_wconf 77' lang='lat' dir='ltr'><strong>fugiamus,</strong></span> <span class='ocrx_word' id='word_1_63' title='bbox 823 1149 886 1220; x_wconf 86' lang='lat' dir='ltr'><strong>quia</strong></span> <span class='ocrx_word' id='word_1_64' title='bbox 914 1147 1034 1202; x_wconf 88' lang='lat' dir='ltr'><strong>dominus</strong></span> <span class='ocrx_word' id='word_1_65' title='bbox 1060 1163 1112 1202; x_wconf 93' lang='lat' dir='ltr'><strong>non</strong></span> <span class='ocrx_word' id='word_1_66' title='bbox 1131 1155 1173 1204; x_wconf 84' lang='lat' dir='ltr'><strong>est</strong></span> <span class='ocrx_word' id='word_1_67' title='bbox 1192 1149 1220 1202; x_wconf 89' lang='lat' dir='ltr'><strong>ln</strong></span> <span class='ocrx_word' id='word_1_68' title='bbox 1242 1148 1302 1202; x_wconf 86' lang='lat' dir='ltr'><strong>loeo</strong></span> <span class='ocrx_word' id='word_1_69' title='bbox 1319 1149 1370 1204; x_wconf 82' lang='lat' dir='ltr'><strong>iate.</strong></span> <span class='ocrx_word' id='word_1_70' title='bbox 1418 1153 1419 1160; x_wconf 77' lang='grc'>’</span> 
     </span>
     <span class='ocr_line' id='line_1_8' title="bbox 342 1245 1371 1318; baseline -0.005 -11"><span class='ocrx_word' id='word_1_71' title='bbox 342 1251 491 1316; x_wconf 83' lang='lat' dir='ltr'><strong>Festinato,</strong></span> <span class='ocrx_word' id='word_1_72' title='bbox 510 1249 571 1310; x_wconf 84' lang='grc' dir='ltr'>ιιιι,</span> <span class='ocrx_word' id='word_1_73' title='bbox 595 1249 719 1303; x_wconf 79' lang='lat' dir='ltr'><strong>destinate</strong></span> <span class='ocrx_word' id='word_1_74' title='bbox 738 1263 787 1303; x_wconf 88' lang='lat' dir='ltr'><strong>noe</strong></span> <span class='ocrx_word' id='word_1_75' title='bbox 805 1250 830 1303; x_wconf 93' lang='lat' dir='ltr'><strong>in</strong></span> <span class='ocrx_word' id='word_1_76' title='bbox 851 1245 977 1318; x_wconf 74' lang='lat' dir='ltr'><strong>fugiendo</strong></span> <span class='ocrx_word' id='word_1_77' title='bbox 996 1263 1094 1302; x_wconf 83' lang='lat' dir='ltr'><strong>moram</strong></span> <span class='ocrx_word' id='word_1_78' title='bbox 1112 1249 1202 1314; x_wconf 76' lang='lat' dir='ltr'><strong>tacite,</strong></span> <span class='ocrx_word' id='word_1_79' title='bbox 1221 1263 1256 1303; x_wconf 90' lang='lat' dir='ltr'><strong>ne</strong></span> <span class='ocrx_word' id='word_1_80' title='bbox 1273 1265 1321 1303; x_wconf 87' lang='lat' dir='ltr'><strong>nos</strong></span> <span class='ocrx_word' id='word_1_81' title='bbox 1337 1247 1371 1303; x_wconf 83' lang='lat' dir='ltr'><strong>trie</strong></span> 
     </span>
     <span class='ocr_line' id='line_1_9' title="bbox 341 1345 1369 1419; baseline -0.003 -13"><span class='ocrx_word' id='word_1_82' title='bbox 341 1350 430 1406; x_wconf 83' lang='lat' dir='ltr'><strong>diuina</strong></span> <span class='ocrx_word' id='word_1_83' title='bbox 450 1349 515 1404; x_wconf 90' lang='lat' dir='ltr'><strong>ultio</strong></span> <span class='ocrx_word' id='word_1_84' title='bbox 534 1345 717 1419; x_wconf 76' lang='lat' dir='ltr'><strong>apprehendat</strong></span> <span class='ocrx_word' id='word_1_85' title='bbox 734 1354 761 1402; x_wconf 91' lang='lat' dir='ltr'><strong>et</strong></span> <span class='ocrx_word' id='word_1_86' title='bbox 780 1349 805 1400; x_wconf 91' lang='lat' dir='ltr'><strong>in</strong></span> <span class='ocrx_word' id='word_1_87' title='bbox 824 1351 941 1418; x_wconf 84' lang='lat' dir='ltr'><strong>pereatis</strong></span> <span class='ocrx_word' id='word_1_88' title='bbox 960 1346 1063 1401; x_wconf 87' lang='lat' dir='ltr'><strong>illorum</strong></span> <span class='ocrx_word' id='word_1_89' title='bbox 1090 1349 1192 1418; x_wconf 83' lang='lat' dir='ltr'><strong>pariter</strong></span> <span class='ocrx_word' id='word_1_90' title='bbox 1215 1363 1266 1403; x_wconf 85' lang='lat' dir='ltr'><strong>nos</strong></span> <span class='ocrx_word' id='word_1_91' title='bbox 1295 1349 1369 1404; x_wconf 88' lang='lat' dir='ltr'><strong>inrel-</strong></span> 
     </span>
     <span class='ocr_line' id='line_1_10' title="bbox 341 1446 1370 1520; baseline 0.001 -17"><span class='ocrx_word' id='word_1_92' title='bbox 341 1459 392 1506; x_wconf 75' lang='grc' dir='ltr'>ναι.</span> <span class='ocrx_word' id='word_1_93' title='bbox 428 1449 490 1503; x_wconf 78' lang='lat' dir='ltr'><strong>Gom</strong></span> <span class='ocrx_word' id='word_1_94' title='bbox 510 1463 574 1520; x_wconf 80' lang='lat' dir='ltr'><strong>ergo</strong></span> <span class='ocrx_word' id='word_1_95' title='bbox 593 1447 716 1520; x_wconf 75' lang='lat' dir='ltr'><strong>lugerent</strong></span> <span class='ocrx_word' id='word_1_96' title='bbox 735 1454 762 1501; x_wconf 90' lang='lat' dir='ltr'><strong>et</strong></span> <span class='ocrx_word' id='word_1_97' title='bbox 780 1446 968 1518; x_wconf 84' lang='lat' dir='ltr'><strong>aliquantulum</strong></span> <span class='ocrx_word' id='word_1_98' title='bbox 987 1449 1201 1516; x_wconf 76' lang='lat' dir='ltr'><strong>processissent.</strong></span> <span class='ocrx_word' id='word_1_99' title='bbox 1234 1447 1322 1503; x_wconf 89' lang='lat' dir='ltr'><strong>subito</strong></span> <span class='ocrx_word' id='word_1_100' title='bbox 1344 1464 1370 1505; x_wconf 84' lang='lat' dir='ltr'><strong>se</strong></span> 
     </span>
     <span class='ocr_line' id='line_1_11' title="bbox 341 1545 1369 1618; baseline -0.002 -12"><span class='ocrx_word' id='word_1_101' title='bbox 341 1545 412 1606; x_wconf 79' lang='lat' dir='ltr'><strong>ter&#39;re</strong></span> <span class='ocrx_word' id='word_1_102' title='bbox 430 1550 534 1618; x_wconf 88' lang='lat' dir='ltr'><strong>aperuit</strong></span> <span class='ocrx_word' id='word_1_103' title='bbox 551 1553 578 1602; x_wconf 92' lang='lat' dir='ltr'><strong>et</strong></span> <span class='ocrx_word' id='word_1_104' title='bbox 595 1545 723 1600; x_wconf 84' lang='lat' dir='ltr'><strong>bominem</strong></span> <span class='ocrx_word' id='word_1_105' title='bbox 741 1545 812 1599; x_wconf 86' lang='lat' dir='ltr'><strong>illum</strong></span> <span class='ocrx_word' id='word_1_106' title='bbox 830 1561 887 1600; x_wconf 89' lang='lat' dir='ltr'><strong>enm</strong></span> <span class='ocrx_word' id='word_1_107' title='bbox 904 1549 1045 1612; x_wconf 87' lang='lat' dir='ltr'><strong>uniuersis,</strong></span> <span class='ocrx_word' id='word_1_108' title='bbox 1063 1549 1106 1618; x_wconf 84' lang='lat' dir='ltr'><strong>rpni</strong></span> <span class='ocrx_word' id='word_1_109' title='bbox 1125 1546 1158 1601; x_wconf 82' lang='lat' dir='ltr'><strong>ael</strong></span> <span class='ocrx_word' id='word_1_110' title='bbox 1172 1546 1244 1601; x_wconf 87' lang='lat' dir='ltr'><strong>illurn</strong></span> <span class='ocrx_word' id='word_1_111' title='bbox 1262 1552 1369 1618; x_wconf 86' lang='lat' dir='ltr'><strong>pertine·</strong></span> 
     </span>
     <span class='ocr_line' id='line_1_12' title="bbox 340 1645 1369 1718; baseline -0.003 -11"><span class='ocrx_word' id='word_1_112' title='bbox 340 1652 418 1716; x_wconf 85' lang='lat' dir='ltr'><strong>bant,</strong></span> <span class='ocrx_word' id='word_1_113' title='bbox 437 1654 474 1704; x_wconf 84' lang='lat' dir='ltr'><strong>ita</strong></span> <span class='ocrx_word' id='word_1_114' title='bbox 492 1646 639 1712; x_wconf 85' lang='lat' dir='ltr'><strong>absorbuit,</strong></span> <span class='ocrx_word' id='word_1_115' title='bbox 657 1651 685 1700; x_wconf 90' lang='lat' dir='ltr'><strong>ut</strong></span> <span class='ocrx_word' id='word_1_116' title='bbox 697 1646 794 1700; x_wconf 88' lang='lat' dir='ltr'><strong>nullum</strong></span> <span class='ocrx_word' id='word_1_117' title='bbox 813 1645 874 1701; x_wconf 86' lang='lat' dir='ltr'><strong>inde</strong></span> <span class='ocrx_word' id='word_1_118' title='bbox 886 1648 1025 1718; x_wconf 78' lang='lat' dir='ltr'><strong>uestigium</strong></span> <span class='ocrx_word' id='word_1_119' title='bbox 1038 1653 1193 1703; x_wconf 77' lang='lat' dir='ltr'><strong>remaneret.</strong></span> <span class='ocrx_word' id='word_1_120' title='bbox 1230 1647 1305 1711; x_wconf 79' lang='lat' dir='ltr'><strong>Quod</strong></span> <span class='ocrx_word' id='word_1_121' title='bbox 1318 1665 1369 1706; x_wconf 87' lang='lat' dir='ltr'><strong>eer-</strong></span> 
     </span>
     <span class='ocr_line' id='line_1_13' title="bbox 339 1745 1369 1818; baseline -0.002 -12"><span class='ocrx_word' id='word_1_122' title='bbox 339 1767 405 1807; x_wconf 85' lang='lat' dir='ltr'><strong>nens</strong></span> <span class='ocrx_word' id='word_1_123' title='bbox 428 1748 583 1806; x_wconf 74' lang='lat' dir='ltr'><strong>Ambrosius</strong></span> <span class='ocrx_word' id='word_1_124' title='bbox 608 1746 687 1801; x_wconf 82' lang='lat' dir='ltr'><strong>dixit:</strong></span> <span class='ocrx_word' id='word_1_125' title='bbox 725 1761 788 1802; x_wconf 88' lang='lat' dir='ltr'><strong>eoee</strong></span> <span class='ocrx_word' id='word_1_126' title='bbox 815 1745 931 1812; x_wconf 85' lang='lat' dir='ltr'><strong>iratres,</strong></span> <span class='ocrx_word' id='word_1_127' title='bbox 968 1763 1043 1818; x_wconf 80' lang='lat' dir='ltr'><strong>quarn</strong></span> <span class='ocrx_word' id='word_1_128' title='bbox 1073 1747 1283 1804; x_wconf 72' lang='lat' dir='ltr'><strong>misericorditer</strong></span> <span class='ocrx_word' id='word_1_129' title='bbox 1306 1749 1369 1804; x_wconf 81' lang='lat' dir='ltr'><strong>llere</strong></span> 
     </span>
     <span class='ocr_line' id='line_1_14' title="bbox 337 1846 1370 1922; baseline -0.002 -16"><span class='ocrx_word' id='word_1_130' title='bbox 337 1853 432 1922; x_wconf 76' lang='lat' dir='ltr'><strong>perdit,</strong></span> <span class='ocrx_word' id='word_1_131' title='bbox 451 1847 560 1904; x_wconf 82' lang='lat' dir='ltr'><strong>suminio</strong></span> <span class='ocrx_word' id='word_1_132' title='bbox 579 1846 692 1902; x_wconf 83' lang='lat' dir='ltr'><strong>adversa</strong></span> <span class='ocrx_word' id='word_1_133' title='bbox 710 1847 810 1913; x_wconf 86' lang='lat' dir='ltr'><strong>tribuit,</strong></span> <span class='ocrx_word' id='word_1_134' title='bbox 830 1853 856 1902; x_wconf 91' lang='lat' dir='ltr'><strong>et</strong></span> <span class='ocrx_word' id='word_1_135' title='bbox 873 1861 948 1918; x_wconf 85' lang='lat' dir='ltr'><strong>quam</strong></span> <span class='ocrx_word' id='word_1_136' title='bbox 967 1862 1060 1902; x_wconf 81' lang='lat' dir='ltr'><strong>seuere</strong></span> <span class='ocrx_word' id='word_1_137' title='bbox 1080 1849 1211 1908; x_wconf 80' lang='lat' dir='ltr'><strong>irascitur.</strong></span> <span class='ocrx_word' id='word_1_138' title='bbox 1233 1863 1291 1903; x_wconf 88' lang='lat' dir='ltr'><strong>euru</strong></span> <span class='ocrx_word' id='word_1_139' title='bbox 1306 1863 1370 1904; x_wconf 85' lang='lat' dir='ltr'><strong>sen·</strong></span> 
     </span>
     <span class='ocr_line' id='line_1_15' title="bbox 338 1945 1371 2022; baseline -0.002 -17"><span class='ocrx_word' id='word_1_140' title='bbox 338 1967 387 2022; x_wconf 87' lang='lat' dir='ltr'><strong>per</strong></span> <span class='ocrx_word' id='word_1_141' title='bbox 405 1963 534 2021; x_wconf 82' lang='lat' dir='ltr'><strong>prospera</strong></span> <span class='ocrx_word' id='word_1_142' title='bbox 552 1945 687 2018; x_wconf 80' lang='lat' dir='ltr'><strong>elargitur.</strong></span> <span class='ocrx_word' id='word_1_143' title='bbox 721 1945 750 2002; x_wconf 88' lang='lat' dir='ltr'><strong>lm</strong></span> <span class='ocrx_word' id='word_1_144' title='bbox 769 1945 860 2002; x_wconf 88' lang='lat' dir='ltr'><strong>eodem</strong></span> <span class='ocrx_word' id='word_1_145' title='bbox 880 1955 966 2001; x_wconf 85' lang='lat' dir='ltr'><strong>autem</strong></span> <span class='ocrx_word' id='word_1_146' title='bbox 983 1947 1043 2002; x_wconf 88' lang='lat' dir='ltr'><strong>loeo</strong></span> <span class='ocrx_word' id='word_1_147' title='bbox 1062 1948 1140 2003; x_wconf 84' lang='lat' dir='ltr'><strong>lorea</strong></span> <span class='ocrx_word' id='word_1_148' title='bbox 1156 1948 1289 2019; x_wconf 81' lang='lat' dir='ltr'><strong>quaedam</strong></span> <span class='ocrx_word' id='word_1_149' title='bbox 1313 1967 1371 2021; x_wconf 86' lang='lat' dir='ltr'><strong>pro·</strong></span> 
     </span>
     <span class='ocr_line' id='line_1_16' title="bbox 338 2044 1370 2121; baseline -0.001 -17"><span class='ocrx_word' id='word_1_150' title='bbox 338 2049 495 2104; x_wconf 78' lang='lat' dir='ltr'><strong>lentissima</strong></span> <span class='ocrx_word' id='word_1_151' title='bbox 514 2047 675 2102; x_wconf 78' lang='lat' dir='ltr'><strong>remansisse</strong></span> <span class='ocrx_word' id='word_1_152' title='bbox 698 2044 808 2110; x_wconf 82' lang='lat' dir='ltr'><strong>dieitur,</strong></span> <span class='ocrx_word' id='word_1_153' title='bbox 839 2061 908 2118; x_wconf 85' lang='lat' dir='ltr'><strong>quae</strong></span> <span class='ocrx_word' id='word_1_154' title='bbox 933 2061 1017 2118; x_wconf 83' lang='lat' dir='ltr'><strong>usquo</strong></span> <span class='ocrx_word' id='word_1_155' title='bbox 1045 2047 1127 2104; x_wconf 86' lang='lat' dir='ltr'><strong>bodie</strong></span> <span class='ocrx_word' id='word_1_156' title='bbox 1152 2052 1177 2103; x_wconf 87' lang='lat' dir='ltr'><strong>in</strong></span> <span class='ocrx_word' id='word_1_157' title='bbox 1207 2048 1287 2121; x_wconf 84' lang='lat' dir='ltr'><strong>lrujus</strong></span> <span class='ocrx_word' id='word_1_158' title='bbox 1312 2048 1370 2103; x_wconf 80' lang='lat' dir='ltr'><strong>laeti</strong></span> 
     </span>
     <span class='ocr_line' id='line_1_17' title="bbox 335 2147 1370 2217; baseline 0.001 -15"><span class='ocrx_word' id='word_1_159' title='bbox 335 2149 513 2203; x_wconf 85' lang='lat' dir='ltr'><strong>testimonium</strong></span> <span class='ocrx_word' id='word_1_160' title='bbox 532 2153 692 2217; x_wconf 83' lang='lat' dir='ltr'><strong>perseueret.</strong></span> <span class='ocrx_word' id='word_1_161' title='bbox 710 2175 746 2187; x_wconf 86' lang='lat'><em>-</em></span> <span class='ocrx_word' id='word_1_162' title='bbox 761 2175 796 2186; x_wconf 86' lang='lat'><em>-</em></span> <span class='ocrx_word' id='word_1_163' title='bbox 829 2151 865 2206; x_wconf 74' lang='grc' dir='ltr'><strong>ο.</strong></span> <span class='ocrx_word' id='word_1_164' title='bbox 893 2147 957 2202; x_wconf 79' lang='lat' dir='ltr'><strong>nun</strong></span> <span class='ocrx_word' id='word_1_165' title='bbox 980 2154 1065 2202; x_wconf 82' lang='lat' dir='ltr'><strong>autern</strong></span> <span class='ocrx_word' id='word_1_166' title='bbox 1084 2147 1240 2203; x_wconf 79' lang='lat' dir='ltr'><strong>Ambrosius</strong></span> <span class='ocrx_word' id='word_1_167' title='bbox 1260 2147 1370 2203; x_wconf 74' lang='lat' dir='ltr'><strong>redicem</strong></span> 
     </span>
     <span class='ocr_line' id='line_1_18' title="bbox 337 2245 1370 2321; baseline 0.002 -19"><span class='ocrx_word' id='word_1_168' title='bbox 337 2251 448 2302; x_wconf 90' lang='lat' dir='ltr'><strong>omnium</strong></span> <span class='ocrx_word' id='word_1_169' title='bbox 467 2245 592 2300; x_wconf 84' lang='lat' dir='ltr'><strong>malorum</strong></span> <span class='ocrx_word' id='word_1_170' title='bbox 610 2248 747 2302; x_wconf 80' lang='lat' dir='ltr'><strong>arantium</strong></span> <span class='ocrx_word' id='word_1_171' title='bbox 765 2249 850 2319; x_wconf 83' lang='lat' dir='ltr'><strong>magis</strong></span> <span class='ocrx_word' id='word_1_172' title='bbox 874 2262 905 2302; x_wconf 84' lang='lat' dir='ltr'><strong>ao</strong></span> <span class='ocrx_word' id='word_1_173' title='bbox 928 2249 1013 2321; x_wconf 73' lang='lat' dir='ltr'><strong>magis</strong></span> <span class='ocrx_word' id='word_1_174' title='bbox 1039 2250 1064 2302; x_wconf 90' lang='lat' dir='ltr'><strong>in</strong></span> <span class='ocrx_word' id='word_1_175' title='bbox 1083 2246 1234 2302; x_wconf 83' lang='lat' dir='ltr'><strong>horninibus</strong></span> <span class='ocrx_word' id='word_1_176' title='bbox 1254 2262 1370 2304; x_wconf 80' lang='lat' dir='ltr'><strong>erescere</strong></span> 
     </span>
     <span class='ocr_line' id='line_1_19' title="bbox 337 2347 1370 2418; baseline 0.001 -17"><span class='ocrx_word' id='word_1_177' title='bbox 337 2351 457 2402; x_wconf 82' lang='lat' dir='ltr'><strong>renueret</strong></span> <span class='ocrx_word' id='word_1_178' title='bbox 484 2353 512 2400; x_wconf 93' lang='lat' dir='ltr'><strong>et</strong></span> <span class='ocrx_word' id='word_1_179' title='bbox 528 2347 639 2400; x_wconf 84' lang='lat' dir='ltr'><strong>maxime</strong></span> <span class='ocrx_word' id='word_1_180' title='bbox 659 2347 685 2400; x_wconf 90' lang='grc' dir='ltr'><strong>ιιι</strong></span> <span class='ocrx_word' id='word_1_181' title='bbox 710 2347 768 2413; x_wconf 87' lang='lat' dir='ltr'><strong>lrls,</strong></span> <span class='ocrx_word' id='word_1_182' title='bbox 802 2349 847 2418; x_wconf 77' lang='lat' dir='ltr'><strong>spui</strong></span> <span class='ocrx_word' id='word_1_183' title='bbox 872 2357 947 2402; x_wconf 83' lang='lat' dir='ltr'><strong>erant</strong></span> <span class='ocrx_word' id='word_1_184' title='bbox 972 2351 998 2401; x_wconf 93' lang='lat' dir='ltr'><strong>ln</strong></span> <span class='ocrx_word' id='word_1_185' title='bbox 1022 2350 1201 2417; x_wconf 74' lang='lat' dir='ltr'><strong>potestatibus</strong></span> <span class='ocrx_word' id='word_1_186' title='bbox 1227 2351 1370 2415; x_wconf 81' lang='lat' dir='ltr'><strong>constituti,</strong></span> 
     </span>
     <span class='ocr_line' id='line_1_20' title="bbox 336 2445 1370 2520; baseline 0.003 -21"><span class='ocrx_word' id='word_1_187' title='bbox 336 2445 405 2515; x_wconf 85' lang='lat' dir='ltr'><strong>apud</strong></span> <span class='ocrx_word' id='word_1_188' title='bbox 427 2459 494 2516; x_wconf 84' lang='lat' dir='ltr'><strong>quoe</strong></span> <span class='ocrx_word' id='word_1_189' title='bbox 521 2447 608 2500; x_wconf 87' lang='lat' dir='ltr'><strong>omnia</strong></span> <span class='ocrx_word' id='word_1_190' title='bbox 631 2447 719 2516; x_wconf 87' lang='lat' dir='ltr'><strong>pretio</strong></span> <span class='ocrx_word' id='word_1_191' title='bbox 743 2445 940 2508; x_wconf 76' lang='lat' dir='ltr'><strong>vendebantur,</strong></span> <span class='ocrx_word' id='word_1_192' title='bbox 973 2463 1021 2501; x_wconf 87' lang='lat' dir='ltr'><strong>nee</strong></span> <span class='ocrx_word' id='word_1_193' title='bbox 1047 2463 1098 2500; x_wconf 92' lang='lat' dir='ltr'><strong>non</strong></span> <span class='ocrx_word' id='word_1_194' title='bbox 1127 2454 1153 2502; x_wconf 91' lang='lat' dir='ltr'><strong>et</strong></span> <span class='ocrx_word' id='word_1_195' title='bbox 1184 2450 1211 2502; x_wconf 92' lang='lat' dir='ltr'><strong>in</strong></span> <span class='ocrx_word' id='word_1_196' title='bbox 1240 2449 1299 2516; x_wconf 73' lang='lat' dir='ltr'><strong>lais,</strong></span> <span class='ocrx_word' id='word_1_197' title='bbox 1328 2449 1370 2520; x_wconf 78' lang='lat' dir='ltr'><strong>qui</strong></span> 
     </span>
     <span class='ocr_line' id='line_1_21' title="bbox 336 2544 1370 2618; baseline 0.002 -17"><span class='ocrx_word' id='word_1_198' title='bbox 336 2552 411 2601; x_wconf 84' lang='lat' dir='ltr'><strong>erant</strong></span> <span class='ocrx_word' id='word_1_199' title='bbox 435 2548 520 2603; x_wconf 81' lang='lat' dir='ltr'><strong>saeris</strong></span> <span class='ocrx_word' id='word_1_200' title='bbox 544 2545 696 2600; x_wconf 80' lang='lat' dir='ltr'><strong>ministeriis</strong></span> <span class='ocrx_word' id='word_1_201' title='bbox 720 2544 852 2615; x_wconf 82' lang='lat' dir='ltr'><strong>deputari,</strong></span> <span class='ocrx_word' id='word_1_202' title='bbox 879 2545 1049 2601; x_wconf 81' lang='lat' dir='ltr'><strong>veliementer</strong></span> <span class='ocrx_word' id='word_1_203' title='bbox 1073 2549 1200 2618; x_wconf 81' lang='lat' dir='ltr'><strong>ingemuit</strong></span> <span class='ocrx_word' id='word_1_204' title='bbox 1225 2555 1252 2605; x_wconf 85' lang='lat' dir='ltr'><strong>ei</strong></span> <span class='ocrx_word' id='word_1_205' title='bbox 1282 2564 1313 2604; x_wconf 83' lang='lat' dir='ltr'><strong>ae</strong></span> <span class='ocrx_word' id='word_1_206' title='bbox 1338 2546 1370 2603; x_wconf 91' lang='lat' dir='ltr'><strong>de</strong></span> 
     </span>
     <span class='ocr_line' id='line_1_22' title="bbox 336 2643 1369 2717; baseline 0.002 -18"><span class='ocrx_word' id='word_1_207' title='bbox 336 2643 414 2717; x_wconf 84' lang='lat' dir='ltr'><strong>hujus</strong></span> <span class='ocrx_word' id='word_1_208' title='bbox 433 2643 533 2699; x_wconf 83' lang='lat' dir='ltr'><strong>sueeuli</strong></span> <span class='ocrx_word' id='word_1_209' title='bbox 550 2658 674 2699; x_wconf 82' lang='lat' dir='ltr'><strong>aerumna</strong></span> <span class='ocrx_word' id='word_1_210' title='bbox 691 2643 800 2698; x_wconf 85' lang='lat' dir='ltr'><strong>liberari</strong></span> <span class='ocrx_word' id='word_1_211' title='bbox 818 2647 959 2700; x_wconf 83' lang='lat' dir='ltr'><strong>instantius</strong></span> <span class='ocrx_word' id='word_1_212' title='bbox 979 2649 1105 2701; x_wconf 80' lang='lat' dir='ltr'><strong>exoravit.</strong></span> <span class='ocrx_word' id='word_1_213' title='bbox 1141 2647 1192 2710; x_wconf 79' lang='lat' dir='ltr'><strong>Qui</strong></span> <span class='ocrx_word' id='word_1_214' title='bbox 1214 2663 1273 2702; x_wconf 83' lang='lat' dir='ltr'><strong>oum</strong></span> <span class='ocrx_word' id='word_1_215' title='bbox 1297 2663 1327 2703; x_wconf 86' lang='lat' dir='ltr'><strong>se</strong></span> <span class='ocrx_word' id='word_1_216' title='bbox 1345 2647 1369 2702; x_wconf 88' lang='lat' dir='ltr'><strong>ld</strong></span> 
     </span>
     <span class='ocr_line' id='line_1_23' title="bbox 335 2743 1369 2817; baseline 0.004 -19"><span class='ocrx_word' id='word_1_217' title='bbox 335 2744 482 2799; x_wconf 87' lang='lat' dir='ltr'><strong>obtinuisse</strong></span> <span class='ocrx_word' id='word_1_218' title='bbox 500 2743 639 2816; x_wconf 71' lang='lat' dir='ltr'><strong>gauderet,</strong></span> <span class='ocrx_word' id='word_1_219' title='bbox 658 2743 785 2799; x_wconf 76' lang='lat' dir='ltr'><strong>revelarit</strong></span> <span class='ocrx_word' id='word_1_220' title='bbox 802 2743 938 2804; x_wconf 83' lang='lat' dir='ltr'><strong>iratribus.</strong></span> <span class='ocrx_word' id='word_1_221' title='bbox 957 2745 1124 2817; x_wconf 69' lang='lat' dir='ltr'><strong>auredusque</strong></span> <span class='ocrx_word' id='word_1_222' title='bbox 1143 2745 1175 2800; x_wconf 82' lang='lat' dir='ltr'><strong>ad</strong></span> <span class='ocrx_word' id='word_1_223' title='bbox 1196 2749 1369 2802; x_wconf 81' lang='lat' dir='ltr'><strong>resurreetio·</strong></span> 
     </span>
     <span class='ocr_line' id='line_1_24' title="bbox 333 2843 1369 2918; baseline 0.002 -20"><span class='ocrx_word' id='word_1_224' title='bbox 333 2860 391 2899; x_wconf 86' lang='lat' dir='ltr'><strong>meur</strong></span> <span class='ocrx_word' id='word_1_225' title='bbox 411 2843 567 2898; x_wconf 77' lang='lat' dir='ltr'><strong>dominicum</strong></span> <span class='ocrx_word' id='word_1_226' title='bbox 586 2857 671 2898; x_wconf 88' lang='lat' dir='ltr'><strong>secum</strong></span> <span class='ocrx_word' id='word_1_227' title='bbox 691 2851 771 2899; x_wconf 83' lang='lat' dir='ltr'><strong>esset.</strong></span> <span class='ocrx_word' id='word_1_228' title='bbox 813 2845 882 2900; x_wconf 79' lang='lat' dir='ltr'><strong>Ante</strong></span> <span class='ocrx_word' id='word_1_229' title='bbox 906 2860 968 2900; x_wconf 83' lang='lat' dir='ltr'><strong>vero</strong></span> <span class='ocrx_word' id='word_1_230' title='bbox 986 2861 1085 2918; x_wconf 85' lang='lat' dir='ltr'><strong>pauoos</strong></span> <span class='ocrx_word' id='word_1_231' title='bbox 1102 2845 1160 2902; x_wconf 87' lang='lat' dir='ltr'><strong>dies</strong></span> <span class='ocrx_word' id='word_1_232' title='bbox 1178 2861 1256 2917; x_wconf 82' lang='lat' dir='ltr'><strong>quarn</strong></span> <span class='ocrx_word' id='word_1_233' title='bbox 1275 2847 1369 2901; x_wconf 76' lang='lat' dir='ltr'><strong>les-triu</strong></span> 
     </span>
     <span class='ocr_line' id='line_1_25' title="bbox 334 2941 1369 3017; baseline 0 -19"><span class='ocrx_word' id='word_1_234' title='bbox 334 2943 510 3011; x_wconf 86' lang='lat' dir='ltr'><strong>detineretur,</strong></span> <span class='ocrx_word' id='word_1_235' title='bbox 534 2957 591 2998; x_wconf 89' lang='lat' dir='ltr'><strong>eum</strong></span> <span class='ocrx_word' id='word_1_236' title='bbox 610 2941 703 2998; x_wconf 85' lang='lat' dir='ltr'><strong>XLllll</strong></span> <span class='ocrx_word' id='word_1_237' title='bbox 720 2943 847 3014; x_wconf 83' lang='lat' dir='ltr'><strong>psalmum</strong></span> <span class='ocrx_word' id='word_1_238' title='bbox 864 2960 920 2999; x_wconf 85' lang='lat' dir='ltr'><strong>enm</strong></span> <span class='ocrx_word' id='word_1_239' title='bbox 937 2949 1042 3000; x_wconf 86' lang='lat' dir='ltr'><strong>notario</strong></span> <span class='ocrx_word' id='word_1_240' title='bbox 1060 2945 1186 3012; x_wconf 80' lang='lat' dir='ltr'><strong>distaret,</strong></span> <span class='ocrx_word' id='word_1_241' title='bbox 1210 2943 1301 3001; x_wconf 86' lang='lat' dir='ltr'><strong>subito</strong></span> <span class='ocrx_word' id='word_1_242' title='bbox 1320 2947 1369 3017; x_wconf 84' lang='lat' dir='ltr'><strong>ipsi</strong></span> 
     </span>
     <span class='ocr_line' id='line_1_26' title="bbox 334 3041 1367 3116; baseline 0.005 -21"><span class='ocrx_word' id='word_1_243' title='bbox 334 3043 438 3098; x_wconf 84' lang='lat' dir='ltr'><strong>sidente</strong></span> <span class='ocrx_word' id='word_1_244' title='bbox 456 3045 559 3098; x_wconf 88' lang='lat' dir='ltr'><strong>notario</strong></span> <span class='ocrx_word' id='word_1_245' title='bbox 576 3044 602 3096; x_wconf 88' lang='lat' dir='ltr'><strong>lm</strong></span> <span class='ocrx_word' id='word_1_246' title='bbox 620 3041 723 3097; x_wconf 83' lang='lat' dir='ltr'><strong>modurn</strong></span> <span class='ocrx_word' id='word_1_247' title='bbox 742 3046 811 3098; x_wconf 84' lang='lat' dir='ltr'><strong>souti</strong></span> <span class='ocrx_word' id='word_1_248' title='bbox 828 3043 917 3100; x_wconf 84' lang='lat' dir='ltr'><strong>breuis</strong></span> <span class='ocrx_word' id='word_1_249' title='bbox 936 3047 1005 3116; x_wconf 81' lang='lat' dir='ltr'><strong>ignis</strong></span> <span class='ocrx_word' id='word_1_250' title='bbox 1022 3053 1100 3115; x_wconf 82' lang='lat' dir='ltr'><strong>ceput</strong></span> <span class='ocrx_word' id='word_1_251' title='bbox 1126 3046 1186 3116; x_wconf 82' lang='lat' dir='ltr'><strong>ejus</strong></span> <span class='ocrx_word' id='word_1_252' title='bbox 1204 3048 1317 3116; x_wconf 85' lang='lat' dir='ltr'><strong>operuit</strong></span> <span class='ocrx_word' id='word_1_253' title='bbox 1328 3051 1367 3100; x_wconf 80' lang='lat' dir='ltr'><strong>at·</strong></span> 
     </span>
     <span class='ocr_line' id='line_1_27' title="bbox 334 3142 1367 3216; baseline 0.002 -20"><span class='ocrx_word' id='word_1_254' title='bbox 334 3158 385 3214; x_wconf 85' lang='lat' dir='ltr'><strong>que</strong></span> <span class='ocrx_word' id='word_1_255' title='bbox 401 3143 527 3213; x_wconf 83' lang='lat' dir='ltr'><strong>paulatin</strong></span> <span class='ocrx_word' id='word_1_256' title='bbox 547 3157 596 3212; x_wconf 84' lang='lat' dir='ltr'><strong>per</strong></span> <span class='ocrx_word' id='word_1_257' title='bbox 613 3157 645 3197; x_wconf 84' lang='lat' dir='ltr'><strong>os</strong></span> <span class='ocrx_word' id='word_1_258' title='bbox 664 3143 737 3214; x_wconf 83' lang='lat' dir='ltr'><strong>ejus,</strong></span> <span class='ocrx_word' id='word_1_259' title='bbox 769 3149 891 3216; x_wconf 82' lang='lat' dir='ltr'><strong>tanquam</strong></span> <span class='ocrx_word' id='word_1_260' title='bbox 920 3147 947 3199; x_wconf 89' lang='lat' dir='ltr'><strong>in</strong></span> <span class='ocrx_word' id='word_1_261' title='bbox 965 3143 1067 3199; x_wconf 88' lang='lat' dir='ltr'><strong>domurn</strong></span> <span class='ocrx_word' id='word_1_262' title='bbox 1088 3142 1234 3210; x_wconf 77' lang='lat' dir='ltr'><strong>habitator,</strong></span> <span class='ocrx_word' id='word_1_263' title='bbox 1253 3147 1367 3200; x_wconf 80' lang='lat' dir='ltr'><strong>intrarit</strong></span> 
     </span>
     <span class='ocr_line' id='line_1_28' title="bbox 333 3241 1367 3316; baseline 0.004 -20"><span class='ocrx_word' id='word_1_264' title='bbox 333 3241 410 3296; x_wconf 84' lang='lat' dir='ltr'><strong>&#39;luno</strong></span> <span class='ocrx_word' id='word_1_265' title='bbox 427 3241 512 3297; x_wconf 85' lang='lat' dir='ltr'><strong>iaeies</strong></span> <span class='ocrx_word' id='word_1_266' title='bbox 529 3249 651 3316; x_wconf 68' lang='lat' dir='ltr'><strong>tanquam</strong></span> <span class='ocrx_word' id='word_1_267' title='bbox 669 3243 716 3299; x_wconf 84' lang='lat' dir='ltr'><strong>nix</strong></span> <span class='ocrx_word' id='word_1_268' title='bbox 733 3242 828 3298; x_wconf 79' lang='lat' dir='ltr'><strong>edeeta</strong></span> <span class='ocrx_word' id='word_1_269' title='bbox 844 3252 893 3309; x_wconf 81' lang='lat' dir='ltr'><strong>est,</strong></span> <span class='ocrx_word' id='word_1_270' title='bbox 912 3243 958 3300; x_wconf 84' lang='lat' dir='ltr'><strong>aed</strong></span> <span class='ocrx_word' id='word_1_271' title='bbox 978 3244 1142 3314; x_wconf 85' lang='lat' dir='ltr'><strong>postmodnm</strong></span> <span class='ocrx_word' id='word_1_272' title='bbox 1161 3242 1196 3298; x_wconf 82' lang='lat' dir='ltr'><strong>ad</strong></span> <span class='ocrx_word' id='word_1_273' title='bbox 1213 3259 1288 3299; x_wconf 82' lang='lat' dir='ltr'><strong>seen</strong></span> <span class='ocrx_word' id='word_1_274' title='bbox 1308 3261 1367 3316; x_wconf 89' lang='lat' dir='ltr'><strong>epe-</strong></span> 
     </span>
     <span class='ocr_line' id='line_1_29' title="bbox 333 3339 1369 3413; baseline 0.004 -17"><span class='ocrx_word' id='word_1_275' title='bbox 333 3345 397 3396; x_wconf 81' lang='lat' dir='ltr'><strong>eiere</strong></span> <span class='ocrx_word' id='word_1_276' title='bbox 416 3357 522 3397; x_wconf 78' lang='lat' dir='ltr'><strong>reversa</strong></span> <span class='ocrx_word' id='word_1_277' title='bbox 541 3348 589 3396; x_wconf 87' lang='lat' dir='ltr'><strong>est.</strong></span> <span class='ocrx_word' id='word_1_278' title='bbox 623 3339 684 3412; x_wconf 86' lang='lat' dir='ltr'><strong>lpao</strong></span> <span class='ocrx_word' id='word_1_279' title='bbox 702 3341 784 3413; x_wconf 78' lang='lat' dir='ltr'><strong>igitur</strong></span> <span class='ocrx_word' id='word_1_280' title='bbox 803 3341 846 3397; x_wconf 91' lang='lat' dir='ltr'><strong>dle</strong></span> <span class='ocrx_word' id='word_1_281' title='bbox 864 3343 998 3399; x_wconf 89' lang='lat' dir='ltr'><strong>seribendl</strong></span> <span class='ocrx_word' id='word_1_282' title='bbox 1019 3351 1045 3399; x_wconf 87' lang='lat' dir='ltr'><strong>et</strong></span> <span class='ocrx_word' id='word_1_283' title='bbox 1067 3343 1183 3399; x_wconf 83' lang='lat' dir='ltr'><strong>dictandi</strong></span> <span class='ocrx_word' id='word_1_284' title='bbox 1211 3343 1288 3400; x_wconf 84' lang='lat' dir='ltr'><strong>linem</strong></span> <span class='ocrx_word' id='word_1_285' title='bbox 1307 3345 1369 3401; x_wconf 78' lang='lat' dir='ltr'><strong>ierit</strong></span> 
     </span>
     <span class='ocr_line' id='line_1_30' title="bbox 330 3440 1367 3516; baseline -0.001 -21"><span class='ocrx_word' id='word_1_286' title='bbox 330 3457 379 3496; x_wconf 86' lang='lat' dir='ltr'><strong>neo</strong></span> <span class='ocrx_word' id='word_1_287' title='bbox 403 3442 487 3512; x_wconf 85' lang='lat' dir='ltr'><strong>ipsum</strong></span> <span class='ocrx_word' id='word_1_288' title='bbox 505 3440 630 3511; x_wconf 83' lang='lat' dir='ltr'><strong>psalmum</strong></span> <span class='ocrx_word' id='word_1_289' title='bbox 650 3440 757 3512; x_wconf 84' lang='lat' dir='ltr'><strong>explere</strong></span> <span class='ocrx_word' id='word_1_290' title='bbox 774 3445 874 3514; x_wconf 82' lang='lat' dir='ltr'><strong>potuit,</strong></span> <span class='ocrx_word' id='word_1_291' title='bbox 902 3451 963 3514; x_wconf 87' lang='lat' dir='ltr'><strong>post</strong></span> <span class='ocrx_word' id='word_1_292' title='bbox 990 3445 1073 3515; x_wconf 85' lang='lat' dir='ltr'><strong>igitur</strong></span> <span class='ocrx_word' id='word_1_293' title='bbox 1095 3459 1193 3516; x_wconf 79' lang='lat' dir='ltr'><strong>paucos</strong></span> <span class='ocrx_word' id='word_1_294' title='bbox 1218 3444 1277 3499; x_wconf 86' lang='lat' dir='ltr'><strong>dies</strong></span> <span class='ocrx_word' id='word_1_295' title='bbox 1296 3443 1367 3500; x_wconf 71' lang='lat' dir='ltr'><strong>inir-</strong></span> 
     </span>
     <span class='ocr_line' id='line_1_31' title="bbox 331 3539 1368 3611; baseline 0.004 -18"><span class='ocrx_word' id='word_1_296' title='bbox 331 3543 421 3594; x_wconf 87' lang='lat' dir='ltr'><strong>nritate</strong></span> <span class='ocrx_word' id='word_1_297' title='bbox 432 3543 559 3611; x_wconf 82' lang='lat' dir='ltr'><strong>eorporis</strong></span> <span class='ocrx_word' id='word_1_298' title='bbox 579 3539 702 3596; x_wconf 87' lang='lat' dir='ltr'><strong>laborare</strong></span> <span class='ocrx_word' id='word_1_299' title='bbox 720 3543 814 3610; x_wconf 88' lang='lat' dir='ltr'><strong>eoepit.</strong></span> <span class='ocrx_word' id='word_1_300' title='bbox 851 3539 927 3596; x_wconf 88' lang='lat' dir='ltr'><strong>Tune</strong></span> <span class='ocrx_word' id='word_1_301' title='bbox 945 3557 1033 3598; x_wconf 82' lang='lat' dir='ltr'><strong>eomes</strong></span> <span class='ocrx_word' id='word_1_302' title='bbox 1044 3542 1137 3600; x_wconf 86' lang='lat' dir='ltr'><strong>ltaliae</strong></span> <span class='ocrx_word' id='word_1_303' title='bbox 1153 3559 1209 3600; x_wconf 86' lang='lat' dir='ltr'><strong>cuer</strong></span> <span class='ocrx_word' id='word_1_304' title='bbox 1221 3543 1368 3600; x_wconf 75' lang='lat' dir='ltr'><strong>Mediolani</strong></span> 
     </span>
     <span class='ocr_line' id='line_1_32' title="bbox 332 3638 1365 3716; baseline 0.007 -22"><span class='ocrx_word' id='word_1_305' title='bbox 332 3645 414 3706; x_wconf 80' lang='lat' dir='ltr'><strong>esset,</strong></span> <span class='ocrx_word' id='word_1_306' title='bbox 433 3638 537 3694; x_wconf 86' lang='lat' dir='ltr'><strong>nobiles</strong></span> <span class='ocrx_word' id='word_1_307' title='bbox 555 3641 710 3694; x_wconf 82' lang='lat' dir='ltr'><strong>conuocauit</strong></span> <span class='ocrx_word' id='word_1_308' title='bbox 728 3638 828 3706; x_wconf 82' lang='lat' dir='ltr'><strong>dicens,</strong></span> <span class='ocrx_word' id='word_1_309' title='bbox 848 3641 919 3712; x_wconf 76' lang='lat' dir='ltr'><strong>quod</strong></span> <span class='ocrx_word' id='word_1_310' title='bbox 938 3647 1012 3697; x_wconf 86' lang='lat' dir='ltr'><strong>tantu</strong></span> <span class='ocrx_word' id='word_1_311' title='bbox 1029 3645 1087 3698; x_wconf 84' lang='lat' dir='ltr'><strong>riro</strong></span> <span class='ocrx_word' id='word_1_312' title='bbox 1104 3643 1245 3700; x_wconf 80' lang='lat' dir='ltr'><strong>recedente</strong></span> <span class='ocrx_word' id='word_1_313' title='bbox 1262 3649 1365 3716; x_wconf 87' lang='lat' dir='ltr'><strong>perleu-</strong></span> 
     </span>
     <span class='ocr_line' id='line_1_33' title="bbox 330 3723 1367 3814; baseline 0.007 -21"><span class='ocrx_word' id='word_1_314' title='bbox 330 3739 383 3793; x_wconf 85' lang='lat' dir='ltr'><strong>lum</strong></span> <span class='ocrx_word' id='word_1_315' title='bbox 403 3746 489 3804; x_wconf 80' lang='lat' dir='ltr'><strong>esset,</strong></span> <span class='ocrx_word' id='word_1_316' title='bbox 507 3755 540 3794; x_wconf 93' lang='lat' dir='ltr'><strong>ne</strong></span> <span class='ocrx_word' id='word_1_317' title='bbox 558 3737 658 3794; x_wconf 79' lang='lat' dir='ltr'><strong>ltaliae</strong></span> <span class='ocrx_word' id='word_1_318' title='bbox 671 3739 793 3796; x_wconf 83' lang='lat' dir='ltr'><strong>interitus</strong></span> <span class='ocrx_word' id='word_1_319' title='bbox 807 3723 973 3808; x_wconf 80' lang='grc' dir='ltr'>ιιιιιιιιιιιιι,</span> <span class='ocrx_word' id='word_1_320' title='bbox 999 3743 1156 3814; x_wconf 79' lang='lat' dir='ltr'><strong>rogavitque</strong></span> <span class='ocrx_word' id='word_1_321' title='bbox 1177 3749 1205 3798; x_wconf 86' lang='lat' dir='ltr'><strong>ut</strong></span> <span class='ocrx_word' id='word_1_322' title='bbox 1229 3743 1264 3799; x_wconf 79' lang='lat' dir='ltr'><strong>ed</strong></span> <span class='ocrx_word' id='word_1_323' title='bbox 1285 3748 1367 3800; x_wconf 82' lang='grc' dir='ltr'>ιιιιι</span> 
     </span>
     <span class='ocr_line' id='line_1_34' title="bbox 330 3834 1367 3920; baseline 0.01 -29"><span class='ocrx_word' id='word_1_324' title='bbox 330 3836 380 3892; x_wconf 85' lang='lat' dir='ltr'><strong>Ilei</strong></span> <span class='ocrx_word' id='word_1_325' title='bbox 398 3837 555 3893; x_wconf 82' lang='lat' dir='ltr'><strong>secederent</strong></span> <span class='ocrx_word' id='word_1_326' title='bbox 574 3845 714 3910; x_wconf 82' lang='lat' dir='ltr'><strong>rogantes.</strong></span> <span class='ocrx_word' id='word_1_327' title='bbox 737 3844 766 3894; x_wconf 87' lang='lat' dir='ltr'><strong>ut</strong></span> <span class='ocrx_word' id='word_1_328' title='bbox 792 3840 845 3895; x_wconf 91' lang='lat' dir='ltr'><strong>sibl</strong></span> <span class='ocrx_word' id='word_1_329' title='bbox 864 3839 951 3896; x_wconf 87' lang='lat' dir='ltr'><strong>adhue</strong></span> <span class='ocrx_word' id='word_1_330' title='bbox 968 3834 1081 3912; x_wconf 80' lang='lat' dir='ltr'><strong>spatiarer</strong></span> <span class='ocrx_word' id='word_1_331' title='bbox 1105 3841 1210 3920; x_wconf 84' lang='lat' dir='ltr'><strong>rirendi</strong></span> <span class='ocrx_word' id='word_1_332' title='bbox 1227 3861 1281 3900; x_wconf 91' lang='lat' dir='ltr'><strong>uno</strong></span> <span class='ocrx_word' id='word_1_333' title='bbox 1299 3859 1367 3900; x_wconf 74' lang='lat' dir='ltr'><strong>uno</strong></span> 
     </span>
     <span class='ocr_line' id='line_1_35' title="bbox 330 3935 1368 4014; baseline 0.009 -22"><span class='ocrx_word' id='word_1_334' title='bbox 330 3951 347 3992; x_wconf 89' lang='lat' dir='ltr'><strong>a</strong></span> <span class='ocrx_word' id='word_1_335' title='bbox 364 3935 468 3992; x_wconf 86' lang='lat' dir='ltr'><strong>domino</strong></span> <span class='ocrx_word' id='word_1_336' title='bbox 487 3939 646 4008; x_wconf 84' lang='lat' dir='ltr'><strong>impetraret.</strong></span> <span class='ocrx_word' id='word_1_337' title='bbox 682 3937 757 4000; x_wconf 82' lang='lat' dir='ltr'><strong>Quod</strong></span> <span class='ocrx_word' id='word_1_338' title='bbox 769 3939 821 3995; x_wconf 85' lang='lat' dir='ltr'><strong>¹ille</strong></span> <span class='ocrx_word' id='word_1_339' title='bbox 841 3947 869 3995; x_wconf 85' lang='lat' dir='ltr'><strong>ut</strong></span> <span class='ocrx_word' id='word_1_340' title='bbox 887 3937 920 3995; x_wconf 84' lang='lat' dir='ltr'><strong>ab</strong></span> <span class='ocrx_word' id='word_1_341' title='bbox 938 3941 992 3995; x_wconf 84' lang='lat' dir='ltr'><strong>illis</strong></span> <span class='ocrx_word' id='word_1_342' title='bbox 1010 3939 1125 4007; x_wconf 81' lang='lat' dir='ltr'><strong>audivit,</strong></span> <span class='ocrx_word' id='word_1_343' title='bbox 1144 3942 1296 4014; x_wconf 87' lang='lat' dir='ltr'><strong>respondit:</strong></span> <span class='ocrx_word' id='word_1_344' title='bbox 1316 3961 1368 4000; x_wconf 84' lang='lat' dir='ltr'><strong>noe</strong></span> 
     </span>
     <span class='ocr_line' id='line_1_36' title="bbox 330 4037 1367 4112; baseline 0.009 -22"><span class='ocrx_word' id='word_1_345' title='bbox 330 4040 368 4090; x_wconf 84' lang='lat' dir='ltr'><strong>ite</strong></span> <span class='ocrx_word' id='word_1_346' title='bbox 389 4039 458 4091; x_wconf 88' lang='lat' dir='ltr'><strong>inter</strong></span> <span class='ocrx_word' id='word_1_347' title='bbox 470 4051 518 4092; x_wconf 81' lang='lat' dir='ltr'><strong>ros</strong></span> <span class='ocrx_word' id='word_1_348' title='bbox 536 4037 599 4105; x_wconf 83' lang='lat' dir='ltr'><strong>rixi,</strong></span> <span class='ocrx_word' id='word_1_349' title='bbox 617 4043 646 4092; x_wconf 92' lang='lat' dir='ltr'><strong>ut</strong></span> <span class='ocrx_word' id='word_1_350' title='bbox 657 4053 698 4094; x_wconf 88' lang='lat' dir='ltr'><strong>rue</strong></span> <span class='ocrx_word' id='word_1_351' title='bbox 710 4039 798 4093; x_wconf 83' lang='lat' dir='ltr'><strong>uiuere</strong></span> <span class='ocrx_word' id='word_1_352' title='bbox 816 4037 923 4112; x_wconf 76' lang='lat' dir='ltr'><strong>pudeat,</strong></span> <span class='ocrx_word' id='word_1_353' title='bbox 942 4053 991 4096; x_wconf 89' lang='lat' dir='ltr'><strong>nee</strong></span> <span class='ocrx_word' id='word_1_354' title='bbox 1008 4043 1179 4112; x_wconf 80' lang='lat' dir='ltr'><strong>noriiiueo,</strong></span> <span class='ocrx_word' id='word_1_355' title='bbox 1197 4057 1253 4097; x_wconf 88' lang='lat' dir='ltr'><strong>eum</strong></span> <span class='ocrx_word' id='word_1_356' title='bbox 1272 4044 1367 4099; x_wconf 71' lang='lat' dir='ltr'><strong>bonu·</strong></span> 
     </span>
     <span class='ocr_line' id='line_1_37' title="bbox 332 4135 1366 4212; baseline 0.007 -23"><span class='ocrx_word' id='word_1_357' title='bbox 332 4135 461 4191; x_wconf 90' lang='lat' dir='ltr'><strong>dominum</strong></span> <span class='ocrx_word' id='word_1_358' title='bbox 490 4135 642 4192; x_wconf 81' lang='lat' dir='ltr'><strong>habeamus.</strong></span> <span class='ocrx_word' id='word_1_359' title='bbox 695 4135 733 4192; x_wconf 83' lang='lat' dir='ltr'><strong>Ee</strong></span> <span class='ocrx_word' id='word_1_360' title='bbox 758 4145 877 4210; x_wconf 86' lang='lat' dir='ltr'><strong>tempore</strong></span> <span class='ocrx_word' id='word_1_361' title='bbox 900 4148 1014 4212; x_wconf 84' lang='lat' dir='ltr'><strong>quatuor</strong></span> <span class='ocrx_word' id='word_1_362' title='bbox 1039 4142 1097 4212; x_wconf 83' lang='lat' dir='ltr'><strong>ejus</strong></span> <span class='ocrx_word' id='word_1_363' title='bbox 1123 4141 1233 4211; x_wconf 76' lang='lat' dir='ltr'><strong>dpaeeni</strong></span> <span class='ocrx_word' id='word_1_364' title='bbox 1256 4146 1366 4200; x_wconf 84' lang='lat' dir='ltr'><strong>ieeieem</strong></span> 
     </span>
     <span class='ocr_line' id='line_1_38' title="bbox 329 4225 1366 4310; baseline 0.009 -20"><span class='ocrx_word' id='word_1_365' title='bbox 329 4243 508 4290; x_wconf 76' lang='lat' dir='ltr'><strong>erroremerunt</strong></span> <span class='ocrx_word' id='word_1_366' title='bbox 525 4242 668 4291; x_wconf 81' lang='lat' dir='ltr'><strong>tractantes</strong></span> <span class='ocrx_word' id='word_1_367' title='bbox 687 4238 756 4292; x_wconf 89' lang='lat' dir='ltr'><strong>inter</strong></span> <span class='ocrx_word' id='word_1_368' title='bbox 774 4225 813 4296; x_wconf 84' lang='lat' dir='ltr'><strong>ee.</strong></span> <span class='ocrx_word' id='word_1_369' title='bbox 833 4239 891 4310; x_wconf 80' lang='lat' dir='ltr'><strong>quis</strong></span> <span class='ocrx_word' id='word_1_370' title='bbox 909 4233 971 4310; x_wconf 86' lang='lat' dir='ltr'><strong>post</strong></span> <span class='ocrx_word' id='word_1_371' title='bbox 988 4239 1047 4310; x_wconf 86' lang='lat' dir='ltr'><strong>ejus</strong></span> <span class='ocrx_word' id='word_1_372' title='bbox 1065 4242 1163 4296; x_wconf 87' lang='lat' dir='ltr'><strong>obitum</strong></span> <span class='ocrx_word' id='word_1_373' title='bbox 1182 4242 1267 4298; x_wconf 84' lang='lat' dir='ltr'><strong>benus</strong></span> <span class='ocrx_word' id='word_1_374' title='bbox 1285 4247 1366 4299; x_wconf 80' lang='lat' dir='ltr'><strong>esset</strong></span> 
     </span>
     <span class='ocr_line' id='line_1_39' title="bbox 330 4323 1367 4414; baseline 0.011 -28"><span class='ocrx_word' id='word_1_375' title='bbox 330 4334 393 4388; x_wconf 84' lang='lat' dir='ltr'><strong>Cum</strong></span> <span class='ocrx_word' id='word_1_376' title='bbox 413 4351 477 4406; x_wconf 80' lang='lat' dir='ltr'><strong>ergo</strong></span> <span class='ocrx_word' id='word_1_377' title='bbox 497 4351 514 4390; x_wconf 86' lang='lat' dir='ltr'><strong>a</strong></span> <span class='ocrx_word' id='word_1_378' title='bbox 532 4335 606 4402; x_wconf 90' lang='lat' dir='ltr'><strong>loeo,</strong></span> <span class='ocrx_word' id='word_1_379' title='bbox 625 4323 652 4390; x_wconf 83' lang='lat' dir='ltr'><strong>in</strong></span> <span class='ocrx_word' id='word_1_380' title='bbox 669 4353 721 4408; x_wconf 87' lang='lat' dir='ltr'><strong>quo</strong></span> <span class='ocrx_word' id='word_1_381' title='bbox 739 4337 780 4390; x_wconf 84' lang='lat' dir='ltr'><strong>uir</strong></span> <span class='ocrx_word' id='word_1_382' title='bbox 794 4335 844 4392; x_wconf 86' lang='lat' dir='ltr'><strong>Ilei</strong></span> <span class='ocrx_word' id='word_1_383' title='bbox 861 4323 1150 4410; x_wconf 76' lang='lat' dir='ltr'><strong>nntmsiuujaeebrt,</strong></span> <span class='ocrx_word' id='word_1_384' title='bbox 1176 4339 1256 4414; x_wconf 77' lang='lat' dir='ltr'><strong>longe</strong></span> <span class='ocrx_word' id='word_1_385' title='bbox 1276 4349 1367 4400; x_wconf 83' lang='lat' dir='ltr'><strong>essent</strong></span> 
     </span>
     <span class='ocr_line' id='line_1_40' title="bbox 331 4431 1366 4503; baseline 0.005 -14"><span class='ocrx_word' id='word_1_386' title='bbox 331 4440 358 4489; x_wconf 90' lang='lat' dir='ltr'><strong>et</strong></span> <span class='ocrx_word' id='word_1_387' title='bbox 375 4431 570 4503; x_wconf 81' lang='lat' dir='ltr'><strong>simplicianum</strong></span> <span class='ocrx_word' id='word_1_388' title='bbox 592 4435 629 4489; x_wconf 82' lang='lat' dir='ltr'><strong>ita</strong></span> <span class='ocrx_word' id='word_1_389' title='bbox 647 4433 757 4490; x_wconf 86' lang='lat' dir='ltr'><strong>silenter</strong></span> <span class='ocrx_word' id='word_1_390' title='bbox 774 4437 970 4496; x_wconf 83' lang='lat' dir='ltr'><strong>nominassent.</strong></span> <span class='ocrx_word' id='word_1_391' title='bbox 993 4444 1022 4492; x_wconf 88' lang='lat' dir='ltr'><strong>ut</strong></span> <span class='ocrx_word' id='word_1_392' title='bbox 1043 4441 1086 4493; x_wconf 83' lang='lat' dir='ltr'><strong>riu</strong></span> <span class='ocrx_word' id='word_1_393' title='bbox 1113 4441 1223 4496; x_wconf 84' lang='lat' dir='ltr'><strong>irrloere</strong></span> <span class='ocrx_word' id='word_1_394' title='bbox 1241 4455 1272 4496; x_wconf 87' lang='lat' dir='ltr'><strong>ee</strong></span> <span class='ocrx_word' id='word_1_395' title='bbox 1288 4441 1366 4496; x_wconf 81' lang='lat' dir='ltr'><strong>aedi·</strong></span> 
     </span>
    </p>
   </div>
   <div class='ocr_carea' id='block_1_4' title="bbox 0 0 1426 5286">
    <p class='ocr_par' dir='ltr' id='par_1_4' title="bbox 0 0 1426 5286">
     <span class='ocr_line' id='line_1_41' title="bbox 0 0 1426 5286; baseline 0 4"><span class='ocrx_word' id='word_1_396' title='bbox 0 0 1426 5286; x_wconf 95' lang='lat' dir='ltr'><strong> </strong></span> 
     </span>
    </p>
   </div>
  </div>
 </body>
</html>
