2828 5302
327 484 386 548 170
489 488 560 570 Cep.
582 489 712 548 xxxix.
753 491 797 552 De
822 505 921 590 sanein
944 494 1051 574 ignita
1072 496 1190 576 virgine.

411 927 414 938 ,
699 840 792 937 eii.
830 839 974 937 iiiii.

474 991 547 1062 lie
575 993 737 1062 nancta
766 991 959 1086 Agneinu
987 991 1194 1086 virgine.

384 1154 491 1230 eguus
513 1155 609 1213 dieitur
631 1155 665 1214 sb
690 1161 782 1232 egion,
819 1158 889 1232 quod
912 1167 954 1216 est
969 1166 1092 1228 sanetus,
1126 1167 1153 1215 et
1172 1159 1248 1216 tineos
1264 1157 1344 1222 Deus.

318 1259 394 1330 poni
413 1261 505 1312 sunnis
522 1256 577 1313 Dei.
613 1257 678 1313 Tris
694 1261 761 1315 enisu
779 1266 848 1326 tunt,
867 1262 933 1315 sicut
950 1259 1013 1314 iieit
1031 1259 1249 1332 chrysostomus,
1279 1274 1344 1331 quae

317 1365 432 1415 mun
451 1357 557 1425 iaciunt,
575 1364 602 1414 et
619 1358 665 1413 iiie
684 1358 799 1430 periente
817 1359 921 1415 inerunt
937 1361 964 1414 iu
981 1373 1029 1426 eo,
1048 1360 1148 1414 seiiieet
1164 1359 1253 1416 endis
1274 1375 1345 1415 non·

316 1457 395 1527 utitis,
432 1459 538 1528 spiritus
557 1460 640 1512 sensti
659 1459 824 1529 praesentia,
849 1457 974 1514 bonorum
993 1475 1099 1530 operum
1117 1459 1261 1516 niiiuentis.
1298 1459 1343 1516 Vei

316 1558 411 1614 dieitur
426 1556 460 1612 uh
474 1573 504 1624 s,
533 1555 601 1628 quoii
620 1559 746 1624 estsine,
774 1563 800 1613 ei
817 1573 883 1630 geos
900 1563 988 1628 terre,
1016 1566 1042 1614 ei
1058 1559 1134 1614 tineos
1152 1559 1237 1627 Dens,
1268 1563 1343 1632 qnasi

314 1657 371 1715 Des
387 1660 444 1714 sine
461 1664 541 1725 terre,
561 1655 588 1710 ii
604 1663 660 1725 est,
679 1659 735 1713 sisne
754 1671 842 1712 sinere
861 1663 1029 1714 terrenorum.
1066 1659 1112 1714 Vei
1132 1659 1253 1732 ningo,
1273 1661 1343 1732 quoii

314 1765 354 1814 osi
370 1758 496 1830 ionum,
525 1763 551 1812 ei
568 1753 632 1810 iinon
649 1757 851 1822 oonsunnotio,
883 1759 959 1828 quusi
985 1769 1160 1816 ennsnunnate
1179 1767 1206 1816 et
1225 1761 1343 1832 periente

313 1858 438 1930 loqueos,
474 1857 543 1931 quod
563 1857 678 1928 poietin
697 1857 752 1911 sois
770 1859 915 1928 responsis.
967 1857 1013 1914 Vei
1029 1859 1063 1914 ein
1080 1859 1175 1930 nguiin,
1212 1861 1284 1932 quod
1302 1869 1343 1917 ent

311 1963 435 2026 servitus,
453 1964 480 2014 et
497 1957 574 2012 tineos
592 1957 722 2027 superior,
740 1958 817 2028 quusi
835 1960 947 2014 servitos
964 1961 1098 2030 superior:
1120 1965 1147 2016 ei
1165 1958 1215 2016 iioc
1231 1967 1342 2033 propter

311 2059 375 2114 iliud
392 2057 461 2131 quod
479 2057 559 2114 dixit:
576 2071 673 2112 sunna
690 2057 839 2129 ingenuitas
857 2063 900 2112 est
914 2060 968 2113 isin
985 2065 1033 2115 eie.
1069 2057 1117 2117 uei
1132 2059 1166 2114 nb
1184 2075 1248 2133 ugo,
1268 2061 1339 2133 qood

311 2166 351 2216 est
369 2159 507 2226 soiessnis,
527 2164 554 2214 ei
571 2155 650 2224 theu,
668 2160 869 2222 eonnnnntin,
890 2165 967 2230 quusi
985 2160 1135 2215 solemniter
1151 2169 1338 2228 eonsumnots,

310 2261 336 2316 iri
354 2266 395 2316 est
411 2259 524 2332 sepulte,
544 2257 614 2329 quod
634 2262 707 2328 putet
723 2258 749 2311 in
767 2257 879 2330 anguiis,
898 2261 941 2330 qni
959 2273 1016 2314 ean
1034 2257 1202 2329 sepelierunt.

375 2359 481 2433 Agathe
495 2360 571 2431 ringo
587 2359 700 2430 ingenuo
721 2362 748 2412 et
763 2371 874 2428 corpore
894 2358 1068 2430 pnieinerrine
1082 2361 1107 2414 tn
1122 2357 1186 2415 orbe
1197 2358 1338 2416 cotonien-

308 2465 374 2518 sinnr
399 2461 480 2516 Deum
505 2473 608 2529 semper
627 2459 655 2513 in
679 2458 748 2511 enni
769 2459 908 2514 onnotiteie
924 2459 1042 2526 ooiebet,
1077 2457 1232 2522 Quintianus
1249 2467 1336 2516 nutem

307 2561 453 2618 consularis
469 2558 585 2624 Sieiiise,
603 2571 658 2613 eoin
679 2563 750 2614 esset
765 2557 906 2630 ignobilis,
925 2559 1098 2626 iiniiinosns,
1109 2573 1206 2614 esurus
1225 2567 1252 2617 et
1269 2561 1336 2632 ydo-

306 2663 340 2718 iis
357 2660 470 2728 deditos,
489 2656 591 2714 benun
610 2655 740 2731 Apstinsnu
757 2657 975 2729 conprehendere
993 2658 1131 2725 nitebatur,
1150 2665 1180 2714 ot
1194 2661 1259 2731 quie
1278 2671 1336 2719 erut

305 2761 439 2836 ignobilis,
458 2756 699 2830 comprehendendo
716 2757 827 2814 nnisiienn
843 2761 985 2826 timeretur,
1004 2762 1067 2830 quia
1082 2758 1254 2829 libidinosus,
1276 2765 1335 2836 eius

305 2859 496 2935 pulchritudine
506 2860 644 2924 inseretur,
664 2859 726 2929 quio
743 2871 848 2926 ovem,
866 2860 924 2930 ejus
941 2858 1046 2914 divitius
1064 2866 1178 2929 reperet,
1196 2863 1334 2934 qninpde-

304 2962 411 3028 ioinira,
425 2959 480 3015 Diis
497 2973 554 3015 eum
572 2959 672 3015 teneret
688 2958 829 3025 innnoiure,
848 2957 961 3031 iecitque
978 2975 1034 3015 euin
1050 2959 1083 3014 nd
1097 2959 1241 3019 seodriuei.
1260 2959 1334 3027 ane

303 3079 359 3118 nun
378 3059 490 3116 adducis
508 3064 579 3114 esset
596 3064 623 3114 ei
641 3060 699 3131 ejus
717 3058 847 3114 inmobile
865 3062 1026 3131 propositum
1043 3062 1230 3131 cognovisset,
1248 3061 1332 3117 tredi-

303 3161 342 3218 in
358 3177 414 3217 nun
430 3159 532 3215 eutium
555 3161 701 3225 meretrici,
738 3161 840 3215 nemim
865 3157 1041 3231 Aphrodisius
1064 3166 1091 3215 et
1112 3175 1203 3216 nosen
1227 3163 1332 3218 niininn

302 3267 360 3336 ejus
378 3259 493 3334 ejusden
510 3259 694 3332 turpitudinis,
720 3265 749 3314 ut
766 3275 814 3332 per
830 3259 905 3316 XXX
922 3258 978 3315 dies
996 3259 1137 3316 suniereni
1156 3267 1182 3316 et
1198 3263 1331 3333 quonorio

301 3365 360 3435 ejus
381 3341 491 3416 nuiununn
512 3363 684 3416 immutarent.
736 3357 770 3415 iii
795 3359 872 3414 nodo
896 3359 1069 3431 promittendo
1091 3359 1163 3415 lueto
1179 3361 1257 3417 nodo
1277 3371 1330 3418 ter-

301 3463 381 3520 rendo
405 3475 502 3532 aspero
524 3457 668 3530 sperabunt
691 3473 748 3514 euin
770 3474 786 3515 s
808 3459 877 3514 bono
900 3460 1036 3532 proposito
1057 3475 1199 3530 revocure,
1234 3462 1330 3535 quibus

300 3562 379 3620 beatu
401 3561 507 3635 Agatha
530 3559 609 3614 dixit:
644 3576 716 3616 nens
741 3573 800 3616 enee
823 3575 903 3631 snper
925 3567 1025 3631 petrum
1050 3558 1165 3615 soiiiute
1189 3568 1231 3617 est
1253 3569 1280 3618 et
1302 3567 1329 3618 in

300 3663 404 3720 Christo
422 3661 546 3729 iuniutu,
563 3659 645 3715 senine
662 3667 751 3716 restra
769 3663 838 3717 souti
856 3665 925 3727 sunt,
944 3649 1130 3731 promissiones
1148 3666 1252 3718 sestrue
1269 3662 1328 3734 piu-

299 3766 368 3830 viae,
385 3770 501 3818 terrores
518 3761 600 3816 nestri
616 3760 722 3816 iiunins
741 3767 809 3816 sunt.
830 3759 903 3824 Quae
920 3762 1083 3832 quantumvis
1097 3763 1259 3834 impugnent,
1273 3769 1328 3818 stoi

299 3863 489 3920 tundamentum
506 3861 597 3918 domus
614 3875 698 3927 neue,
717 3860 812 3916 wdone
830 3875 881 3915 noo
897 3859 1004 3915 solebit.
1047 3859 1117 3916 iieee
1132 3867 1218 3918 uuten
1237 3861 1327 3918 dicens

298 3962 378 4020 iieiiut
394 3963 510 4036 quotidie
527 3967 553 4019 et
571 3961 665 4018 erubet
683 3963 774 4018 sitiens
791 3958 825 4015 od
843 3961 952 4016 martirii
972 3960 1082 4032 puinsnn
1102 3963 1247 4032 pertenire.
1279 3961 1325 4018 Vi·
1363 3963 1364 3966 ’

298 4064 361 4120 dens
379 4065 461 4138 igitur
477 4062 638 4136 Aphrodisia
654 4065 738 4134 ipsun
756 4059 910 4118 innobilem
928 4075 1081 4132 persnunere
1094 4061 1162 4117 ituit
1169 4063 1324 4126 Quintiano:

298 4163 400 4222 iueiiios
418 4171 527 4238 possunt
545 4177 611 4220 snnu
628 4163 722 4219 inoii'uri
740 4169 767 4219 ot
785 4162 880 4218 terrun
898 4163 924 4216 in
942 4160 1039 4233 pinnini
1057 4161 1324 4230 noiiitieneonserti,

296 4281 373 4337 spuunt
391 4265 425 4320 uin
441 4266 584 4320 intentione
609 4262 752 4318 einristiunn
778 4278 848 4320 utens
869 4263 944 4318 istius
963 4262 1067 4333 periise
1084 4265 1201 4318 conserti
1217 4278 1264 4318 seu
1282 4279 1324 4318 re-

296 4369 393 4422 uoosri,
428 4365 501 4421 Tune
519 4365 673 4431 Quintianus
691 4351 756 4419 iecit
775 4377 831 4420 enin
856 4363 890 4419 usi
908 4379 937 4419 se
955 4361 1048 4418 adunci
1067 4371 1093 4418 et
1112 4365 1149 4417 uit
1167 4361 1229 4418 iiiiu
1248 4365 1323 4436 eujus

294 4465 450 4522 conditionis
468 4467 517 4521 osi
563 4465 610 4521 (ini
628 4464 688 4521 iiie:
724 4480 774 4520 non
793 4465 875 4520 seiusu
891 4467 1022 4538 ingenua,
1060 4463 1107 4520 sesi
1126 4469 1153 4519 et
1171 4461 1323 4536 specisbiiis
