<?xml version="1.0" encoding="UTF-8"?>
<!DOCTYPE html PUBLIC "-//W3C//DTD XHTML 1.0 Transitional//EN"
    "http://www.w3.org/TR/xhtml1/DTD/xhtml1-transitional.dtd">
<html xmlns="http://www.w3.org/1999/xhtml" xml:lang="en" lang="en">
 <head>
  <title>
</title>
<meta http-equiv="Content-Type" content="text/html;charset=utf-8" />
  <meta name='ocr-system' content='tesseract 3.04.00' />
  <meta name='ocr-capabilities' content='ocr_page ocr_carea ocr_par ocr_line ocrx_word'/>
</head>
<body>
  <div class='ocr_page' id='page_1' title='image "./jacobiavoragine00jacogoog_0417.png"; bbox 0 0 2984 5316; ppageno 0'>
   <div class='ocr_carea' id='block_1_1' title="bbox 349 461 1339 550">
    <p class='ocr_par' dir='ltr' id='par_1_1' title="bbox 349 461 1339 550">
     <span class='ocr_line' id='line_1_1' title="bbox 349 461 1339 550; baseline -0.015 -18"><span class='ocrx_word' id='word_1_1' title='bbox 349 469 412 532; x_wconf 72' lang='lat'><strong>896</strong></span> <span class='ocrx_word' id='word_1_2' title='bbox 444 471 518 550; x_wconf 83' lang='lat' dir='ltr'><strong>Cap.</strong></span> <span class='ocrx_word' id='word_1_3' title='bbox 532 467 609 528; x_wconf 88' lang='lat' dir='ltr'><strong>xci.</strong></span> <span class='ocrx_word' id='word_1_4' title='bbox 631 468 674 528; x_wconf 86' lang='lat' dir='ltr'><strong>De</strong></span> <span class='ocrx_word' id='word_1_5' title='bbox 688 473 797 547; x_wconf 78' lang='lat' dir='ltr'><strong>septem</strong></span> <span class='ocrx_word' id='word_1_6' title='bbox 813 466 957 541; x_wconf 85' lang='lat' dir='ltr'><strong>iratribus,</strong></span> <span class='ocrx_word' id='word_1_7' title='bbox 980 463 1044 523; x_wconf 72' lang='lat' dir='ltr'><strong>loliis</strong></span> <span class='ocrx_word' id='word_1_8' title='bbox 1058 466 1159 526; x_wconf 79' lang='lat' dir='ltr'><strong>beatae</strong></span> <span class='ocrx_word' id='word_1_9' title='bbox 1175 461 1339 522; x_wconf 65' lang='lat' dir='ltr'><strong>Felicitatis.</strong></span> 
     </span>
    </p>
   </div>
   <div class='ocr_carea' id='block_1_2' title="bbox 348 620 1381 811">
    <p class='ocr_par' dir='ltr' id='par_1_2' title="bbox 348 620 1381 811">
     <span class='ocr_line' id='line_1_2' title="bbox 348 620 1381 703; baseline -0.012 -17"><span class='ocrx_word' id='word_1_10' title='bbox 348 647 452 703; x_wconf 81' lang='lat' dir='ltr'><strong>qnoque</strong></span> <span class='ocrx_word' id='word_1_11' title='bbox 475 633 531 702; x_wconf 86' lang='lat' dir='ltr'><strong>ejus</strong></span> <span class='ocrx_word' id='word_1_12' title='bbox 554 627 678 700; x_wconf 87' lang='lat' dir='ltr'><strong>pnbnlnm</strong></span> <span class='ocrx_word' id='word_1_13' title='bbox 703 623 841 701; x_wconf 85' lang='lat' dir='ltr'><strong>spirituale</strong></span> <span class='ocrx_word' id='word_1_14' title='bbox 859 623 1041 680; x_wconf 88' lang='lat' dir='ltr'><strong>siliclebontur</strong></span> <span class='ocrx_word' id='word_1_15' title='bbox 1059 625 1129 695; x_wconf 80' lang='lat' dir='ltr'><strong>lget,</strong></span> <span class='ocrx_word' id='word_1_16' title='bbox 1156 623 1219 693; x_wconf 78' lang='lat' dir='ltr'><strong>quio</strong></span> <span class='ocrx_word' id='word_1_17' title='bbox 1243 635 1291 692; x_wconf 76' lang='lat' dir='ltr'><strong>per</strong></span> <span class='ocrx_word' id='word_1_18' title='bbox 1309 620 1381 692; x_wconf 85' lang='lat' dir='ltr'><strong>ipsos</strong></span> 
     </span>
     <span class='ocr_line' id='line_1_3' title="bbox 350 723 1258 811; baseline -0.011 -26"><span class='ocrx_word' id='word_1_19' title='bbox 350 729 481 802; x_wconf 76' lang='lat' dir='ltr'><strong>evangelli</strong></span> <span class='ocrx_word' id='word_1_20' title='bbox 501 729 600 784; x_wconf 80' lang='lat' dir='ltr'><strong>lautino</strong></span> <span class='ocrx_word' id='word_1_21' title='bbox 620 730 704 800; x_wconf 77' lang='lat' dir='ltr'><strong>ntsgls</strong></span> <span class='ocrx_word' id='word_1_22' title='bbox 721 725 864 783; x_wconf 81' lang='lat' dir='ltr'><strong>erescebat.</strong></span> <span class='ocrx_word' id='word_1_23' title='bbox 901 723 969 780; x_wconf 83' lang='lat' dir='ltr'><strong>llaec</strong></span> <span class='ocrx_word' id='word_1_24' title='bbox 988 723 1196 811; x_wconf 69' lang='lat' dir='ltr'><strong>Clrrpsestorons</strong></span> <span class='ocrx_word' id='word_1_25' title='bbox 1257 755 1258 760; x_wconf 22' lang='grc' dir='ltr'><strong><em>κ</em></strong></span> 
     </span>
    </p>
   </div>
   <div class='ocr_carea' id='block_1_3' title="bbox 759 969 966 986">
    <p class='ocr_par' dir='ltr' id='par_1_3' title="bbox 759 969 966 986">
     <span class='ocr_line' id='line_1_4' title="bbox 759 969 966 986; baseline -0.01 0"><span class='ocrx_word' id='word_1_26' title='bbox 759 969 966 986; x_wconf 51' lang='lat' dir='ltr'>m</span> 
     </span>
    </p>
   </div>
   <div class='ocr_carea' id='block_1_4' title="bbox 702 1219 1027 1320">
    <p class='ocr_par' dir='ltr' id='par_1_4' title="bbox 702 1219 1027 1321">
     <span class='ocr_line' id='line_1_5' title="bbox 702 1219 1027 1320; baseline 0.006 -3"><span class='ocrx_word' id='word_1_27' title='bbox 702 1219 798 1318; x_wconf 83' lang='lat' dir='ltr'><strong>tii.</strong></span> <span class='ocrx_word' id='word_1_28' title='bbox 822 1219 903 1320; x_wconf 84' lang='lat' dir='ltr'><strong>iti.</strong></span> <span class='ocrx_word' id='word_1_29' title='bbox 932 1223 1027 1319; x_wconf 80' lang='lat' dir='ltr'><strong>(tt.)</strong></span> 
     </span>
    </p>
   </div>
   <div class='ocr_carea' id='block_1_5' title="bbox 348 1370 1381 1566">
    <p class='ocr_par' dir='ltr' id='par_1_5' title="bbox 348 1370 1381 1566">
     <span class='ocr_line' id='line_1_6' title="bbox 348 1370 1381 1462; baseline -0.002 -16"><span class='ocrx_word' id='word_1_30' title='bbox 348 1373 423 1446; x_wconf 83' lang='lat' dir='ltr'><strong>lie</strong></span> <span class='ocrx_word' id='word_1_31' title='bbox 439 1376 628 1462; x_wconf 42' lang='lat' dir='ltr'><strong>wsept-em</strong></span> <span class='ocrx_word' id='word_1_32' title='bbox 652 1372 899 1452; x_wconf 70' lang='lat' dir='ltr'><strong>lintribus,</strong></span> <span class='ocrx_word' id='word_1_33' title='bbox 930 1375 1042 1462; x_wconf 77' lang='lat' dir='ltr'><strong>&#39;iqui</strong></span> <span class='ocrx_word' id='word_1_34' title='bbox 1069 1371 1272 1446; x_wconf 87' lang='lat' dir='ltr'><strong>suerunt</strong></span> <span class='ocrx_word' id='word_1_35' title='bbox 1289 1370 1381 1444; x_wconf 84' lang='lat' dir='ltr'><strong>ttltt</strong></span> 
     </span>
     <span class='ocr_line' id='line_1_7' title="bbox 633 1489 1099 1566; baseline -0.004 -4"><span class='ocrx_word' id='word_1_36' title='bbox 633 1492 802 1562; x_wconf 76' lang='lat' dir='ltr'><strong>benene</strong></span> <span class='ocrx_word' id='word_1_37' title='bbox 824 1489 1099 1566; x_wconf 70' lang='lat' dir='ltr'><strong>Felicitatis.</strong></span> 
     </span>
    </p>
   </div>
   <div class='ocr_carea' id='block_1_6' title="bbox 331 1655 1425 3934">
    <p class='ocr_par' dir='ltr' id='par_1_6' title="bbox 348 1655 1425 3134">
     <span class='ocr_line' id='line_1_8' title="bbox 416 1655 1382 1728; baseline -0.003 -15"><span class='ocrx_word' id='word_1_38' title='bbox 416 1655 521 1727; x_wconf 85' lang='lat' dir='ltr'><strong>Septem</strong></span> <span class='ocrx_word' id='word_1_39' title='bbox 539 1658 633 1714; x_wconf 83' lang='lat' dir='ltr'><strong>tratres</strong></span> <span class='ocrx_word' id='word_1_40' title='bbox 654 1659 757 1713; x_wconf 85' lang='lat' dir='ltr'><strong>luerent</strong></span> <span class='ocrx_word' id='word_1_41' title='bbox 783 1657 828 1712; x_wconf 88' lang='lat' dir='ltr'><strong>lilii</strong></span> <span class='ocrx_word' id='word_1_42' title='bbox 852 1657 947 1714; x_wconf 88' lang='lat' dir='ltr'><strong>beatae</strong></span> <span class='ocrx_word' id='word_1_43' title='bbox 965 1658 1125 1722; x_wconf 74' lang='lat' dir='ltr'><strong>Felicitatis,</strong></span> <span class='ocrx_word' id='word_1_44' title='bbox 1147 1672 1255 1728; x_wconf 80' lang='lat' dir='ltr'><strong>quet-tter</strong></span> <span class='ocrx_word' id='word_1_45' title='bbox 1276 1655 1382 1710; x_wconf 86' lang='lat' dir='ltr'><strong>nomino</strong></span> 
     </span>
     <span class='ocr_line' id='line_1_9' title="bbox 348 1751 1425 1830; baseline -0.002 -19"><span class='ocrx_word' id='word_1_46' title='bbox 348 1761 409 1811; x_wconf 84' lang='lat' dir='ltr'><strong>snat</strong></span> <span class='ocrx_word' id='word_1_47' title='bbox 428 1757 583 1824; x_wconf 86' lang='lat' dir='ltr'><strong>anuerlus,</strong></span> <span class='ocrx_word' id='word_1_48' title='bbox 608 1755 696 1820; x_wconf 85' lang='lat' dir='ltr'><strong>Felix,</strong></span> <span class='ocrx_word' id='word_1_49' title='bbox 721 1755 872 1830; x_wconf 83' lang='lat' dir='ltr'><strong>Philippos,</strong></span> <span class='ocrx_word' id='word_1_50' title='bbox 896 1760 1031 1818; x_wconf 85' lang='lat' dir='ltr'><strong>Silvanus.</strong></span> <span class='ocrx_word' id='word_1_51' title='bbox 1056 1755 1221 1822; x_wconf 70' lang='lat' dir='ltr'><strong>Alexander,</strong></span> <span class='ocrx_word' id='word_1_52' title='bbox 1241 1753 1337 1810; x_wconf 79' lang='lat' dir='ltr'><strong>i&#39;italis</strong></span> <span class='ocrx_word' id='word_1_53' title='bbox 1356 1761 1382 1810; x_wconf 87' lang='lat' dir='ltr'><strong>et</strong></span> <span class='ocrx_word' id='word_1_54' title='bbox 1423 1751 1425 1755; x_wconf 83' lang='grc'><strong>’</strong></span> 
     </span>
     <span class='ocr_line' id='line_1_10' title="bbox 349 1853 1382 1931; baseline -0.003 -19"><span class='ocrx_word' id='word_1_55' title='bbox 349 1855 490 1912; x_wconf 81' lang='lat' dir='ltr'><strong>lilertlalls.</strong></span> <span class='ocrx_word' id='word_1_56' title='bbox 525 1857 577 1915; x_wconf 87' lang='lat' dir='ltr'><strong>llos</strong></span> <span class='ocrx_word' id='word_1_57' title='bbox 597 1873 686 1912; x_wconf 88' lang='lat' dir='ltr'><strong>omnes</strong></span> <span class='ocrx_word' id='word_1_58' title='bbox 704 1872 759 1911; x_wconf 91' lang='lat' dir='ltr'><strong>cum</strong></span> <span class='ocrx_word' id='word_1_59' title='bbox 780 1867 862 1914; x_wconf 85' lang='lat' dir='ltr'><strong>matre</strong></span> <span class='ocrx_word' id='word_1_60' title='bbox 876 1863 953 1931; x_wconf 82' lang='lat' dir='ltr'><strong>jussu</strong></span> <span class='ocrx_word' id='word_1_61' title='bbox 971 1861 1137 1930; x_wconf 83' lang='lat' dir='ltr'><strong>imperatoris</strong></span> <span class='ocrx_word' id='word_1_62' title='bbox 1151 1855 1256 1912; x_wconf 78' lang='lat' dir='ltr'><strong>Antonii</strong></span> <span class='ocrx_word' id='word_1_63' title='bbox 1273 1853 1382 1911; x_wconf 82' lang='lat' dir='ltr'><strong>l&#39;trblins</strong></span> 
     </span>
     <span class='ocr_line' id='line_1_11' title="bbox 349 1954 1382 2031; baseline 0 -20"><span class='ocrx_word' id='word_1_64' title='bbox 349 1955 499 2027; x_wconf 85' lang='lat' dir='ltr'><strong>praelectus</strong></span> <span class='ocrx_word' id='word_1_65' title='bbox 524 1958 557 2013; x_wconf 82' lang='lat' dir='ltr'><strong>sd</strong></span> <span class='ocrx_word' id='word_1_66' title='bbox 582 1975 611 2012; x_wconf 89' lang='lat' dir='ltr'><strong>sc</strong></span> <span class='ocrx_word' id='word_1_67' title='bbox 635 1959 725 2012; x_wconf 79' lang='lat' dir='ltr'><strong>soceri</strong></span> <span class='ocrx_word' id='word_1_68' title='bbox 744 1957 807 2013; x_wconf 86' lang='lat' dir='ltr'><strong>lecit</strong></span> <span class='ocrx_word' id='word_1_69' title='bbox 825 1962 961 2031; x_wconf 72' lang='lat' dir='ltr'><strong>suasitque</strong></span> <span class='ocrx_word' id='word_1_70' title='bbox 979 1961 1071 2026; x_wconf 86' lang='lat' dir='ltr'><strong>matri,</strong></span> <span class='ocrx_word' id='word_1_71' title='bbox 1097 1966 1126 2014; x_wconf 87' lang='lat' dir='ltr'><strong>nt</strong></span> <span class='ocrx_word' id='word_1_72' title='bbox 1152 1961 1191 2012; x_wconf 88' lang='lat' dir='ltr'><strong>sui</strong></span> <span class='ocrx_word' id='word_1_73' title='bbox 1219 1965 1246 2012; x_wconf 92' lang='lat' dir='ltr'><strong>et</strong></span> <span class='ocrx_word' id='word_1_74' title='bbox 1270 1954 1382 2011; x_wconf 84' lang='lat' dir='ltr'><strong>litorum</strong></span> 
     </span>
     <span class='ocr_line' id='line_1_12' title="bbox 349 2057 1382 2132; baseline -0.002 -20"><span class='ocrx_word' id='word_1_75' title='bbox 349 2072 454 2112; x_wconf 86' lang='lat' dir='ltr'><strong>suorum</strong></span> <span class='ocrx_word' id='word_1_76' title='bbox 483 2059 600 2113; x_wconf 88' lang='lat' dir='ltr'><strong>misereri</strong></span> <span class='ocrx_word' id='word_1_77' title='bbox 627 2057 743 2112; x_wconf 77' lang='lat' dir='ltr'><strong>deberet.</strong></span> <span class='ocrx_word' id='word_1_78' title='bbox 779 2057 1027 2132; x_wconf 66' lang='lat' dir='ltr'><strong>(incestumque</strong></span> <span class='ocrx_word' id='word_1_79' title='bbox 1050 2057 1186 2113; x_wconf 87' lang='lat' dir='ltr'><strong>blanditiis</strong></span> <span class='ocrx_word' id='word_1_80' title='bbox 1209 2059 1261 2113; x_wconf 88' lang='lat' dir='ltr'><strong>tuis</strong></span> <span class='ocrx_word' id='word_1_81' title='bbox 1288 2062 1382 2128; x_wconf 87' lang='lat' dir='ltr'><strong>potero</strong></span> 
     </span>
     <span class='ocr_line' id='line_1_13' title="bbox 349 2139 1381 2231; baseline -0.002 -18"><span class='ocrx_word' id='word_1_82' title='bbox 349 2158 435 2222; x_wconf 82' lang='lat' dir='ltr'><strong>allici,</strong></span> <span class='ocrx_word' id='word_1_83' title='bbox 461 2174 509 2214; x_wconf 85' lang='lat' dir='ltr'><strong>neo</strong></span> <span class='ocrx_word' id='word_1_84' title='bbox 522 2155 678 2214; x_wconf 57' lang='lat' dir='ltr'><strong>&#39;terroribus</strong></span> <span class='ocrx_word' id='word_1_85' title='bbox 693 2139 805 2231; x_wconf 34' lang='lat' dir='ltr'><strong>&#39;lrangi3</strong></span> <span class='ocrx_word' id='word_1_86' title='bbox 833 2175 927 2214; x_wconf 84' lang='lat' dir='ltr'><strong>secura</strong></span> <span class='ocrx_word' id='word_1_87' title='bbox 951 2162 1017 2215; x_wconf 88' lang='lat' dir='ltr'><strong>enim</strong></span> <span class='ocrx_word' id='word_1_88' title='bbox 1038 2176 1092 2214; x_wconf 84' lang='lat' dir='ltr'><strong>stru</strong></span> <span class='ocrx_word' id='word_1_89' title='bbox 1118 2159 1150 2212; x_wconf 81' lang='lat' dir='ltr'><strong>rie</strong></span> <span class='ocrx_word' id='word_1_90' title='bbox 1168 2157 1261 2228; x_wconf 85' lang='lat' dir='ltr'><strong>spirito</strong></span> <span class='ocrx_word' id='word_1_91' title='bbox 1280 2163 1381 2220; x_wconf 84' lang='lat' dir='ltr'><strong>sancto,</strong></span> 
     </span>
     <span class='ocr_line' id='line_1_14' title="bbox 350 2253 1383 2332; baseline -0.003 -20"><span class='ocrx_word' id='word_1_92' title='bbox 350 2275 425 2332; x_wconf 72' lang='lat' dir='ltr'><strong>mere</strong></span> <span class='ocrx_word' id='word_1_93' title='bbox 443 2257 544 2322; x_wconf 75' lang='lat' dir='ltr'><strong>neten,</strong></span> <span class='ocrx_word' id='word_1_94' title='bbox 570 2261 633 2331; x_wconf 81' lang='lat' dir='ltr'><strong>quia</strong></span> <span class='ocrx_word' id='word_1_95' title='bbox 655 2264 680 2314; x_wconf 87' lang='lat' dir='ltr'><strong>te</strong></span> <span class='ocrx_word' id='word_1_96' title='bbox 704 2259 835 2330; x_wconf 75' lang='lat' dir='ltr'><strong>superabo</strong></span> <span class='ocrx_word' id='word_1_97' title='bbox 863 2263 921 2315; x_wconf 80' lang='lat' dir='ltr'><strong>riva</strong></span> <span class='ocrx_word' id='word_1_98' title='bbox 941 2267 966 2315; x_wconf 92' lang='lat' dir='ltr'><strong>et</strong></span> <span class='ocrx_word' id='word_1_99' title='bbox 989 2261 1199 2315; x_wconf 73' lang='lat' dir='ltr'><strong>mollissimam</strong></span> <span class='ocrx_word' id='word_1_100' title='bbox 1218 2259 1315 2312; x_wconf 86' lang='lat' dir='ltr'><strong>occiso.</strong></span> <span class='ocrx_word' id='word_1_101' title='bbox 1349 2253 1383 2310; x_wconf 81' lang='lat' dir='ltr'><strong>Et</strong></span> 
     </span>
     <span class='ocr_line' id='line_1_15' title="bbox 349 2355 1382 2428; baseline -0.004 -14"><span class='ocrx_word' id='word_1_102' title='bbox 349 2371 477 2414; x_wconf 82' lang='lat' dir='ltr'><strong>convorsa</strong></span> <span class='ocrx_word' id='word_1_103' title='bbox 495 2361 529 2416; x_wconf 83' lang='lat' dir='ltr'><strong>sd</strong></span> <span class='ocrx_word' id='word_1_104' title='bbox 548 2358 617 2412; x_wconf 88' lang='lat' dir='ltr'><strong>tilios</strong></span> <span class='ocrx_word' id='word_1_105' title='bbox 635 2359 687 2413; x_wconf 84' lang='lat' dir='ltr'><strong>ait:</strong></span> <span class='ocrx_word' id='word_1_106' title='bbox 707 2360 809 2424; x_wconf 79' lang='lat' dir='ltr'><strong>videte,</strong></span> <span class='ocrx_word' id='word_1_107' title='bbox 826 2360 888 2427; x_wconf 84' lang='lat' dir='ltr'><strong>iiii,</strong></span> <span class='ocrx_word' id='word_1_108' title='bbox 916 2362 943 2415; x_wconf 88' lang='lat' dir='ltr'><strong>in</strong></span> <span class='ocrx_word' id='word_1_109' title='bbox 958 2361 1057 2416; x_wconf 78' lang='lat' dir='ltr'><strong>eonium</strong></span> <span class='ocrx_word' id='word_1_110' title='bbox 1079 2364 1105 2415; x_wconf 90' lang='lat' dir='ltr'><strong>et</strong></span> <span class='ocrx_word' id='word_1_111' title='bbox 1122 2373 1223 2414; x_wconf 88' lang='lat' dir='ltr'><strong>snrsmn</strong></span> <span class='ocrx_word' id='word_1_112' title='bbox 1242 2355 1382 2428; x_wconf 75' lang='lat' dir='ltr'><strong>adspicite,</strong></span> 
     </span>
     <span class='ocr_line' id='line_1_16' title="bbox 350 2457 1382 2532; baseline -0.002 -19"><span class='ocrx_word' id='word_1_113' title='bbox 350 2461 493 2523; x_wconf 79' lang='lat' dir='ltr'><strong>carissimi,</strong></span> <span class='ocrx_word' id='word_1_114' title='bbox 514 2461 577 2530; x_wconf 85' lang='lat' dir='ltr'><strong>quia</strong></span> <span class='ocrx_word' id='word_1_115' title='bbox 593 2458 688 2514; x_wconf 83' lang='lat' dir='ltr'><strong>ibidem</strong></span> <span class='ocrx_word' id='word_1_116' title='bbox 706 2461 826 2516; x_wconf 81' lang='lat' dir='ltr'><strong>Christus</strong></span> <span class='ocrx_word' id='word_1_117' title='bbox 844 2477 892 2517; x_wconf 88' lang='lat' dir='ltr'><strong>nos</strong></span> <span class='ocrx_word' id='word_1_118' title='bbox 910 2467 1061 2532; x_wconf 74' lang='lat' dir='ltr'><strong>exspectat,</strong></span> <span class='ocrx_word' id='word_1_119' title='bbox 1087 2457 1190 2513; x_wconf 78' lang='lat' dir='ltr'><strong>sortiter</strong></span> <span class='ocrx_word' id='word_1_120' title='bbox 1209 2473 1257 2529; x_wconf 90' lang='lat' dir='ltr'><strong>pro</strong></span> <span class='ocrx_word' id='word_1_121' title='bbox 1275 2457 1382 2512; x_wconf 78' lang='lat' dir='ltr'><strong>Christo</strong></span> 
     </span>
     <span class='ocr_line' id='line_1_17' title="bbox 350 2555 1384 2634; baseline -0.005 -18"><span class='ocrx_word' id='word_1_122' title='bbox 350 2566 467 2634; x_wconf 85' lang='lat' dir='ltr'><strong>pugnate</strong></span> <span class='ocrx_word' id='word_1_123' title='bbox 485 2565 512 2615; x_wconf 89' lang='lat' dir='ltr'><strong>et</strong></span> <span class='ocrx_word' id='word_1_124' title='bbox 530 2555 622 2614; x_wconf 81' lang='lat' dir='ltr'><strong>fideles</strong></span> <span class='ocrx_word' id='word_1_125' title='bbox 641 2575 688 2614; x_wconf 86' lang='lat' dir='ltr'><strong>ros</strong></span> <span class='ocrx_word' id='word_1_126' title='bbox 706 2563 732 2615; x_wconf 89' lang='lat' dir='ltr'><strong>in</strong></span> <span class='ocrx_word' id='word_1_127' title='bbox 752 2559 847 2615; x_wconf 81' lang='lat' dir='ltr'><strong>Gbrtsti</strong></span> <span class='ocrx_word' id='word_1_128' title='bbox 866 2577 954 2616; x_wconf 86' lang='lat' dir='ltr'><strong>amore</strong></span> <span class='ocrx_word' id='word_1_129' title='bbox 972 2559 1103 2616; x_wconf 70' lang='lat' dir='ltr'><strong>exhibete.</strong></span> <span class='ocrx_word' id='word_1_130' title='bbox 1139 2557 1214 2624; x_wconf 70' lang='lat' dir='ltr'><strong>Queri</strong></span> <span class='ocrx_word' id='word_1_131' title='bbox 1235 2555 1384 2628; x_wconf 80' lang='lat' dir='ltr'><strong>praelectus</strong></span> 
     </span>
     <span class='ocr_line' id='line_1_18' title="bbox 351 2651 1382 2734; baseline -0.003 -19"><span class='ocrx_word' id='word_1_132' title='bbox 351 2659 462 2715; x_wconf 74' lang='lat' dir='ltr'><strong>audiens</strong></span> <span class='ocrx_word' id='word_1_133' title='bbox 481 2673 536 2716; x_wconf 80' lang='lat' dir='ltr'><strong>cem</strong></span> <span class='ocrx_word' id='word_1_134' title='bbox 555 2657 641 2728; x_wconf 86' lang='lat' dir='ltr'><strong>alapis</strong></span> <span class='ocrx_word' id='word_1_135' title='bbox 660 2661 734 2716; x_wconf 86' lang='lat' dir='ltr'><strong>caedi</strong></span> <span class='ocrx_word' id='word_1_136' title='bbox 754 2654 843 2732; x_wconf 63' lang='lat' dir='ltr'><strong>Jnssitss</strong></span> <span class='ocrx_word' id='word_1_137' title='bbox 880 2659 941 2715; x_wconf 81' lang='lat' dir='ltr'><strong>(lum</strong></span> <span class='ocrx_word' id='word_1_138' title='bbox 968 2676 1032 2734; x_wconf 80' lang='lat' dir='ltr'><strong>ergo</strong></span> <span class='ocrx_word' id='word_1_139' title='bbox 1056 2667 1139 2716; x_wconf 85' lang='lat' dir='ltr'><strong>meter</strong></span> <span class='ocrx_word' id='word_1_140' title='bbox 1159 2664 1186 2713; x_wconf 88' lang='lat' dir='ltr'><strong>et</strong></span> <span class='ocrx_word' id='word_1_141' title='bbox 1210 2657 1257 2712; x_wconf 86' lang='lat' dir='ltr'><strong>ilii</strong></span> <span class='ocrx_word' id='word_1_142' title='bbox 1284 2661 1309 2713; x_wconf 90' lang='lat' dir='ltr'><strong>in</strong></span> <span class='ocrx_word' id='word_1_143' title='bbox 1332 2651 1382 2712; x_wconf 88' lang='lat' dir='ltr'><strong>lide</strong></span> 
     </span>
     <span class='ocr_line' id='line_1_19' title="bbox 350 2757 1384 2827; baseline -0.006 -11"><span class='ocrx_word' id='word_1_144' title='bbox 350 2759 554 2816; x_wconf 74' lang='lat' dir='ltr'><strong>constantissimi</strong></span> <span class='ocrx_word' id='word_1_145' title='bbox 574 2771 747 2827; x_wconf 82' lang='lat' dir='ltr'><strong>apparerent,</strong></span> <span class='ocrx_word' id='word_1_146' title='bbox 773 2776 863 2816; x_wconf 85' lang='lat' dir='ltr'><strong>omues</strong></span> <span class='ocrx_word' id='word_1_147' title='bbox 888 2769 969 2816; x_wconf 87' lang='lat' dir='ltr'><strong>matre</strong></span> <span class='ocrx_word' id='word_1_148' title='bbox 995 2761 1097 2815; x_wconf 86' lang='lat' dir='ltr'><strong>vidente</strong></span> <span class='ocrx_word' id='word_1_149' title='bbox 1118 2767 1145 2815; x_wconf 89' lang='lat' dir='ltr'><strong>et</strong></span> <span class='ocrx_word' id='word_1_150' title='bbox 1161 2758 1325 2814; x_wconf 73' lang='lat' dir='ltr'><strong>connectente</strong></span> <span class='ocrx_word' id='word_1_151' title='bbox 1343 2757 1384 2810; x_wconf 92' lang='lat' dir='ltr'><strong>di-</strong></span> 
     </span>
     <span class='ocr_line' id='line_1_20' title="bbox 351 2855 1383 2930; baseline -0.002 -16"><span class='ocrx_word' id='word_1_152' title='bbox 351 2861 436 2914; x_wconf 82' lang='lat' dir='ltr'><strong>tersis</strong></span> <span class='ocrx_word' id='word_1_153' title='bbox 454 2863 513 2913; x_wconf 86' lang='lat' dir='ltr'><strong>sent</strong></span> <span class='ocrx_word' id='word_1_154' title='bbox 530 2859 669 2930; x_wconf 80' lang='lat' dir='ltr'><strong>suppliciis</strong></span> <span class='ocrx_word' id='word_1_155' title='bbox 685 2864 802 2930; x_wconf 90' lang='lat' dir='ltr'><strong>peremti.</strong></span> <span class='ocrx_word' id='word_1_156' title='bbox 838 2861 908 2916; x_wconf 82' lang='lat' dir='ltr'><strong>lisrn</strong></span> <span class='ocrx_word' id='word_1_157' title='bbox 925 2857 1028 2917; x_wconf 85' lang='lat' dir='ltr'><strong>beatem</strong></span> <span class='ocrx_word' id='word_1_158' title='bbox 1036 2857 1201 2916; x_wconf 82' lang='lat' dir='ltr'><strong>Felicitatem</strong></span> <span class='ocrx_word' id='word_1_159' title='bbox 1223 2865 1301 2913; x_wconf 84' lang='lat' dir='ltr'><strong>roeat</strong></span> <span class='ocrx_word' id='word_1_160' title='bbox 1318 2855 1383 2913; x_wconf 85' lang='lat' dir='ltr'><strong>tire·</strong></span> 
     </span>
     <span class='ocr_line' id='line_1_21' title="bbox 351 2955 1383 3033; baseline -0.005 -18"><span class='ocrx_word' id='word_1_161' title='bbox 351 2961 442 3033; x_wconf 76' lang='lat' dir='ltr'><strong>garius</strong></span> <span class='ocrx_word' id='word_1_162' title='bbox 455 2957 514 3030; x_wconf 86' lang='lat' dir='ltr'><strong>ples</strong></span> <span class='ocrx_word' id='word_1_163' title='bbox 527 2971 602 3029; x_wconf 83' lang='lat' dir='ltr'><strong>quant</strong></span> <span class='ocrx_word' id='word_1_164' title='bbox 616 2962 756 3026; x_wconf 84' lang='lat' dir='ltr'><strong>martirem,</strong></span> <span class='ocrx_word' id='word_1_165' title='bbox 775 2965 838 3032; x_wconf 84' lang='lat' dir='ltr'><strong>quis</strong></span> <span class='ocrx_word' id='word_1_166' title='bbox 850 2965 949 3032; x_wconf 86' lang='lat' dir='ltr'><strong>septies</strong></span> <span class='ocrx_word' id='word_1_167' title='bbox 960 2975 1040 3033; x_wconf 79' lang='lat' dir='ltr'><strong>pesse</strong></span> <span class='ocrx_word' id='word_1_168' title='bbox 1059 2969 1100 3016; x_wconf 89' lang='lat' dir='ltr'><strong>est</strong></span> <span class='ocrx_word' id='word_1_169' title='bbox 1117 2961 1141 3014; x_wconf 92' lang='lat' dir='ltr'><strong>in</strong></span> <span class='ocrx_word' id='word_1_170' title='bbox 1161 2965 1259 3030; x_wconf 83' lang='lat' dir='ltr'><strong>septem</strong></span> <span class='ocrx_word' id='word_1_171' title='bbox 1278 2955 1339 3014; x_wconf 84' lang='lat' dir='ltr'><strong>litiis</strong></span> <span class='ocrx_word' id='word_1_172' title='bbox 1358 2967 1383 3012; x_wconf 88' lang='lat' dir='ltr'><strong>et</strong></span> 
     </span>
     <span class='ocr_line' id='line_1_22' title="bbox 351 3057 1385 3134; baseline -0.002 -19"><span class='ocrx_word' id='word_1_173' title='bbox 351 3065 446 3115; x_wconf 77' lang='lat' dir='ltr'><strong>octove</strong></span> <span class='ocrx_word' id='word_1_174' title='bbox 463 3061 617 3128; x_wconf 89' lang='lat' dir='ltr'><strong>incorpore</strong></span> <span class='ocrx_word' id='word_1_175' title='bbox 634 3075 690 3115; x_wconf 82' lang='lat' dir='ltr'><strong>suo.</strong></span> <span class='ocrx_word' id='word_1_176' title='bbox 727 3059 871 3134; x_wconf 70' lang='lat' dir='ltr'><strong>Gregorius</strong></span> <span class='ocrx_word' id='word_1_177' title='bbox 885 3065 912 3116; x_wconf 92' lang='lat' dir='ltr'><strong>in</strong></span> <span class='ocrx_word' id='word_1_178' title='bbox 926 3060 1055 3117; x_wconf 81' lang='lat' dir='ltr'><strong>homiliis:</strong></span> <span class='ocrx_word' id='word_1_179' title='bbox 1072 3060 1152 3117; x_wconf 83' lang='lat' dir='ltr'><strong>beate</strong></span> <span class='ocrx_word' id='word_1_180' title='bbox 1164 3057 1297 3125; x_wconf 84' lang='lat' dir='ltr'><strong>Felicitas,</strong></span> <span class='ocrx_word' id='word_1_181' title='bbox 1316 3072 1385 3130; x_wconf 82' lang='lat' dir='ltr'><strong>quae</strong></span> 
     </span>
    </p>

    <p class='ocr_par' dir='ltr' id='par_1_7' title="bbox 331 3145 1387 3934">
     <span class='ocr_line' id='line_1_23' title="bbox 331 3145 1386 3232; baseline -0.004 -16"><span class='ocrx_word' id='word_1_182' title='bbox 331 3145 332 3148; x_wconf 24' lang='lat'>¹</span> <span class='ocrx_word' id='word_1_183' title='bbox 352 3156 483 3216; x_wconf 85' lang='lat' dir='ltr'><strong>credendo</strong></span> <span class='ocrx_word' id='word_1_184' title='bbox 503 3161 604 3215; x_wconf 82' lang='lat' dir='ltr'><strong>exstitit</strong></span> <span class='ocrx_word' id='word_1_185' title='bbox 619 3160 717 3216; x_wconf 84' lang='lat' dir='ltr'><strong>sectile</strong></span> <span class='ocrx_word' id='word_1_186' title='bbox 735 3161 842 3229; x_wconf 79' lang='lat' dir='ltr'><strong>Christi,</strong></span> <span class='ocrx_word' id='word_1_187' title='bbox 862 3161 1040 3232; x_wconf 85' lang='lat' dir='ltr'><strong>praedicendo</strong></span> <span class='ocrx_word' id='word_1_188' title='bbox 1057 3163 1135 3216; x_wconf 90' lang='lat' dir='ltr'><strong>etiam</strong></span> <span class='ocrx_word' id='word_1_189' title='bbox 1154 3160 1221 3215; x_wconf 83' lang='lat' dir='ltr'><strong>laeta</strong></span> <span class='ocrx_word' id='word_1_190' title='bbox 1237 3167 1279 3215; x_wconf 89' lang='lat' dir='ltr'><strong>est</strong></span> <span class='ocrx_word' id='word_1_191' title='bbox 1295 3161 1386 3213; x_wconf 86' lang='lat' dir='ltr'><strong>martir</strong></span> 
     </span>
     <span class='ocr_line' id='line_1_24' title="bbox 350 3249 1385 3333; baseline -0.002 -17"><span class='ocrx_word' id='word_1_192' title='bbox 350 3259 464 3324; x_wconf 80' lang='lat' dir='ltr'><strong>Christi,</strong></span> <span class='ocrx_word' id='word_1_193' title='bbox 485 3265 584 3330; x_wconf 84' lang='lat' dir='ltr'><strong>septem</strong></span> <span class='ocrx_word' id='word_1_194' title='bbox 603 3249 707 3333; x_wconf 81' lang='lat' dir='ltr'><strong>qnoque</strong></span> <span class='ocrx_word' id='word_1_195' title='bbox 724 3259 792 3315; x_wconf 84' lang='lat' dir='ltr'><strong>ilios</strong></span> <span class='ocrx_word' id='word_1_196' title='bbox 812 3263 851 3316; x_wconf 89' lang='lat' dir='ltr'><strong>sic</strong></span> <span class='ocrx_word' id='word_1_197' title='bbox 867 3267 928 3332; x_wconf 85' lang='lat' dir='ltr'><strong>post</strong></span> <span class='ocrx_word' id='word_1_198' title='bbox 945 3277 974 3316; x_wconf 89' lang='lat' dir='ltr'><strong>sc</strong></span> <span class='ocrx_word' id='word_1_199' title='bbox 993 3262 1139 3333; x_wconf 84' lang='lat' dir='ltr'><strong>relinquere</strong></span> <span class='ocrx_word' id='word_1_200' title='bbox 1165 3262 1249 3315; x_wconf 87' lang='lat' dir='ltr'><strong>tinnit</strong></span> <span class='ocrx_word' id='word_1_201' title='bbox 1267 3261 1341 3313; x_wconf 82' lang='lat' dir='ltr'><strong>rivos</strong></span> <span class='ocrx_word' id='word_1_202' title='bbox 1359 3261 1385 3314; x_wconf 89' lang='lat' dir='ltr'><strong>iu</strong></span> 
     </span>
     <span class='ocr_line' id='line_1_25' title="bbox 350 3360 1385 3430; baseline 0 -16"><span class='ocrx_word' id='word_1_203' title='bbox 350 3374 446 3423; x_wconf 85' lang='lat' dir='ltr'><strong>earne,</strong></span> <span class='ocrx_word' id='word_1_204' title='bbox 469 3361 537 3413; x_wconf 86' lang='lat' dir='ltr'><strong>sicot</strong></span> <span class='ocrx_word' id='word_1_205' title='bbox 560 3360 680 3416; x_wconf 86' lang='lat' dir='ltr'><strong>carnales</strong></span> <span class='ocrx_word' id='word_1_206' title='bbox 703 3369 825 3430; x_wconf 88' lang='lat' dir='ltr'><strong>parentes</strong></span> <span class='ocrx_word' id='word_1_207' title='bbox 850 3361 937 3417; x_wconf 88' lang='lat' dir='ltr'><strong>solent</strong></span> <span class='ocrx_word' id='word_1_208' title='bbox 960 3369 1092 3428; x_wconf 86' lang='lat' dir='ltr'><strong>metuere,</strong></span> <span class='ocrx_word' id='word_1_209' title='bbox 1117 3377 1149 3416; x_wconf 89' lang='lat' dir='ltr'><strong>ne</strong></span> <span class='ocrx_word' id='word_1_210' title='bbox 1172 3365 1288 3414; x_wconf 86' lang='lat' dir='ltr'><strong>mortuos</strong></span> <span class='ocrx_word' id='word_1_211' title='bbox 1306 3374 1385 3430; x_wconf 81' lang='lat' dir='ltr'><strong>prse-</strong></span> 
     </span>
     <span class='ocr_line' id='line_1_26' title="bbox 351 3457 1385 3535; baseline 0 -21"><span class='ocrx_word' id='word_1_212' title='bbox 351 3461 468 3527; x_wconf 80' lang='lat' dir='ltr'><strong>rolttsnt3</strong></span> <span class='ocrx_word' id='word_1_213' title='bbox 498 3460 639 3529; x_wconf 85' lang='lat' dir='ltr'><strong>per&#39;tttrir&#39;lt</strong></span> <span class='ocrx_word' id='word_1_214' title='bbox 667 3462 776 3532; x_wconf 86' lang='lat' dir='ltr'><strong>spiritu,</strong></span> <span class='ocrx_word' id='word_1_215' title='bbox 800 3477 866 3535; x_wconf 80' lang='lat' dir='ltr'><strong>qnos</strong></span> <span class='ocrx_word' id='word_1_216' title='bbox 890 3479 968 3519; x_wconf 79' lang='lat' dir='ltr'><strong>earne</strong></span> <span class='ocrx_word' id='word_1_217' title='bbox 984 3465 1138 3532; x_wconf 79' lang='lat' dir='ltr'><strong>pepererat,</strong></span> <span class='ocrx_word' id='word_1_218' title='bbox 1163 3467 1191 3516; x_wconf 88' lang='lat' dir='ltr'><strong>ut</strong></span> <span class='ocrx_word' id='word_1_219' title='bbox 1209 3457 1385 3531; x_wconf 82' lang='lat' dir='ltr'><strong>praedicendo</strong></span> 
     </span>
     <span class='ocr_line' id='line_1_27' title="bbox 351 3557 1386 3633; baseline 0.001 -20"><span class='ocrx_word' id='word_1_220' title='bbox 351 3565 458 3630; x_wconf 86' lang='lat' dir='ltr'><strong>pareret</strong></span> <span class='ocrx_word' id='word_1_221' title='bbox 467 3557 532 3624; x_wconf 83' lang='lat' dir='ltr'><strong>lieo,</strong></span> <span class='ocrx_word' id='word_1_222' title='bbox 550 3575 617 3630; x_wconf 76' lang='lat' dir='ltr'><strong>euos</strong></span> <span class='ocrx_word' id='word_1_223' title='bbox 636 3571 715 3618; x_wconf 87' lang='lat' dir='ltr'><strong>carne</strong></span> <span class='ocrx_word' id='word_1_224' title='bbox 732 3569 871 3632; x_wconf 79' lang='lat' dir='ltr'><strong>pepererat</strong></span> <span class='ocrx_word' id='word_1_225' title='bbox 888 3563 999 3633; x_wconf 83' lang='lat' dir='ltr'><strong>mundo;</strong></span> <span class='ocrx_word' id='word_1_226' title='bbox 1019 3561 1087 3616; x_wconf 83' lang='lat' dir='ltr'><strong>ilios</strong></span> <span class='ocrx_word' id='word_1_227' title='bbox 1107 3577 1179 3628; x_wconf 83' lang='lat' dir='ltr'><strong>suos,</strong></span> <span class='ocrx_word' id='word_1_228' title='bbox 1199 3575 1264 3630; x_wconf 86' lang='lat' dir='ltr'><strong>quos</strong></span> <span class='ocrx_word' id='word_1_229' title='bbox 1282 3573 1386 3614; x_wconf 83' lang='lat' dir='ltr'><strong>carnem</strong></span> 
     </span>
     <span class='ocr_line' id='line_1_28' title="bbox 352 3660 1386 3732; baseline 0.003 -18"><span class='ocrx_word' id='word_1_230' title='bbox 352 3674 426 3714; x_wconf 83' lang='lat' dir='ltr'><strong>snam</strong></span> <span class='ocrx_word' id='word_1_231' title='bbox 457 3674 516 3715; x_wconf 84' lang='lat' dir='ltr'><strong>csse</strong></span> <span class='ocrx_word' id='word_1_232' title='bbox 540 3667 668 3728; x_wconf 78' lang='lat' dir='ltr'><strong>noverat,</strong></span> <span class='ocrx_word' id='word_1_233' title='bbox 699 3662 757 3716; x_wconf 82' lang='lat' dir='ltr'><strong>sine</strong></span> <span class='ocrx_word' id='word_1_234' title='bbox 787 3660 880 3716; x_wconf 87' lang='lat' dir='ltr'><strong>doloro</strong></span> <span class='ocrx_word' id='word_1_235' title='bbox 905 3676 957 3717; x_wconf 89' lang='lat' dir='ltr'><strong>non</strong></span> <span class='ocrx_word' id='word_1_236' title='bbox 988 3668 1092 3732; x_wconf 84' lang='lat' dir='ltr'><strong>peterat</strong></span> <span class='ocrx_word' id='word_1_237' title='bbox 1118 3663 1258 3717; x_wconf 86' lang='lat' dir='ltr'><strong>morientes</strong></span> <span class='ocrx_word' id='word_1_238' title='bbox 1287 3661 1386 3726; x_wconf 85' lang='lat' dir='ltr'><strong>videre,</strong></span> 
     </span>
     <span class='ocr_line' id='line_1_29' title="bbox 352 3759 1387 3833; baseline 0.002 -19"><span class='ocrx_word' id='word_1_239' title='bbox 352 3759 399 3815; x_wconf 90' lang='lat' dir='ltr'><strong>sed</strong></span> <span class='ocrx_word' id='word_1_240' title='bbox 419 3767 477 3815; x_wconf 85' lang='lat' dir='ltr'><strong>erat</strong></span> <span class='ocrx_word' id='word_1_241' title='bbox 500 3762 540 3816; x_wconf 86' lang='lat' dir='ltr'><strong>ris</strong></span> <span class='ocrx_word' id='word_1_242' title='bbox 558 3762 655 3815; x_wconf 88' lang='lat' dir='ltr'><strong>amoris</strong></span> <span class='ocrx_word' id='word_1_243' title='bbox 675 3759 799 3828; x_wconf 87' lang='lat' dir='ltr'><strong>interior,</strong></span> <span class='ocrx_word' id='word_1_244' title='bbox 822 3773 889 3833; x_wconf 77' lang='lat' dir='ltr'><strong>qaae</strong></span> <span class='ocrx_word' id='word_1_245' title='bbox 908 3761 1026 3816; x_wconf 88' lang='lat' dir='ltr'><strong>dolorem</strong></span> <span class='ocrx_word' id='word_1_246' title='bbox 1044 3759 1161 3817; x_wconf 80' lang='lat' dir='ltr'><strong>vinceret</strong></span> <span class='ocrx_word' id='word_1_247' title='bbox 1176 3763 1271 3818; x_wconf 88' lang='lat' dir='ltr'><strong>carnis.</strong></span> <span class='ocrx_word' id='word_1_248' title='bbox 1307 3759 1387 3818; x_wconf 82' lang='lat' dir='ltr'><strong>Recte</strong></span> 
     </span>
     <span class='ocr_line' id='line_1_30' title="bbox 352 3859 1386 3934; baseline -0.003 -18"><span class='ocrx_word' id='word_1_249' title='bbox 352 3876 417 3932; x_wconf 83' lang='lat' dir='ltr'><strong>ergo</strong></span> <span class='ocrx_word' id='word_1_250' title='bbox 436 3860 503 3915; x_wconf 87' lang='lat' dir='ltr'><strong>bano</strong></span> <span class='ocrx_word' id='word_1_251' title='bbox 520 3861 640 3917; x_wconf 83' lang='lat' dir='ltr'><strong>lenirem</strong></span> <span class='ocrx_word' id='word_1_252' title='bbox 660 3863 728 3917; x_wconf 88' lang='lat' dir='ltr'><strong>eitra</strong></span> <span class='ocrx_word' id='word_1_253' title='bbox 754 3863 884 3919; x_wconf 84' lang='lat' dir='ltr'><strong>martirem</strong></span> <span class='ocrx_word' id='word_1_254' title='bbox 905 3861 1029 3926; x_wconf 76' lang='lat' dir='ltr'><strong>dixerim,</strong></span> <span class='ocrx_word' id='word_1_255' title='bbox 1056 3875 1124 3934; x_wconf 83' lang='lat' dir='ltr'><strong>qnae</strong></span> <span class='ocrx_word' id='word_1_256' title='bbox 1149 3864 1246 3917; x_wconf 84' lang='lat' dir='ltr'><strong>totiens</strong></span> <span class='ocrx_word' id='word_1_257' title='bbox 1273 3863 1299 3916; x_wconf 90' lang='lat' dir='ltr'><strong>ie</strong></span> <span class='ocrx_word' id='word_1_258' title='bbox 1325 3859 1386 3915; x_wconf 84' lang='lat' dir='ltr'><strong>iliis</strong></span> 
     </span>
    </p>
   </div>
   <div class='ocr_carea' id='block_1_7' title="bbox 255 3949 1386 4034">
    <p class='ocr_par' dir='ltr' id='par_1_8' title="bbox 255 3949 1386 4034">
     <span class='ocr_line' id='line_1_31' title="bbox 255 3949 1386 4034; baseline 0 -18"><span class='ocrx_word' id='word_1_259' title='bbox 255 3949 256 3952; x_wconf 26' lang='lat'>¹</span> <span class='ocrx_word' id='word_1_260' title='bbox 351 3967 392 4016; x_wconf 87' lang='lat' dir='ltr'><strong>est</strong></span> <span class='ocrx_word' id='word_1_261' title='bbox 411 3963 437 4015; x_wconf 87' lang='lat' dir='ltr'><strong>et</strong></span> <span class='ocrx_word' id='word_1_262' title='bbox 456 3965 507 4014; x_wconf 86' lang='lat' dir='ltr'><strong>tant</strong></span> <span class='ocrx_word' id='word_1_263' title='bbox 530 3960 712 4018; x_wconf 86' lang='lat' dir='ltr'><strong>desideranter</strong></span> <span class='ocrx_word' id='word_1_264' title='bbox 734 3963 872 4017; x_wconf 80' lang='lat' dir='ltr'><strong>exstincta.</strong></span> <span class='ocrx_word' id='word_1_265' title='bbox 907 3961 970 4018; x_wconf 79' lang='lat' dir='ltr'><strong>Duru</strong></span> <span class='ocrx_word' id='word_1_266' title='bbox 995 3965 1061 4016; x_wconf 86' lang='lat' dir='ltr'><strong>enin</strong></span> <span class='ocrx_word' id='word_1_267' title='bbox 1086 3962 1220 4034; x_wconf 85' lang='lat' dir='ltr'><strong>multiplex</strong></span> <span class='ocrx_word' id='word_1_268' title='bbox 1244 3963 1386 4016; x_wconf 85' lang='lat' dir='ltr'><strong>martirium</strong></span> 
     </span>
    </p>
   </div>
   <div class='ocr_carea' id='block_1_8' title="bbox 350 4051 1387 4233">
    <p class='ocr_par' dir='ltr' id='par_1_9' title="bbox 350 4051 1387 4233">
     <span class='ocr_line' id='line_1_32' title="bbox 352 4051 1387 4135; baseline 0 -20"><span class='ocrx_word' id='word_1_269' title='bbox 352 4061 478 4130; x_wconf 82' lang='lat' dir='ltr'><strong>obtinuit,</strong></span> <span class='ocrx_word' id='word_1_270' title='bbox 497 4063 556 4134; x_wconf 89' lang='lat' dir='ltr'><strong>ipsa</strong></span> <span class='ocrx_word' id='word_1_271' title='bbox 573 4076 678 4135; x_wconf 82' lang='lat' dir='ltr'><strong>qnoque</strong></span> <span class='ocrx_word' id='word_1_272' title='bbox 695 4061 805 4116; x_wconf 82' lang='lat' dir='ltr'><strong>martirii</strong></span> <span class='ocrx_word' id='word_1_273' title='bbox 824 4061 934 4134; x_wconf 82' lang='lat' dir='ltr'><strong>palmam</strong></span> <span class='ocrx_word' id='word_1_274' title='bbox 946 4051 1030 4130; x_wconf 77' lang='lat' dir='ltr'><strong>sicit,</strong></span> <span class='ocrx_word' id='word_1_275' title='bbox 1055 4065 1115 4135; x_wconf 83' lang='lat' dir='ltr'><strong>quia</strong></span> <span class='ocrx_word' id='word_1_276' title='bbox 1136 4071 1164 4118; x_wconf 87' lang='lat' dir='ltr'><strong>et</strong></span> <span class='ocrx_word' id='word_1_277' title='bbox 1180 4077 1269 4116; x_wconf 88' lang='lat' dir='ltr'><strong>amore</strong></span> <span class='ocrx_word' id='word_1_278' title='bbox 1287 4061 1387 4116; x_wconf 79' lang='lat' dir='ltr'><strong>Christi</strong></span> 
     </span>
     <span class='ocr_line' id='line_1_33' title="bbox 350 4151 1387 4233; baseline 0.003 -19"><span class='ocrx_word' id='word_1_279' title='bbox 350 4159 409 4215; x_wconf 88' lang='lat' dir='ltr'><strong>sola</strong></span> <span class='ocrx_word' id='word_1_280' title='bbox 421 4177 492 4217; x_wconf 87' lang='lat' dir='ltr'><strong>mors</strong></span> <span class='ocrx_word' id='word_1_281' title='bbox 507 4151 556 4219; x_wconf 85' lang='lat' dir='ltr'><strong>sna</strong></span> <span class='ocrx_word' id='word_1_282' title='bbox 570 4164 594 4218; x_wconf 91' lang='lat' dir='ltr'><strong>ei</strong></span> <span class='ocrx_word' id='word_1_283' title='bbox 609 4153 712 4217; x_wconf 81' lang='lat' dir='ltr'><strong>minime</strong></span> <span class='ocrx_word' id='word_1_284' title='bbox 725 4160 836 4217; x_wconf 79' lang='lat' dir='ltr'><strong>reiecit.</strong></span> <span class='ocrx_word' id='word_1_285' title='bbox 856 4160 933 4218; x_wconf 82' lang='lat' dir='ltr'><strong>Fessi</strong></span> <span class='ocrx_word' id='word_1_286' title='bbox 947 4164 1175 4219; x_wconf 85' lang='lat' dir='ltr'><strong>sunteircaennos</strong></span> <span class='ocrx_word' id='word_1_287' title='bbox 1185 4161 1323 4233; x_wconf 78' lang='lat' dir='ltr'><strong>domini-r)</strong></span> <span class='ocrx_word' id='word_1_288' title='bbox 1333 4161 1387 4217; x_wconf 78' lang='lat' dir='ltr'><strong>cx.</strong></span> 
     </span>
    </p>
   </div>
   <div class='ocr_carea' id='block_1_9' title="bbox 348 4309 1383 4424">
    <p class='ocr_par' dir='ltr' id='par_1_10' title="bbox 348 4309 1383 4424">
     <span class='ocr_line' id='line_1_34' title="bbox 403 4309 1383 4367; baseline -0.002 -11"><span class='ocrx_word' id='word_1_289' title='bbox 403 4315 422 4363; x_wconf 87' lang='lat' dir='ltr'><strong>i)</strong></span> <span class='ocrx_word' id='word_1_290' title='bbox 441 4313 515 4356; x_wconf 82' lang='lat' dir='ltr'><strong>Verba</strong></span> <span class='ocrx_word' id='word_1_291' title='bbox 535 4313 583 4367; x_wconf 76' lang='lat' dir='ltr'><strong>qut</strong></span> <span class='ocrx_word' id='word_1_292' title='bbox 606 4335 627 4343; x_wconf 96' lang='lat'>-</span> <span class='ocrx_word' id='word_1_293' title='bbox 649 4309 819 4357; x_wconf 66' lang='lat' dir='ltr'><strong>Felicitatis</strong></span> <span class='ocrx_word' id='word_1_294' title='bbox 837 4309 919 4356; x_wconf 83' lang='lat' dir='ltr'><strong>emittit</strong></span> <span class='ocrx_word' id='word_1_295' title='bbox 942 4311 985 4356; x_wconf 73' lang='lat' dir='ltr'><strong>Ed.</strong></span> <span class='ocrx_word' id='word_1_296' title='bbox 1005 4317 1039 4358; x_wconf 82' lang='lat' dir='ltr'><strong>l’r.</strong></span> <span class='ocrx_word' id='word_1_297' title='bbox 1115 4315 1137 4366; x_wconf 76' lang='lat'><strong>²)</strong></span> <span class='ocrx_word' id='word_1_298' title='bbox 1156 4310 1383 4362; x_wconf 65' lang='lat' dir='ltr'><strong>serenantem</strong></span> 
     </span>
     <span class='ocr_line' id='line_1_35' title="bbox 348 4381 422 4424; baseline -0.027 0"><span class='ocrx_word' id='word_1_299' title='bbox 348 4381 422 4424; x_wconf 82' lang='lat' dir='ltr'><strong>ittx.</strong></span> 
     </span>
    </p>
   </div>
   <div class='ocr_carea' id='block_1_10' title="bbox 0 0 1504 5316">
    <p class='ocr_par' dir='ltr' id='par_1_11' title="bbox 0 0 1504 5316">
     <span class='ocr_line' id='line_1_36' title="bbox 0 0 1504 5316; baseline 0 0"><span class='ocrx_word' id='word_1_300' title='bbox 0 0 1504 5316; x_wconf 95' lang='lat' dir='ltr'><strong> </strong></span> 
     </span>
    </p>
   </div>
  </div>
 </body>
</html>
