2866 5310
343 463 405 528 816
447 467 522 546 Cap.
543 463 686 525 CLXXX.
729 465 775 525 De
796 463 901 524 sonnio
923 463 1056 544 Barioonr
1079 474 1108 524 et
1129 465 1296 546 iosaphat.

342 627 423 682 hatur
445 624 549 681 dteena:
574 625 633 680 ueni
659 627 687 680 tn
708 623 810 679 donoro
835 638 917 680 uteoru
942 630 970 679 et
992 640 1092 680 omnen
1117 623 1171 680 tihi
1200 624 1397 686 tun-utute·

344 724 477 783 arhtheho
495 731 523 780 et
539 721 682 781 honorthoa
702 730 730 779 te
749 722 884 779 dimittant.
920 722 967 778 Cui
986 723 1151 795 phiioutena:
1172 741 1245 781 nunt
1256 742 1313 797 pre
1325 733 1395 782 erute

342 829 456 899 cognovi
473 830 500 880 te
521 822 712 890 intonaretur,
736 837 794 878 nato
813 837 845 877 er
863 821 919 888 hit,
943 837 1011 894 qnae
1032 822 1082 880 tttt
1105 822 1179 892 diri,
1205 824 1312 881 nuiiure
1332 842 1393 897 pro-

343 925 437 981 teoturn
456 922 589 991 habuisti,
613 926 676 996 quta
701 930 727 979 et
750 923 785 978 da
810 937 851 977 nte
875 921 981 992 perdito
998 928 1025 977 et
1040 923 1248 995 irrecuperuhdt
1270 925 1351 981 doira
1368 933 1393 982 et

343 1039 383 1080 ruo
406 1027 493 1079 tantae
514 1037 627 1094 ¹euporo,
651 1039 708 1078 eoru
732 1036 848 1094 nequeat
872 1036 931 1076 oreo
951 1024 1046 1077 ttinere
1063 1038 1197 1096 pergere,
1226 1030 1256 1079 et
1282 1027 1392 1096 iueuper

342 1124 511 1197 norgurttnn
523 1127 575 1177 ton
594 1121 720 1195 granden
734 1124 759 1175 tn
773 1122 839 1181 noia
850 1120 996 1176 riooerthoa
1009 1121 1147 1178 credidisti
1158 1139 1241 1190 euro,
1263 1139 1325 1179 nun
1339 1141 1388 1198 epo

341 1229 398 1278 tota
413 1221 447 1278 ad
458 1221 662 1295 magnitudinem
680 1223 723 1276 oti
735 1219 892 1276 struthionis
904 1236 955 1276 non
967 1220 1066 1277 talento
1079 1225 1244 1296 pertingere.
1265 1223 1387 1300 sicergo

342 1322 417 1378 atriti
430 1328 492 1377 eunt
508 1320 556 1387 titt,
575 1322 619 1393 qui
633 1319 765 1376 oonddnnt
781 1321 808 1376 iu
820 1317 917 1392 pitorio,
936 1321 999 1392 quia
1016 1319 1161 1392 pter-aton
1181 1337 1201 1377 ι
1219 1339 1253 1380 ee
1273 1323 1388 1382 udoeut

334 1431 369 1479 nt
386 1420 532 1478 custoditor
551 1436 567 1476 n
584 1435 614 1476 no
633 1418 756 1475 contudea
775 1433 840 1475 aune
852 1418 996 1491 appeliant.
1032 1418 1179 1494 Coepttque
1191 1428 1290 1479 eontra
1308 1424 1384 1479 initu·

342 1538 397 1580 teor
415 1519 501 1577 nundi
523 1519 723 1576 delentotiouen
743 1525 771 1574 et
791 1520 931 1576 runitnten
949 1519 1031 1575 nnita
1048 1517 1188 1590 diuputare
1206 1529 1237 1577 et
1253 1522 1335 1593 piurn
1351 1522 1384 1577 ad

341 1599 529 1693 hon'enenrpia
547 1619 679 1676 odduoero
703 1619 805 1674 ditent.
841 1617 890 1682 ont
914 1619 1067 1690 eorporuiea
1089 1619 1288 1677 deieottttiouer
1312 1623 1382 1680 deai-

342 1722 479 1778 detentet
496 1723 597 1776 anton
616 1733 678 1776 auat
697 1718 764 1774 intua
783 1719 849 1773 nort
873 1721 1039 1790 permittunt,
1063 1720 1166 1775 nimiter
1190 1728 1256 1777 aunt
1279 1722 1381 1778 eutduu

342 1821 458 1888 homini,
482 1823 543 1893 qni,
562 1819 622 1875 don
640 1833 657 1874 a
676 1817 744 1873 iacto
762 1820 909 1887 unicornio,
934 1835 970 1876 na
987 1819 1022 1875 ah
1040 1835 1073 1876 eo
1090 1819 1285 1888 devoraretur,
1310 1823 1380 1879 reio-

343 1925 399 1978 nioa
423 1921 542 1996 ingeret,
568 1922 594 1974 in
617 1917 747 1991 quoddam
771 1917 922 1975 barathrum
940 1935 1061 1993 turquoto
1078 1919 1191 1987 recidit,
1216 1921 1279 1976 duro
1297 1931 1380 1978 auten

341 2022 464 2089 aderet,
500 2020 620 2076 nantino
647 2003 808 2074 arhoutuinut
840 2017 1019 2090 apprehendit
1048 2019 1179 2092 quanda·
1205 2005 1242 2078 ot.
1262 2023 1289 2076 in
1318 2021 1381 2078 hana

342 2122 454 2196 quadani
472 2119 574 2178 iuhrtoa
590 2124 617 2176 et
636 2117 753 2176 inttahiii
772 2117 854 2189 peden
872 2117 936 2174 tut.
972 2117 1125 2191 despicient
1147 2136 1212 2176 rero
1232 2121 1301 2178 ridit
1317 2122 1379 2178 door

337 2197 438 2290 'noran
456 2238 533 2278 unuin
547 2220 634 2276 athon
646 2225 673 2275 et
685 2235 760 2275 unun
775 2219 889 2292 nigroni,
907 2222 1072 2277 intentantur
1085 2219 1201 2278 radioeun
1216 2221 1379 2288 dehortetur,

342 2339 419 2399 quun
443 2318 674 2394 apprehenderat,
702 2317 875 2376 corrodentes
903 2325 929 2375 et
954 2321 1011 2390 jon
1035 2336 1117 2390 propo
1136 2327 1210 2388 erat,
1243 2329 1274 2377 nt
1298 2326 1379 2394 ipra·

341 2422 520 2482 nhaoiderent.
554 2420 583 2477 ln
608 2420 689 2476 tundo
713 2426 799 2476 auten
823 2420 942 2477 barathri
968 2420 1035 2476 ridit
1062 2418 1201 2476 dracone·
1234 2423 1378 2480 terrihiie·

340 2527 484 2597 epirantan
511 2524 598 2596 ignauo
621 2527 649 2576 et
669 2527 763 2591 aperto
787 2535 835 2582 ure
856 2523 942 2591 ipsun
960 2519 1092 2591 deuorare
1108 2522 1278 2592 cupienten,
1302 2541 1379 2597 nuper

340 2625 432 2682 hanan
451 2638 527 2690 tero,
546 2620 591 2676 uhi
608 2620 690 2690 pedet
707 2619 829 2688 tenebat,
855 2621 919 2676 ridit
939 2628 1053 2693 quotuor
1069 2619 1189 2691 nuptur-
1207 2627 1304 2695 oapttu
1322 2626 1377 2682 inde

340 2722 506 2796 prodeuntia.
540 2719 655 2778 Ederaou
672 2727 757 2777 autent
783 2720 875 2776 oouiou
894 2721 959 2775 ridit
981 2723 1103 2792 arigun-
1125 2720 1213 2777 neidie
1240 2723 1278 2781 da
1302 2728 1376 2781 ruit

339 2825 412 2880 iiiior
434 2820 589 2879 orhuutodtte
606 2819 709 2876 atiliano
727 2819 879 2894 ohiitunquo
903 2820 1028 2892 pariendi,
1053 2822 1081 2878 in
1107 2837 1158 2894 quo
1184 2823 1309 2898 nudique
1331 2842 1375 2898 po·

340 2928 407 2980 uitur
429 2929 503 2989 erat,
532 2936 562 2977 ne
592 2923 675 2992 ipson
702 2915 834 2977 duldedini
858 2923 929 2977 iiiior
952 2921 1045 2977 noditi
1073 2922 1158 2978 uetito
1183 2929 1272 2980 totuur
1295 2925 1376 2984 dedit

340 3022 477 3080 unicornio
496 3027 582 3077 nutent
601 3023 692 3077 nortio
710 3027 781 3077 tenet
800 3019 925 3095 figurari,
952 3037 1020 3093 quoe
1043 3019 1172 3078 hortinanr
1192 3039 1306 3097 temper
1321 3043 1376 3099 per·

340 3123 460 3195 nequitur
476 3128 503 3177 et
520 3117 721 3192 apprehendere
734 3123 815 3192 eupit,
832 3121 984 3178 barathrum
999 3136 1060 3201 uero
1075 3119 1185 3210 nondun
1201 3131 1245 3180 eat
1259 3128 1377 3183 onnttu

235 3241 237 3244 ·
339 3223 417 3279 uuita
440 3221 541 3292 pientio.
576 3219 721 3276 hrhuatuiu
743 3223 949 3294 uniuscujusque
972 3223 1026 3278 ritu
1048 3227 1106 3289 eut,
1130 3237 1200 3293 quau
1222 3240 1278 3296 per
1301 3226 1377 3284 hortu

339 3322 393 3380 diei
412 3322 636 3402 etnootiaqunet
654 3335 815 3390 premortuo
834 3320 922 3376 aihu·
946 3327 973 3377 ot
995 3324 1097 3394 uiqrun
1123 3323 1296 3382 inoeuoauter
1317 3343 1375 3382 eou-

339 3423 450 3478 tueritne
474 3426 502 3476 et
523 3421 645 3478 inrisioni
669 3423 872 3492 appropinquet
907 3419 985 3476 Bauio
1016 3437 1078 3477 rero
1110 3423 1232 3494 aepidun
1266 3433 1377 3499 quatuor

339 3535 436 3591 eorpue
454 3534 487 3576 eu
504 3525 618 3591 quatuor
641 3518 777 3574 elementia
800 3523 988 3591 conpositum,
1013 3523 1109 3594 qoihnu
1132 3521 1297 3581 inordinatio
1321 3541 1376 3581 onr-

337 3623 412 3694 poria
428 3635 557 3692 conpago
574 3618 737 3674 dinuoiritur.
771 3617 857 3674 Draco
874 3619 1002 3676 terrihidiu
1024 3636 1056 3677 ot
1078 3622 1174 3678 interni
1196 3633 1312 3680 ourotou
1331 3626 1375 3683 de·

338 3736 433 3777 rorare
455 3722 579 3792 cupient,
611 3717 723 3773 dolendo
748 3719 888 3774 ranotouii
912 3718 1055 3777 deieototio
1081 3721 1163 3778 inita:
1188 3723 1301 3791 nundi,
1332 3741 1376 3797 per

337 3835 414 3892 quero
426 3818 503 3875 hono
516 3817 660 3884 uedooitar,
679 3822 707 3872 ut
725 3819 867 3889 pariouiun
879 3835 953 3876 uuun
968 3821 1071 3877 niniuue
1087 3824 1229 3878 intueatur.
1265 3825 1376 3880 Addidit

337 3935 442 3992 quoque
466 3918 570 3974 dioenu:
597 3917 697 3973 tinnitor
720 3923 781 3973 tuot
804 3919 897 3975 iterun
923 3919 1019 3976 nundi·
1033 3927 1166 3978 enatoree
1187 3921 1306 3992 hontut,
1333 3928 1374 3998 qui

335 4025 392 4074 tren
409 4019 508 4082 anteon
526 4016 631 4083 hahuit,
649 4033 757 4090 quorun
774 4034 851 4074 ouon
870 4018 929 4089 pino
949 4034 1024 4091 quun
1044 4035 1089 4086 na,
1107 4021 1250 4078 neeundun
1275 4032 1374 4080 tantun

336 4125 460 4189 quantun
484 4132 528 4184 ue,
560 4117 663 4173 tortian
694 4119 778 4173 ninua
809 4131 886 4190 quarn
910 4133 942 4174 aa
967 4126 994 4174 at
1016 4122 1092 4191 quoni
1117 4121 1182 4176 nihii
1206 4123 1312 4180 ditexit.
1346 4125 1373 4180 in

265 4265 266 4268 ,
336 4231 432 4289 nequo
447 4219 538 4289 itaque
556 4216 672 4287 perionio
691 4220 794 4298 pontina
812 4225 838 4277 et
854 4233 872 4274 a
888 4233 953 4292 rege
971 4221 1067 4276 dtatut
1083 4222 1199 4276 ouoorrtt
1213 4222 1247 4277 ud
1262 4226 1372 4294 prinu·

335 4317 463 4384 unitura,
484 4317 541 4388 eiua
560 4317 686 4374 eutition
704 4333 834 4391 quaerent
854 4325 890 4386 et,
910 4317 1025 4392 qualiter
1041 4335 1099 4375 ιιι
1117 4317 1251 4387 diduxerit,
1269 4337 1374 4396 uenpau

337 4423 549 4473 eonneuorutn.
586 4417 634 4476 Cui
660 4417 846 4487 thietherdo,
870 4419 930 4493 quin
954 4419 1007 4490 ria,
1031 4434 1047 4475 u
1070 4417 1164 4491 hono,
1189 4419 1279 4480 haheo
1305 4424 1373 4480 uitet
