2918 5302
331 463 394 528 594
435 464 507 545 Cep.
530 462 660 522 cxxxt.
702 463 747 522 De
768 461 915 520 nativitate
938 461 1038 520 beetee
1061 459 1172 520 hieriae
1195 459 1329 538 uirginis.

333 630 412 681 tutent
440 621 521 680 uiieti
552 625 708 680 restituitur.
748 619 868 676 Tendere
892 618 928 676 sd
951 633 981 675 ss
1006 633 1130 677 resersus
1160 617 1194 677 de
1221 635 1273 686 eu,
1303 617 1378 692 quui

333 725 450 792 tereret,
467 721 544 782 vaide
563 723 690 796 ingenuit
707 727 734 777 et
750 719 785 777 sd
802 721 929 794 virginera
947 719 1109 792 giarium,
1126 723 1156 774 ut
1172 720 1227 776 sthi
1248 721 1276 775 tn
1294 717 1377 792 sdju-

332 826 428 879 turtnn
445 822 535 890 iteret,
558 823 727 878 tutamentis
746 820 886 877 devotione
905 817 1034 893 coniugii.
1067 815 1186 883 Quadam
1205 821 1299 892 igitur
1315 822 1376 876 rius

333 923 412 978 hesta
433 921 521 979 hieria
546 925 572 979 in
595 924 696 979 visione
714 922 750 977 iiii
770 934 901 991 apparens
926 917 959 974 de
978 921 1112 989 inpietate
1130 919 1215 991 ipsunt
1235 919 1377 993 redarguit

334 1029 361 1078 et
375 1021 489 1094 dyshnin
507 1021 694 1086 abrenuntiare
712 1022 848 1094 praecepit
874 1035 905 1075 ac
924 1018 1056 1074 Christum
1072 1017 1121 1074 liei
1144 1016 1227 1074 titium
1250 1026 1278 1075 et
1296 1035 1374 1074 unus

334 1119 533 1178 christianitatis
551 1124 713 1194 propositum
730 1120 848 1176 coniteri
867 1117 935 1174 ierit
953 1124 980 1174 et
1004 1119 1044 1174 sie
1070 1118 1154 1188 ipsu·
1173 1119 1199 1174 in
1217 1121 1262 1174 sui
1280 1126 1308 1176 st
1326 1118 1374 1174 uttt

333 1223 444 1293 gratie·
465 1223 630 1293 recuperarit
648 1220 727 1278 etad
747 1219 868 1275 indicium
890 1216 1006 1273 indultae
1027 1219 1121 1274 reniae
1139 1219 1232 1274 iterun
1251 1220 1305 1274 sihi
1325 1233 1374 1291 sp·

334 1334 430 1390 parens
449 1319 668 1393 chirographum,
686 1321 755 1394 quod
775 1318 888 1392 daubolo
906 1316 1025 1384 dederat,
1043 1315 1094 1372 sihi
1111 1316 1229 1373 reddidit
1246 1325 1274 1374 et
1290 1333 1374 1389 super

333 1425 424 1491 pertus
444 1423 547 1492 posuit,
564 1427 593 1476 ut
606 1421 661 1494 jan
680 1436 731 1476 nun
749 1435 780 1482 se
797 1417 904 1490 dyabuli
921 1431 1025 1472 uerrunt
1041 1419 1161 1482 timeret,
1182 1416 1231 1474 sed
1251 1434 1301 1488 per
1320 1420 1374 1472 rir-

331 1521 419 1591 gtnsur
437 1535 467 1574 se
485 1519 596 1575 liberunt
615 1520 712 1575 iactum
729 1518 867 1592 gauderet.
902 1517 959 1580 Qun
977 1509 1143 1587 Theophilus
1162 1522 1271 1586 recepto
1288 1515 1372 1572 rehe-

332 1626 433 1675 menter
450 1619 585 1674 exsuitans
603 1633 690 1674 curan
708 1621 836 1691 episeopo
855 1619 976 1688 annique
994 1617 1108 1687 pupule,
1134 1615 1205 1688 quod
1225 1615 1281 1670 sihi
1297 1617 1372 1670 arei-

331 1719 422 1786 derttt‚
447 1718 538 1775 retulit
562 1727 588 1774 et
612 1721 712 1774 eunetis
737 1716 927 1772 admirantibus
952 1722 979 1771 et
996 1717 1122 1790 virginem
1145 1714 1292 1788 giurtessn
1310 1715 1371 1770 isu-

332 1818 454 1873 dantibus
472 1821 530 1890 ipse
548 1825 609 1889 peut
625 1818 739 1873 triduum
755 1821 782 1873 hu
800 1831 865 1889 pare
884 1817 994 1887 quierit.
1013 1845 1047 1860 -
1063 1845 1096 1856 -
1115 1845 1148 1857 ·-
1173 1820 1234 1874 un.
1257 1812 1370 1879 Quidue

331 1921 373 1973 rir
398 1924 424 1973 st
448 1933 515 1973 uuor
538 1931 588 1972 sus
611 1918 689 1972 hlium
708 1917 809 1973 uuiraru
827 1916 955 1972 hebentes
973 1929 1031 1971 een
1048 1914 1150 1980 uuidere
1164 1915 1259 1986 Juteui
1275 1916 1370 1985 nuptui

329 2017 511 2084 tradiderunt,
536 2017 570 2073 eh
582 2033 706 2074 tenerem
727 2025 813 2073 auteur
839 2016 910 2071 hiiee
934 2031 1057 2087 generunt
1074 2030 1163 2070 seuuut
1182 2016 1210 2068 in
1228 2013 1309 2069 doure
1326 2023 1368 2070 te-

329 2116 436 2172 nebant.
471 2115 560 2173 hister
583 2123 668 2173 autent
694 2117 798 2188 puellae
812 2118 934 2187 juvenen
953 2128 1043 2172 umere
1062 2115 1132 2171 hiiss
1147 2101 1215 2170 'suus
1233 2121 1288 2168 tutu
1306 2113 1369 2168 diii·

329 2223 424 2288 genter
440 2216 560 2284 uniebat,
577 2223 606 2272 ut
625 2233 676 2272 uon
693 2218 779 2289 netur
796 2223 868 2272 esset
885 2231 961 2270 anor
978 2215 1083 2288 puellae
1100 2214 1136 2270 sd
1153 2229 1272 2286 puerum,
1290 2228 1368 2286 quan

328 2329 422 2370 soene
435 2314 468 2370 ud
481 2331 616 2388 generunt.
651 2314 798 2372 interhaee
815 2316 940 2372 nattttuut
957 2316 1046 2372 disere
1063 2297 1215 2387 eruperunt,
1233 2313 1305 2386 quad
1317 2313 1369 2368 hue

327 2430 381 2471 nun
406 2413 477 2470 hiiae
501 2429 583 2472 naues
607 2415 729 2486 iaceret,‘
751 2414 799 2471 sed
823 2422 853 2470 ut
875 2416 960 2472 eident
984 2433 1033 2489 pru
1058 2414 1113 2470 hiie
1137 2429 1198 2470 sese
1222 2415 1368 2486 ingereret.

328 2513 392 2569 Cum
410 2515 492 2586 igitur
509 2514 626 2571 mulieris
644 2519 755 2574 animun
773 2521 857 2591 tanta
869 2515 974 2571 saisitus
995 2517 1187 2580 concussisset,
1214 2515 1311 2569 tinent
1334 2528 1369 2569 us

327 2615 355 2668 iu
372 2613 447 2686 rutgt
466 2613 582 2670 inbutum
600 2619 760 2683 uerteretur,
781 2615 849 2670 duos
868 2619 981 2671 rusticos
1001 2615 1157 2689 alloquitur,
1177 2616 1244 2669 etsi
1265 2613 1369 2670 eurulis

326 2727 453 2784 generum
471 2714 639 2787 strungnisre
657 2715 754 2785 usitat,
781 2716 889 2771 nuiithst
914 2715 963 2770 XX
987 2714 1088 2771 soitdos
1107 2713 1257 2787 pollicetur.
1294 2713 1368 2778 iius-

327 2810 386 2868 datu
405 2829 470 2886 erge
484 2811 532 2870 'die
550 2829 596 2869 ene
615 2817 642 2869 in
660 2814 769 2870 retiario
786 2814 925 2872 reuiudens
945 2819 1063 2871 neritum
1084 2831 1156 2870 suun
1180 2830 1213 2869 eu
1234 2813 1368 2871 industris

326 2913 417 2984 ulique
446 2915 486 2968 ire
516 2912 648 2968 consuluit
677 2919 704 2969 et
728 2913 808 2969 hiiutn
831 2915 885 2969 uita
909 2917 1062 2970 transmisit.
1102 2913 1177 2971 Tune
1204 2913 1367 2970 aduiesesns

323 3011 403 3081 iussu
420 3011 541 3068 dossinus
558 3027 623 3068 suae
640 3013 790 3080 retiarium,
809 3019 839 3071 ut
856 3015 941 3069 uinum
959 3014 1076 3082 aiierret,
1095 3015 1243 3087 ingreditur
1260 3021 1289 3069 et
1306 3029 1366 3069 nux

325 3123 343 3164 u
366 3109 513 3166 latronibus
538 3111 727 3184 strangulatur.
762 3111 827 3170 htux
850 3128 943 3168 ruerus
965 3119 1050 3186 ipsura
1068 3118 1095 3170 in
1113 3114 1208 3172 ieetun
1226 3113 1298 3169 hitss
1317 3113 1365 3169 de-

324 3208 384 3264 tuiit
408 3215 435 3265 et
462 3211 539 3282 qunti
565 3210 736 3266 dormientem
752 3195 871 3269 restibus
890 3216 1062 3270 riruuutsstt.
1096 3211 1277 3271 hedsnrnihus
1296 3229 1363 3286 erge

324 3309 417 3362 nerito
436 3315 464 3364 rt
483 3307 539 3364 hiis
556 3315 583 3364 et
599 3309 634 3364 ed
652 3327 768 3366 nenseu
786 3314 882 3383 positis
895 3293 974 3385 jubet
991 3320 1074 3370 nater
1089 3313 1175 3381 ditae,
1195 3318 1223 3368 ut
1240 3315 1363 3368 uanum

323 3404 420 3462 dehent
437 3409 554 3474 excitare
572 3415 599 3464 et
617 3408 651 3463 ad
670 3427 785 3488 nuenseru
805 3427 912 3472 rursus.
946 3413 1019 3478 ouer
1036 3429 1094 3469 eum
1112 3413 1262 3470 deiunrtun
1281 3429 1362 3485 repe-

323 3507 403 3560 risset
420 3512 447 3562 et
462 3505 530 3562 heeu
548 3511 653 3565 renuite
669 3513 831 3580 nuntiasset,
852 3519 910 3567 tuta
925 3513 1027 3568 danitis
1045 3515 1072 3570 tu
1090 3514 1227 3568 iuuentute
1248 3517 1362 3569 uertitur

321 3609 348 3659 et
376 3603 424 3659 iiia
455 3607 549 3662 uniter
575 3606 706 3664 hunieida
736 3612 814 3684 quasi
844 3611 937 3667 dniens
966 3627 1023 3668 surn
1051 3613 1164 3668 caeteris
1189 3612 1359 3672 isueutstur.

320 3699 438 3760 Tendere
461 3704 556 3761 mutter
573 3705 606 3762 ds
629 3717 783 3779 perpetrate
805 3711 906 3767 sustsre
932 3711 1010 3767 ratde
1028 3713 1156 3785 ingenuit
1179 3717 1206 3768 et
1223 3711 1358 3767 ssrerdutt

320 3803 408 3856 onnia
431 3819 479 3873 per
502 3803 619 3862 ordinent
645 3808 771 3864 contessa
792 3809 850 3865 nn.
884 3810 949 3866 Post
966 3810 1073 3882 utiquad
1093 3817 1195 3882 tenpus
1213 3811 1283 3866 tuter
1298 3826 1356 3866 rsu-

319 3898 410 3958 tiereut
434 3907 461 3958 et
485 3903 648 3962 sacerdote·
675 3907 788 3980 ittigiuru
817 3909 902 3964 uritur
923 3915 951 3966 et
975 3925 993 3966 a
1018 3909 1161 3966 tarentas
1184 3910 1237 3967 stirt
1261 3914 1356 3982 generi

318 3995 484 4055 homicidium
509 4003 651 4076 irrogatur.
687 4005 762 4070 Quod
784 4023 839 4063 aaut
859 4009 892 4064 ad
917 4015 1052 4080 parentum
1081 4011 1104 4080 ¹)
1109 4011 1216 4081 juvenis
1235 4011 1356 4068 aottttun

319 4094 483 4166 devenisset,
515 4100 654 4158 adducitur
673 4105 707 4159 sd
728 4106 843 4176 judicem
867 4113 894 4163 et
916 4107 951 4164 uh
975 4125 1008 4165 ee
1032 4108 1137 4181 ignitius
1166 4109 1357 4166 runursnauds

317 4192 463 4254 adunetur.
498 4195 587 4256 Finem
605 4217 671 4274 erge
686 4207 763 4259 'suun
781 4207 915 4265 inminere
936 4206 1108 4266 considerans
1127 4205 1162 4262 ud
1180 4197 1285 4264 heatsn
1301 4211 1355 4264 rir-

315 4331 687 4355 —————.—

365 4415 386 4468 t)
399 4419 596 4472 vocemjuvua
605 4421 628 4466 is
642 4423 727 4468 uuuittit
742 4423 782 4470 sd.
796 4431 829 4472 Pr.
