2902 5310
310 433 372 498 tati
536 429 609 509 Cap.
633 427 745 488 CLXll.
788 427 834 487 De
855 426 987 486 omnibus
1014 429 1153 487 sanctis.

311 591 452 664 tempium,
475 585 546 660 quod
574 586 729 642 lubricatum
749 585 835 642 iuerat
854 585 974 641 omnibus
990 583 1113 656 ydolis,
1143 603 1222 643 nuno
1241 585 1371 644 delient·

312 701 354 753 oat
372 692 492 749 omnibus
510 689 624 754 sanetis,
650 694 677 742 et
693 687 739 742 ubi
757 684 896 742 multitudo
915 684 1058 740 colebatur
1075 685 1261 758 ydolorum,
1288 688 1323 742 ibi
1337 688 1373 742 de-

314 801 375 851 uote
397 790 524 848 landetur
548 785 686 848 multitudo
710 793 868 843 sanctoruni.
904 784 1028 842 Secundo
1051 788 1197 845 instituta
1217 795 1263 845 est
1283 795 1374 862 propter

314 896 471 952 omissorum
495 889 705 961 suppletionem
730 887 869 943 nonenim
897 885 992 943 multos
1017 893 1142 944 saneios
1173 888 1376 956 omisimus,lr

313 995 412 1068 quibem
443 991 539 1048 nullam
572 988 742 1046 testivitatem
769 987 827 1042 sire
855 988 933 1043 etlam
962 988 1124 1043 memoriam
1156 990 1291 1048 lecimus.
1330 987 1376 1044 llnr

315 1097 384 1152 enim
403 1106 544 1165 possumne
563 1091 675 1146 omnium
694 1092 844 1142 sannionum
864 1085 933 1141 testu
951 1101 1033 1159 egere
1058 1093 1118 1142 tum
1141 1095 1269 1161 propter
1287 1097 1378 1145 sudo
1410 1130 1413 1156 ,

317 1211 373 1250 runi
391 1191 644 1262 multiplicationem,
663 1189 727 1261 quis
740 1187 813 1243 multi
833 1192 861 1243 et
878 1189 956 1258 quest
976 1187 1072 1242 intiniti
1091 1196 1182 1256 sunt,
1204 1196 1262 1246 tum
1281 1195 1378 1262 propter

318 1270 436 1350 nostram
459 1289 649 1357 infirmitatem,
679 1289 742 1360 qnia
767 1285 861 1344 infirmi
886 1292 912 1343 ei
936 1286 1040 1343 debiles
1067 1303 1171 1343 sumus
1201 1305 1255 1346 neo
1281 1290 1316 1345 ed
1338 1288 1378 1343 boe

319 1392 445 1450 auiboore
461 1406 614 1463 possennus,
641 1396 695 1444 tuni
721 1395 832 1460 propter
850 1389 977 1458 temporis
993 1385 1184 1457 brevitatem,
1216 1393 1286 1463 quis
1310 1392 1377 1448 etiam

319 1502 422 1563 tempus
440 1507 493 1547 non
510 1490 653 1547 sutiiorret
688 1488 762 1556 Nem,
781 1491 850 1545 siout
864 1491 902 1544 uit
915 1487 1089 1559 Hieronymus
1109 1490 1140 1544 in
1163 1491 1301 1562 epistola,
1320 1505 1378 1564 pure

321 1596 348 1649 ln
365 1607 415 1648 suo
434 1591 587 1648 calendario
605 1591 793 1662 praeponitur,
813 1588 900 1644 nullus
920 1588 977 1646 dies
996 1597 1051 1656 eet,
1081 1597 1209 1661 excepto
1230 1591 1277 1649 die
1296 1592 1373 1648 raim·
1426 1613 1427 1650 t

322 1693 413 1750 durum
431 1691 630 1758 ianuariarum,
654 1692 699 1762 qui
723 1706 776 1745 non
801 1692 871 1745 intra
898 1687 921 1746 V
947 1689 1053 1744 miliiuro
1080 1693 1232 1746 martirum
1249 1708 1376 1748 numerum

322 1795 435 1866 reperiri
454 1798 546 1864 posset
563 1791 724 1861 udsortptus,
744 1787 858 1863 ideoque
876 1789 990 1845 eeclesia
1006 1791 1220 1848 rationabiliter
1238 1785 1374 1859 ordinarit

323 1903 367 1962 ut,
384 1897 449 1968 quia
467 1893 578 1947 omnium
597 1897 744 1946 sanctorum
764 1890 936 1962 singulariter
950 1890 1020 1946 teste
1034 1890 1126 1946 iaoere
1147 1909 1208 1949 non
1228 1909 1374 1966 possumus,

324 1995 417 2054 erton
443 2008 536 2049 omnes
561 1989 723 2065 generaliter
744 1995 772 2046 et
787 1989 891 2044 insimul
909 1989 1076 2046 honoremus.
1115 1991 1215 2056 Quare
1233 2003 1324 2053 anun
1339 1997 1374 2050 r..
1427 2009 1428 2030 ι

325 2098 443 2152 stitutum
462 2095 514 2161 sit,
539 2099 568 2147 ut
593 2091 754 2147 reinvitatus
771 2096 921 2146 sanctorum
940 2093 968 2146 ln
984 2094 1063 2146 terris
1087 2105 1226 2165 agamus,
1252 2099 1374 2170 magister

326 2195 484 2255 Guillermus
502 2193 737 2251 altissiodorensis
756 2193 782 2246 in
800 2206 900 2246 summu
918 2190 951 2247 de
970 2189 1058 2246 oibcio
1074 2195 1152 2263 ponit
1179 2211 1232 2252 seu
1252 2201 1373 2254 rodoara

324 2296 414 2354 Prinne
438 2302 480 2352 est
503 2300 614 2366 propter
630 2291 756 2348 bonorem
782 2291 890 2349 divinae
906 2293 1068 2363 maiestati„
1091 2307 1150 2348 oum
1179 2300 1254 2352 enim
1281 2302 1373 2355 sudis

326 2399 453 2455 bonorem
478 2394 666 2467 inpendimus,
688 2391 770 2448 lleurn
794 2395 821 2447 in
839 2395 939 2448 sanetis
962 2391 1122 2448 honoremus
1142 2400 1171 2450 et
1191 2397 1283 2469 ipsura
1303 2403 1329 2454 iu
1345 2401 1373 2453 iti
1428 2391 1429 2402 ¹

327 2497 472 2555 mirabilem
491 2497 691 2567 praedicemus,
717 2497 795 2566 quin,
819 2494 863 2565 qut
886 2495 985 2548 seretis
1010 2492 1137 2550 bonorem
1162 2497 1281 2567 tribuit,
1308 2499 1373 2555 itin

327 2598 481 2672 specialiter
510 2595 640 2661 honorat,
672 2596 717 2666 qui
747 2608 794 2650 eos
823 2591 1008 2652 unnotibourit.
1041 2593 1165 2651 Secunde
1196 2604 1242 2654 ost
1268 2607 1374 2672 propter

327 2700 452 2756 auxilium
478 2703 585 2752 nostrae
613 2693 786 2762 infirmitatts;
812 2696 875 2766 quio
900 2697 967 2750 enim
994 2711 1043 2766 per
1065 2710 1113 2750 nos
1139 2695 1258 2754 sulutem
1278 2700 1375 2757 bebere

328 2816 379 2856 non
399 2811 547 2872 possumus,
565 2795 626 2852 ideo
644 2803 792 2852 sauctorum
811 2795 1047 2852 intercessionibus
1067 2796 1229 2870 indigemus,
1250 2802 1373 2874 equibus

328 2906 358 2958 ut
368 2899 490 2973 adjurari
503 2913 657 2964 mereamur,
675 2897 768 2951 merito
782 2898 857 2966 ipsos
871 2894 1002 2953 bouornro
1015 2895 1150 2956 debemus.
1179 2897 1303 2973 Legitur
1312 2904 1375 2962 eui!

328 2998 481 3074 titttrgt,
496 2997 567 3070 quod
579 2997 741 3065 Bersabeae,
754 2996 826 3069 quod
840 2999 1029 3069 interpretetur
1039 3005 1135 3070 puteus
1151 3001 1335 3070 ¹)sntietuiis,
1349 3001 1374 3056 id

329 3108 371 3158 eet
388 3101 503 3157 rodone
524 3095 696 3169 trininplinns,
715 3095 769 3152 blio
784 3113 842 3165 suo,
862 3098 945 3155 idest
963 3099 1091 3155 eoelestno
1110 3099 1248 3170 militanti,
1266 3120 1376 3178 reguum

329 3203 386 3258 suis
397 3198 521 3272 precibus
536 3199 658 3256 obtinuit
678 3196 772 3253 Tertio
784 3203 825 3257 eut
839 3205 948 3271 propter
961 3205 1127 3272 augmentum
1141 3208 1259 3259 nostrae
1273 3207 1375 3260 seeun-

329 3303 410 3369 tatts,
440 3305 469 3355 ut
494 3300 597 3355 soiliset
620 3313 669 3370 per
692 3303 841 3354 remotorum
863 3299 993 3371 glorium,
1024 3315 1093 3373 quse
1121 3301 1200 3357 nobis
1231 3305 1259 3361 iu
1284 3322 1374 3362 eorum

330 3401 474 3459 testivitate
505 3400 677 3473 proponitur,
705 3406 798 3455 nostre
828 3413 891 3470 spos
915 3405 942 3455 et
967 3405 1097 3456 securitas
1120 3410 1328 3475 augmentorum
1352 3409 1378 3462 si

330 3503 398 3560 euim
415 3501 534 3557 honines
552 3499 676 3555 nortales
702 3499 781 3556 nobis
801 3500 901 3557 slmiles
925 3509 1066 3573 potnerunt
1088 3503 1126 3558 ite
1144 3519 1193 3573 per
1209 3519 1264 3562 sua
1283 3511 1376 3566 merita

330 3601 481 3669 uubttnnrt,
507 3607 627 3668 oonstnt,
651 3600 723 3672 quod
740 3616 790 3657 nos
814 3602 936 3658 similiter
952 3605 1109 3675 poterimus,
1134 3619 1191 3659 eum
1209 3621 1308 3663 manus
1326 3609 1376 3665 do·

331 3704 393 3761 rainl
417 3701 575 3759 abbreviato
599 3717 650 3757 non
675 3704 720 3757 sit
756 3700 857 3765 Quarta
882 3708 923 3757 est
949 3710 1059 3774 propter
1089 3703 1235 3776 exemplum
1265 3719 1378 3766 nostrae

331 3805 501 3872 imitationis;
522 3817 579 3859 oum
598 3804 667 3859 enlm
684 3818 774 3858 eorum
791 3803 921 3859 festivitas
939 3810 1099 3873 recensetur,
1121 3803 1155 3860 ed
1175 3821 1269 3864 uorum
1290 3812 1378 3865 imitu-

330 3906 427 3962 tionem
447 3919 629 3977 proroonmur,
646 3909 677 3958 ut
694 3904 796 3958 seilicet
814 3919 902 3959 eorum
920 3904 1040 3976 exemplo
1056 3911 1161 3961 terrene
1175 3914 1378 3967 uonmninnmus

332 4014 359 4062 et
383 4005 512 4061 eoelestia
538 4003 728 4063 desideremus.
781 4003 877 4067 Quinte
906 4009 947 4060 est
974 4011 1083 4077 propter
1117 4003 1234 4062 debiturn
1269 4017 1378 4068 mutuae

332 4105 536 4172 uicissitudinis;
555 4106 641 4160 saneti
658 4105 725 4159 enim
743 4101 776 4159 de
794 4103 871 4158 nobis
884 4105 910 4158 tn
922 4105 998 4162 eoelo
1014 4104 1108 4161 testum
1120 4103 1231 4175 iaciunt,
1247 4111 1378 4182 gaudium

333 4212 400 4263 enirn
425 4211 467 4261 est
490 4204 595 4279 angelis
620 4203 670 4260 Dei
696 4209 723 4260 et
748 4203 885 4261 nninnbus
912 4207 1012 4261 sanetis
1037 4221 1119 4277 super
1148 4222 1201 4263 uno
1233 4219 1380 4281 pereutere

333 4307 519 4378 poenitentiam
547 4310 654 4378 agente.
698 4301 733 4359 llt
764 4305 847 4377 igitur
877 4303 915 4361 lis
948 4305 1157 4366 vicissitudinem
1188 4312 1378 4382 rependamus,

383 4429 405 4483 t)
418 4431 512 4474 debent.
524 4425 584 4471 mele
597 4425 687 4478 leruntr
701 4423 872 4470 societntis.
