2842 5286
145 111 149 118 ι
230 163 302 242 Cap.
323 161 401 222 th.
449 161 495 220 De
515 169 614 220 saneto
635 159 731 219 blaseo
754 153 939 234 evangeliste.
1041 143 1103 210 adi

51 326 149 376 utem
173 321 203 374 in
226 318 393 376 solemnitate
416 315 538 391 paschali
567 318 662 372 beatus
683 316 793 372 hlarens
814 314 921 368 missam
946 308 1104 373 celebraret

54 427 243 474 convenerunt
260 418 323 473 ilino
341 431 431 474 omnes
450 425 477 473 et
496 415 557 471 lune
575 418 601 470 in
620 413 689 470 eollo
708 416 768 486 ejus
785 414 866 486 misso
886 408 1105 483 ipsumpcroinl-

54 523 143 576 tatem
162 515 303 572 trahebant
319 515 451 572 dieentes:
469 514 604 571 trahamus
621 513 744 570 bubalum
762 512 797 567 ad
814 509 875 566 loca
892 507 1005 565 bueouii.
1041 506 1106 563 Car-

53 632 109 672 mes
134 623 223 674 autem
246 617 305 688 ejus
329 617 357 670 in
373 621 471 671 terram
489 613 604 669 llncbnni
624 619 652 667 et
671 612 803 686 sanrgulne
819 610 922 680 lapides
942 608 1105 682 rigabantur.

57 713 180 772 Parthae
199 717 224 769 in
243 729 350 771 carcere
368 714 512 770 recluditur
529 719 555 768 et
573 711 670 768 ibidem
687 710 721 765 ab
739 709 836 783 angelo
857 709 1035 774 consumatur,
1058 705 1105 762 sed

59 822 89 869 et
116 817 177 885 lpse
200 813 322 868 deminus
346 812 424 870 lesus
451 811 573 868 christus
599 827 655 866 eum
680 812 796 866 visitavit
820 825 930 880 eumque
948 807 1109 864 confortavit

59 912 170 968 diceus:
193 927 245 982 pax
264 912 326 978 ilbi,
350 910 442 967 Marce
467 911 635 984 avangelista
652 925 741 978 meus,
767 910 822 965 noll
844 913 951 976 timere,
975 909 1037 980 quia
1055 921 1107 977 ego

59 1019 148 1067 tecum
166 995 240 1076 sum,
260 1017 288 1064 ut
307 1025 396 1065 eruam
417 1016 453 1066 te.
488 1009 568 1066 illane
589 1025 654 1084 ergo
672 1007 744 1066 iacto
762 1011 849 1066 lunsm
864 1005 956 1065 lt'eruun
968 1006 1038 1062 eollo
1048 1004 1107 1076 ejus

62 1112 206 1165 imminuat
224 1116 251 1165 et
267 1111 319 1164 huo
337 1108 452 1182 illucque
471 1111 565 1180 raptim
583 1125 640 1164 sum
659 1107 815 1181 pertrabunt
836 1111 1028 1165 exclamantes:
1052 1111 1108 1160 ira-

61 1209 120 1265 hite
137 1208 263 1264 bubulum
282 1207 317 1262 nd
336 1208 397 1263 loca
413 1208 526 1264 buccoll.
561 1207 622 1278 lpse
638 1214 725 1264 autem
746 1207 806 1263 duur
824 1208 988 1275 traheretur,
1006 1207 1109 1278 gratias

62 1310 166 1382 agebat
189 1306 299 1364 dicens:
325 1310 351 1362 in
377 1321 469 1362 manus
488 1314 548 1362 tuas
568 1307 720 1362 commendo
744 1310 865 1379 spiritum
884 1321 983 1373 meum,
1007 1311 1033 1360 et
1058 1302 1110 1359 hoo

62 1409 158 1462 dicens
176 1407 297 1477 spiritum
317 1405 453 1463 exhalavit
470 1406 520 1461 sub
538 1405 659 1472 Nerone,
685 1407 731 1477 qui
753 1409 841 1478 eoepit
858 1409 932 1462 eirea
947 1419 1041 1461 anuum
1061 1401 1110 1456 do-

63 1508 129 1560 nini
147 1503 225 1561 avii.
261 1506 324 1561 (lun
342 1511 430 1562 autem
449 1505 547 1578 pagani
566 1521 624 1560 eum
641 1506 740 1561 vellent
758 1507 927 1574 comburere,
953 1503 1041 1560 subito
1065 1507 1111 1557 aer

62 1605 203 1671 turbatur,
221 1604 324 1678 mdo
342 1606 478 1671 exoritur,
496 1607 613 1660 tonitrua
631 1605 765 1674 intonant,
784 1605 944 1678 fulguraque
961 1608 1111 1668 coruscant,

63 1704 105 1758 lta
123 1709 153 1758 ut
171 1701 283 1774 quilibet
302 1704 417 1760 eradere
435 1705 572 1771 niteretur,
600 1711 627 1761 et
644 1713 761 1760 sanetum
779 1719 876 1777 eorpus
901 1707 1026 1760 intactum
1046 1701 1111 1758 rell·
1221 1757 1225 1766 ,

65 1809 197 1875 querunt,
222 1799 367 1858 Christiani
389 1817 454 1859 rere
471 1818 567 1874 eorpus
585 1805 643 1876 ejus
663 1812 808 1876 rapuerunt
830 1810 856 1862 et
874 1806 901 1859 lu
923 1803 1038 1860 eeclesia
1054 1815 1112 1856 oum

65 1903 139 1958 unul
164 1904 314 1958 reverentia
337 1902 507 1974 sepeliamus
542 1901 602 1959 Fuit
627 1910 714 1958 autem
737 1903 822 1958 torma
837 1903 911 1959 beati
929 1903 1018 1959 ntarei·
1032 1900 1112 1972 hujus

65 2002 152 2074 longo
170 2016 251 2069 naso,
269 2001 400 2057 subducto
418 2000 576 2073 supercilio,
594 2002 710 2074 pulchris
728 2004 829 2069 oeulis,
849 2001 1025 2068 recalvaster,
1049 2015 1113 2071 pro-

48 2102 125 2156 'lixa
143 2099 243 2167 barba,
269 2099 431 2156 habitudinis
450 2105 582 2173 optimae,
609 2105 705 2160 astatis
722 2105 842 2172 mediae,
865 2103 940 2158 mols
958 2101 1114 2170 adspersus,
1205 2123 1208 2128 ·

67 2201 212 2256 electione
230 2202 383 2266 continens,
410 2204 499 2273 gratia
521 2199 571 2259 liei
594 2203 696 2278 plenus.
733 2202 831 2260 Beatus
855 2209 942 2258 auiam
957 2197 1115 2257 Ambrosius

70 2299 107 2355 de
125 2315 157 2354 eo
177 2301 218 2354 sio
237 2301 289 2353 alt:
313 2314 371 2355 eum
395 2299 490 2355 beatus
508 2301 616 2357 Marcus
636 2303 780 2359 innumeris
797 2308 954 2358 eomsearet
970 2299 1114 2367 miraculis,

69 2400 200 2473 eontigit,
217 2404 247 2453 ut
264 2404 355 2465 sutor,
378 2401 420 2452 eui
438 2400 642 2456 calceamentum
660 2401 809 2458 tradiderat
825 2399 1025 2474 corrigendum,
1048 2401 1115 2456 sini-

69 2503 152 2552 stram
171 2497 223 2552 sibi
242 2499 268 2552 iu
286 2500 344 2570 clus
360 2497 455 2554 labore
472 2500 645 2571 pertenderet
660 2515 771 2557 marum.
805 2501 853 2556 llio
870 2516 926 2556 oum
945 2501 1044 2556 inllieto
1057 2501 1116 2556 vul·

69 2611 149 2652 uere:
168 2610 236 2653 unus
253 2595 333 2664 Deus,
354 2596 486 2665 clamarit,
505 2598 553 2654 liei
572 2597 684 2656 famulus
702 2601 813 2656 audiens
827 2601 913 2656 laetus
931 2598 1024 2666 adluit,
1042 2593 1115 2655 litum

71 2710 105 2751 ex
130 2703 208 2766 sputo
234 2696 330 2751 laetum
356 2699 459 2768 acsaph
483 2701 595 2771 ejusque
618 2715 720 2756 manum
746 2702 848 2756 inunxit
871 2713 1015 2772 sanamque
1043 2699 1117 2753 illiso

72 2793 190 2851 reddidit
207 2804 233 2851 et
250 2795 339 2851 labori
366 2803 459 2852 contra
484 2797 565 2854 dedit.
600 2799 690 2866 lilius,
723 2801 799 2872 eujus
824 2813 917 2870 nempe
943 2797 1119 2870 praedicabat

71 2895 255 2968 evangelium,
274 2895 397 2952 similiter
414 2898 531 2953 imitatur
545 2899 696 2954 miraculum
714 2902 788 2954 cneci
804 2897 929 2955 videlieet
946 2913 963 2953 a
980 2899 1118 2954 nativitate

72 2995 251 3049 illumiaatio
277 2994 383 3051 domiuo
403 2996 507 3052 lectrum.
542 2996 895 3056 llaeeAurbrosius.--
926 3002 960 3058 1.
984 2999 1061 3054 Anno
1083 2997 1117 3052 ab

72 3093 257 3149 incarnatione
274 3093 373 3149 domini
390 3095 1009 3170 0000111111ιιωροιιιεοιιιιωριιιιοήι
1025 3096 1119 3153 Veneti

71 3207 171 3262 eorpus
190 3196 275 3247 saneti
292 3193 378 3248 Alaroi
395 3193 428 3251 de
439 3195 604 3253 Alexandria
615 3196 948 3264 Venetiastranstulerunt,
970 3197 1016 3252 ubl
1031 3195 1116 3252 cecle-

72 3293 116 3346 sia
140 3293 167 3346 in
192 3289 294 3348 bonore
312 3297 397 3350 saneti
417 3293 502 3352 niam
518 3299 585 3351 mire
601 3294 796 3367 pulchritudine
820 3295 951 3352 labrieaia
968 3301 1019 3353 est.
1053 3295 1118 3360 eun-

73 3389 135 3446 dum
153 3405 266 3464 namque
284 3400 444 3451 mercatores
462 3393 565 3463 Veneti,
583 3397 628 3468 qul
645 3395 833 3453 Alexandriam
850 3403 1031 3467 perrexerant,
1051 3397 1119 3452 duos

72 3489 240 3563 presbiteros
267 3492 391 3549 custodes
415 3495 536 3566 eorporis
558 3496 645 3550 saneti
662 3495 748 3550 hlarel
774 3496 896 3568 precibus
918 3499 944 3552 et
961 3498 1118 3566 promissio-

74 3589 154 3645 nibus
173 3590 344 3659 induxerunt,
370 3599 400 3648 ut
417 3594 521 3650 occulte
544 3609 641 3665 corpus
658 3595 724 3650 illud
742 3597 801 3651 tolli
818 3598 1001 3668 permitterent
1021 3605 1047 3652 et
1066 3595 1119 3653 Vc·
1197 3639 1200 3644 Α

74 3691 161 3744 natine
177 3691 397 3762 transportarent.
433 3691 528 3749 Verum
543 3709 600 3749 eum
619 3709 715 3766 sorpta
734 3695 767 3751 de
783 3696 882 3751 tumulo
900 3695 1043 3765 levaretur,
1058 3705 1118 3754 tau-

73 3798 118 3846 tus
143 3791 211 3847 odor
233 3799 316 3847 totum
340 3792 527 3849 Alexandriam
552 3794 743 3866 deponendis,
769 3801 797 3849 nt
821 3811 926 3864 omnes,
952 3796 1022 3853 unde
1045 3801 1120 3854 ιιιιιιι

74 3889 196 3962 prodiret
220 3891 311 3947 odoris
337 3897 470 3959 suauitas,
496 3894 660 3949 mirarentur.
697 3894 761 3948 lium
790 3903 876 3950 autem
906 3897 1064 3969 nauigarent
1091 3905 1120 3952 ei

75 3989 192 4062 qualiter
215 4005 311 4063 eorpus
335 3993 420 4048 saneti
442 3992 530 4050 ldarcl
555 3992 705 4060 deicerent,
723 3995 784 4048 aliis
807 3993 919 4050 naribus
945 3995 1119 4063 revelassent,

75 4103 143 4144 unus
161 4089 267 4146 illorum
286 4092 340 4147 ait:
364 4089 455 4148 lorsan
474 4093 588 4166 alicujus
605 4095 732 4168 Aegyptii
749 4107 846 4166 eorpus
864 4093 940 4151 vobis
960 4094 1049 4152 datum
1067 4095 1115 4150 de·
1163 4141 1165 4150 ,
