2902 5310
361 507 431 588 Cap.
455 507 555 569 CLXI.
597 508 643 568 De
671 517 771 568 saneto
792 507 958 568 Eustochio.
1111 508 1171 572 tta

133 665 291 736 oi'iaeide,
314 666 377 741 quid
403 683 444 724 ras
466 670 659 741 persequeris!
692 667 751 743 Ego
773 671 812 725 tui
835 670 925 741 gratia
949 670 976 725 iu
997 665 1049 726 troo
1066 669 1173 726 animali
1257 661 1264 674 ’

132 765 182 820 tibi
199 769 325 838 apparui,
345 784 396 842 ego
413 784 469 825 suu
488 768 623 837 Christus,
642 785 719 841 quera
731 775 760 825 tu
773 771 901 843 ignorans
913 771 994 838 ooits3
1013 770 1174 826 eieroosinau

133 873 196 923 tuae
222 883 310 922 aomar
334 884 375 924 nre
398 867 594 925 adscenderunt
616 875 643 926 et
665 867 700 924 ob
723 868 776 925 hoo
799 870 859 925 veui
876 875 903 926 et
922 885 971 941 per
988 869 1071 938 huno,
1097 887 1173 942 quern

136 966 288 1036 venatoris,
307 983 411 1024 terrun
430 985 481 1042 ego
501 984 605 1041 quoque
623 974 649 1025 ts
668 970 726 1042 ipse
744 983 867 1031 venarer.
900 968 953 1026 aiii
971 977 1059 1027 tanen
1076 969 1174 1038 dieunt,

137 1066 208 1138 quod
231 1069 291 1138 ipsa
317 1071 423 1140 imago,
449 1084 517 1140 quae
535 1069 604 1124 inter
620 1083 720 1125 eornua
740 1071 812 1127 serui
836 1073 974 1141 apparuit,
1002 1071 1070 1127 haee
1092 1070 1176 1129 uerba

135 1168 254 1238 protuiit.
288 1168 360 1225 ilaeo
386 1168 499 1225 audiens
523 1167 647 1225 Placidus
672 1170 753 1224 ninia
778 1169 873 1226 tinore
896 1177 1032 1242 correptus
1054 1170 1089 1227 de
1106 1186 1175 1243 equo

135 1267 163 1320 in
186 1272 283 1323 terrun
308 1269 422 1342 procidit
443 1273 471 1325 et
493 1275 555 1340 post
578 1281 655 1324 unear
679 1267 769 1324 horam
798 1267 832 1323 ad
854 1283 885 1324 so
908 1269 1014 1327 rediens
1044 1270 1078 1327 de
1104 1275 1177 1327 terra

136 1371 253 1424 surrexit
270 1375 297 1425 et
314 1373 366 1424 ait:
391 1369 482 1426 reseda
500 1368 580 1436 mihi,
604 1368 674 1440 quod
691 1367 824 1441 loqueris,
850 1376 877 1427 et
899 1373 940 1427 sio
960 1371 1066 1427 ereda·
1088 1371 1115 1425 iu
1139 1377 1175 1427 te.

136 1465 170 1523 Et
187 1470 224 1524 ait
243 1469 379 1526 Christus:
399 1486 467 1542 ego,
484 1468 609 1538 mauide,
627 1485 684 1525 sun
702 1467 834 1537 Christus,
852 1471 897 1541 qui
915 1471 1015 1527 eoeiunr
1035 1478 1062 1528 st
1079 1477 1175 1527 terrare

138 1569 244 1635 errari,
267 1571 313 1641 qui
330 1570 414 1626 luoem
434 1572 499 1626 oriri
517 1569 569 1626 ieri
592 1575 620 1626 et
638 1583 656 1624 a
673 1569 792 1626 tenebris
817 1569 912 1638 diuisi,
937 1573 982 1643 qui
1005 1577 1125 1643 tenpore
1151 1577 1178 1628 et

138 1666 196 1723 dies
215 1675 241 1724 et
261 1685 344 1724 annos
364 1671 503 1739 constitui,
529 1672 574 1743 qui
597 1669 726 1727 honinem
746 1668 780 1726 da
797 1669 858 1725 tirno
876 1678 966 1727 terrae
983 1670 1109 1739 formari,
1133 1673 1179 1743 qui

138 1775 247 1840 propter
269 1770 380 1825 satutem
404 1771 510 1826 humani
533 1773 641 1844 generis
666 1771 691 1824 in
715 1773 795 1826 terris
820 1772 846 1825 in
873 1785 952 1828 earne
978 1773 1104 1842 apparui,
1133 1775 1179 1844 qut

140 1866 280 1923 urueiixos
306 1876 332 1926 et
356 1869 476 1941 sepultus
499 1871 579 1925 tertia
598 1869 641 1927 die
659 1871 801 1926 resurrexi.
838 1869 1037 1927 aenoandron
1055 1870 1182 1940 Placidus¹

138 1969 232 2023 iteruin
258 1972 283 2022 in
307 1974 404 2025 terrant
427 1966 554 2026 decidens
577 1977 629 2025 ait:
661 1970 757 2039 eredo,
781 1970 901 2038 domine,
928 1972 992 2041 quia
1012 1976 1042 2026 tu
1065 1985 1110 2038 es,
1134 1971 1180 2043 qui

140 2069 228 2123 onnia
248 2068 334 2124 iecisti
352 2075 379 2125 et
396 2072 441 2142 qui
460 2075 580 2127 errantes
597 2073 739 2128 convertis.
775 2069 808 2127 Et
825 2069 893 2126 diuit
910 2068 945 2125 ad
964 2086 1023 2125 euar
1042 2068 1180 2124 dominus:

139 2171 163 2223 ai
183 2167 284 2236 erodis,
302 2165 370 2226 uude
387 2169 421 2225 ad
440 2171 591 2242 episcopum
609 2172 743 2239 ciuitatis,
762 2176 789 2226 et
805 2175 832 2226 ts
848 2170 982 2242 baptizari
1002 2169 1096 2226 iacias.
1132 2169 1180 2226 Cui
1218 2192 1221 2196 ·

140 2267 277 2326 Placidus:
295 2270 345 2338 uis,
363 2265 477 2336 domiue,
499 2276 528 2325 ut
543 2269 611 2326 haee
628 2270 720 2327 eudem
739 2271 815 2326 uxori
836 2284 910 2326 ureae
930 2275 956 2326 ei
974 2270 1036 2324 attis
1054 2272 1180 2337 nuntiem,

140 2376 169 2426 ut
182 2376 208 2426 et
220 2371 271 2440 ipsi
285 2371 386 2441 pariter
399 2371 425 2424 in
436 2375 462 2426 te
472 2370 602 2426 armarat?
622 2371 670 2425 Cui
684 2371 819 2426 dossinus:
835 2370 956 2426 renuntiet
971 2369 1034 2437 iiiia,
1051 2374 1081 2425 ut
1093 2376 1119 2426 et
1130 2370 1181 2442 ipsi

141 2471 243 2541 pariter
267 2475 351 2524 teeurn
376 2468 548 2537 uuirdontur3
572 2476 601 2526 tu
626 2486 730 2545 qnoque
755 2471 799 2527 die
816 2472 933 2528 crastina
955 2469 1005 2525 hue
1023 2471 1130 2536 uenias,
1152 2473 1183 2525 ui

140 2570 190 2626 tibi
214 2585 305 2624 rursus
323 2584 465 2640 appareant
486 2575 527 2637 et,
551 2585 621 2642 quae
643 2569 731 2626 iutura
750 2577 828 2638 sunt,
853 2569 956 2643 plenius
983 2569 1031 2625 titi
1058 2569 1181 2640 pandens.

142 2669 205 2725 Cum
223 2685 289 2742 ergo
308 2668 412 2724 domurn
432 2673 549 2725 uenisset
570 2677 596 2726 et
618 2669 685 2728 haee
702 2672 779 2726 uxori
800 2671 826 2726 in
843 2670 913 2728 teoto
930 2671 1117 2738 renuntiasset,
1135 2685 1182 2726 eu·

143 2769 265 2825 eianrarit
282 2785 349 2824 uxor
366 2770 426 2841 ejns
444 2766 551 2826 disens:
571 2768 675 2827 domine
695 2772 738 2838 uri,
758 2776 784 2826 et
802 2785 854 2844 ego
873 2787 930 2826 eun
948 2776 1084 2826 transacta
1104 2775 1183 2827 noete

142 2869 195 2924 vidi
214 2868 344 2926 dicentem
362 2867 440 2936 nihi,
462 2885 522 2926 eras
540 2875 568 2924 tu
591 2878 618 2926 et
640 2871 680 2926 rir
697 2874 757 2926 tuus
782 2876 809 2928 et
826 2869 873 2925 filii
891 2870 931 2924 tui
949 2869 982 2925 ad
1002 2885 1043 2926 rae
1061 2873 1182 2937 tentetis,

143 2976 169 3027 et
192 2985 261 3025 nune
282 2971 413 3042 cognovi,
443 2972 566 3042 quonian
590 2972 649 3042 ipse
672 2976 714 3026 est
737 2970 815 3027 Jesrrs
841 2969 971 3026 Christus.
1007 2968 1183 3026 Perrexerunt

142 3073 226 3144 igitur
243 3069 277 3124 ad
296 3069 447 3140 episcopum
466 3069 565 3126 Bonae
582 3069 672 3126 inedia
688 3078 779 3139 noete,
799 3072 843 3142 qui
862 3085 909 3126 eos
927 3085 983 3124 ouu
1002 3085 1097 3143 magno
1114 3084 1184 3142 gaa-

143 3169 187 3225 dio
198 3167 346 3240 baptizarit
358 3176 385 3223 et
397 3168 530 3225 Piauidurn
542 3168 712 3227 Eustachium
724 3171 837 3238 roserit,
857 3171 916 3241 ejus
930 3185 1037 3226 uuoreru
1048 3169 1183 3241 Taeospa

142 3273 193 3326 tenu
213 3274 240 3324 et
257 3268 327 3324 iiiios
346 3269 404 3340 ejus
421 3267 571 3342 agapetum
584 3275 610 3326 et
623 3269 807 3342 Tireospiiunr.
842 3269 922 3326 Mans
934 3268 1004 3324 iaeto
1014 3267 1182 3338 Eustachius,

143 3371 210 3425 sieut
227 3369 310 3439 prius,
329 3366 364 3421 ad
380 3373 542 3425 renationem
562 3373 693 3441 prooessit
711 3375 737 3426 et
755 3385 840 3441 prope
857 3368 941 3424 ioouur
960 3370 1068 3426 rentem
1085 3367 1182 3425 auilites

143 3485 207 3524 suas
226 3469 302 3540 quasi
320 3466 368 3522 aab
389 3467 499 3524 obtenta
516 3466 716 3542 investigandae
738 3471 885 3525 uenationis
910 3467 1038 3539 dispersit
1056 3473 1182 3539 stansque

143 3571 171 3624 in
188 3569 248 3622 ineo
267 3566 375 3622 iorrnaur
394 3571 494 3639 prieneo
514 3570 625 3624 visionis
643 3571 757 3640 aspexit,
782 3566 932 3639 radensque
949 3569 975 3622 tn
998 3565 1090 3623 iaciern
1108 3581 1183 3621 suunt

144 3668 224 3724 dixit:
254 3666 392 3737 supplies,
419 3665 542 3736 domine,
572 3674 601 3723 ut
623 3667 793 3735 mentientes,
826 3681 895 3737 quae
919 3667 1079 3737 promiseras
1103 3681 1181 3722 seruo

145 3771 200 3826 tuo.
235 3769 282 3822 cui
309 3766 558 3822 doninuszdeatus
580 3783 624 3836 ee,
654 3765 798 3834 Eustueii,
828 3767 872 3838 qui
897 3767 1025 3836 accepisti
1048 3764 1181 3820 iauueruur

143 3869 249 3940 gratius
271 3879 361 3933 neae,
388 3867 450 3938 quia
473 3865 551 3920 nodo
572 3866 711 3938 dyabolum
738 3867 872 3938 superasti
897 3864 975 3919 modo
999 3879 1070 3932 euru,
1093 3867 1137 3937 qui
1155 3870 1182 3921 te

144 3967 302 4037 deceperat,
328 3964 504 4032 torrentesut,
530 3964 609 4021 ruodo
627 3966 769 4038 apparebit
787 3965 852 4020 tides
871 3971 926 4020 tue.
962 3963 1096 4035 nyusoiur
1114 3967 1181 4020 eninr
1228 3987 1229 3990 ¹

144 4082 191 4134 oo,
223 4063 293 4136 quod
320 4067 404 4134 ipsun
430 4064 619 4139 dereliqueris,
652 4070 745 4122 eontra
766 4071 792 4123 te
816 4079 897 4134 saure
920 4071 1050 4132 annaturp
1077 4070 1183 4136 oportet
1305 4109 1309 4113 .
1420 4071 1422 4076 ’

144 4170 226 4242 igitur
246 4172 274 4220 te
299 4159 380 4218 notu
405 4164 553 4232 sustinere,
581 4170 610 4220 ut
631 4166 749 4236 accipias
767 4179 891 4221 ooronm
909 4165 1051 4230 uletoriue3
1076 4169 1183 4235 oportet

143 4269 169 4321 ie
187 4265 268 4320 muita
287 4263 356 4335 pati,
381 4268 409 4316 ut
431 4262 465 4318 da
488 4263 543 4318 atta
565 4263 668 4320 saeeuii
691 4265 809 4322 uanitate
832 4263 978 4320 humilieris
1003 4270 1031 4319 et
1047 4277 1138 4318 rursra
1156 4265 1181 4318 in

143 4363 327 4434 spiritualibus
345 4360 445 4417 divitiis
465 4362 601 4419 exalteris.
635 4362 678 4419 Tu
696 4380 761 4438 ergo
779 4381 812 4421 ne
831 4363 938 4420 definias
957 4378 1006 4419 noo
1022 4361 1182 4436 adglorians

142 4463 282 4532 pristina·
307 4461 451 4534 respieias‚
477 4463 540 4534 quia
563 4477 612 4536 per
636 4464 797 4522 tentationes
823 4469 928 4536 oportet
951 4469 978 4521 te
1003 4462 1112 4519 attornn
1131 4458 1183 4520 iou
