<?xml version="1.0" encoding="UTF-8"?>
<!DOCTYPE html PUBLIC "-//W3C//DTD XHTML 1.0 Transitional//EN"
    "http://www.w3.org/TR/xhtml1/DTD/xhtml1-transitional.dtd">
<html xmlns="http://www.w3.org/1999/xhtml" xml:lang="en" lang="en">
 <head>
  <title>
</title>
<meta http-equiv="Content-Type" content="text/html;charset=utf-8" />
  <meta name='ocr-system' content='tesseract 3.04.00' />
  <meta name='ocr-capabilities' content='ocr_page ocr_carea ocr_par ocr_line ocrx_word'/>
</head>
<body>
  <div class='ocr_page' id='page_1' title='image "./jacobiavoragine00jacogoog_0455.png"; bbox 0 0 2984 5316; ppageno 0'>
   <div class='ocr_carea' id='block_1_1' title="bbox 317 445 1127 526">
    <p class='ocr_par' dir='ltr' id='par_1_1' title="bbox 317 445 1127 526">
     <span class='ocr_line' id='line_1_1' title="bbox 317 445 1127 526; baseline -0.011 -15"><span class='ocrx_word' id='word_1_1' title='bbox 317 449 381 512; x_wconf 77' lang='lat' dir='ltr'><strong>tit</strong></span> <span class='ocrx_word' id='word_1_2' title='bbox 545 448 617 526; x_wconf 83' lang='lat' dir='ltr'><strong>Cep.</strong></span> <span class='ocrx_word' id='word_1_3' title='bbox 638 447 673 508; x_wconf 79' lang='lat' dir='ltr'><strong>C.</strong></span> <span class='ocrx_word' id='word_1_4' title='bbox 715 447 759 506; x_wconf 88' lang='lat' dir='ltr'><strong>De</strong></span> <span class='ocrx_word' id='word_1_5' title='bbox 789 457 887 506; x_wconf 81' lang='lat' dir='ltr'><strong>sancto</strong></span> <span class='ocrx_word' id='word_1_6' title='bbox 910 445 1127 523; x_wconf 80' lang='lat' dir='ltr'><strong>Christophoro.</strong></span> 
     </span>
    </p>
   </div>
   <div class='ocr_carea' id='block_1_2' title="bbox 313 600 1369 4238">
    <p class='ocr_par' dir='ltr' id='par_1_2' title="bbox 313 600 1369 4238">
     <span class='ocr_line' id='line_1_2' title="bbox 318 600 1354 676; baseline -0.006 -14"><span class='ocrx_word' id='word_1_7' title='bbox 318 605 453 676; x_wconf 68' lang='lat' dir='ltr'><strong>tempium.</strong></span> <span class='ocrx_word' id='word_1_8' title='bbox 472 605 607 660; x_wconf 81' lang='lat' dir='ltr'><strong>rotronies</strong></span> <span class='ocrx_word' id='word_1_9' title='bbox 633 605 764 676; x_wconf 78' lang='lat' dir='ltr'><strong>singultim</strong></span> <span class='ocrx_word' id='word_1_10' title='bbox 790 618 871 658; x_wconf 89' lang='lat' dir='ltr'><strong>suum·</strong></span> <span class='ocrx_word' id='word_1_11' title='bbox 888 608 1032 674; x_wconf 86' lang='lat' dir='ltr'><strong>posueruut</strong></span> <span class='ocrx_word' id='word_1_12' title='bbox 1058 605 1084 656; x_wconf 93' lang='lat' dir='ltr'><strong>in</strong></span> <span class='ocrx_word' id='word_1_13' title='bbox 1107 601 1178 658; x_wconf 85' lang='lat' dir='ltr'><strong>ooiiu</strong></span> <span class='ocrx_word' id='word_1_14' title='bbox 1196 600 1308 658; x_wconf 82' lang='lat' dir='ltr'><strong>Deorum</strong></span> <span class='ocrx_word' id='word_1_15' title='bbox 1328 610 1354 658; x_wconf 89' lang='lat' dir='ltr'><strong>et</strong></span> 
     </span>
     <span class='ocr_line' id='line_1_3' title="bbox 319 701 1352 774; baseline -0.006 -13"><span class='ocrx_word' id='word_1_16' title='bbox 319 706 353 761; x_wconf 84' lang='lat' dir='ltr'><strong>nd</strong></span> <span class='ocrx_word' id='word_1_17' title='bbox 369 711 462 761; x_wconf 80' lang='lat' dir='ltr'><strong>tetrum</strong></span> <span class='ocrx_word' id='word_1_18' title='bbox 487 701 623 760; x_wconf 76' lang='lat' dir='ltr'><strong>trahentes</strong></span> <span class='ocrx_word' id='word_1_19' title='bbox 647 705 673 758; x_wconf 89' lang='lat' dir='ltr'><strong>in</strong></span> <span class='ocrx_word' id='word_1_20' title='bbox 694 703 826 774; x_wconf 77' lang='lat' dir='ltr'><strong>puluerem</strong></span> <span class='ocrx_word' id='word_1_21' title='bbox 845 701 1032 774; x_wconf 86' lang='lat' dir='ltr'><strong>oonirogerumt</strong></span> <span class='ocrx_word' id='word_1_22' title='bbox 1048 701 1224 772; x_wconf 72' lang='lat' dir='ltr'><strong>dixeruntque</strong></span> <span class='ocrx_word' id='word_1_23' title='bbox 1242 708 1352 756; x_wconf 77' lang='lat' dir='ltr'><strong>runem·</strong></span> 
     </span>
     <span class='ocr_line' id='line_1_4' title="bbox 316 799 1353 874; baseline -0.006 -14"><span class='ocrx_word' id='word_1_24' title='bbox 316 804 403 860; x_wconf 83' lang='lat' dir='ltr'><strong>tibus:</strong></span> <span class='ocrx_word' id='word_1_25' title='bbox 422 805 457 858; x_wconf 88' lang='lat' dir='ltr'><strong>ite</strong></span> <span class='ocrx_word' id='word_1_26' title='bbox 476 811 502 859; x_wconf 93' lang='lat' dir='ltr'><strong>et</strong></span> <span class='ocrx_word' id='word_1_27' title='bbox 519 811 611 859; x_wconf 80' lang='lat' dir='ltr'><strong>roseto</strong></span> <span class='ocrx_word' id='word_1_28' title='bbox 629 802 760 866; x_wconf 80' lang='lat' dir='ltr'><strong>modicos,</strong></span> <span class='ocrx_word' id='word_1_29' title='bbox 787 810 815 859; x_wconf 89' lang='lat' dir='ltr'><strong>ut</strong></span> <span class='ocrx_word' id='word_1_30' title='bbox 829 808 921 856; x_wconf 79' lang='lat' dir='ltr'><strong>surr-nt</strong></span> <span class='ocrx_word' id='word_1_31' title='bbox 938 799 1009 855; x_wconf 83' lang='lat' dir='ltr'><strong>Dros</strong></span> <span class='ocrx_word' id='word_1_32' title='bbox 1027 808 1140 858; x_wconf 77' lang='lat' dir='ltr'><strong>vestros,</strong></span> <span class='ocrx_word' id='word_1_33' title='bbox 1175 799 1252 856; x_wconf 79' lang='lat' dir='ltr'><strong>Turro</strong></span> <span class='ocrx_word' id='word_1_34' title='bbox 1274 801 1353 874; x_wconf 81' lang='lat' dir='ltr'><strong>Jossn</strong></span> 
     </span>
     <span class='ocr_line' id='line_1_5' title="bbox 319 900 1352 976; baseline -0.005 -17"><span class='ocrx_word' id='word_1_35' title='bbox 319 905 391 976; x_wconf 78' lang='lat' dir='ltr'><strong>regis</strong></span> <span class='ocrx_word' id='word_1_36' title='bbox 416 904 543 975; x_wconf 79' lang='lat' dir='ltr'><strong>Aquiiioo</strong></span> <span class='ocrx_word' id='word_1_37' title='bbox 566 903 737 973; x_wconf 72' lang='lat' dir='ltr'><strong>suspenditur</strong></span> <span class='ocrx_word' id='word_1_38' title='bbox 762 908 789 959; x_wconf 88' lang='lat' dir='ltr'><strong>ot</strong></span> <span class='ocrx_word' id='word_1_39' title='bbox 816 901 900 974; x_wconf 76' lang='lat' dir='ltr'><strong>ligato</strong></span> <span class='ocrx_word' id='word_1_40' title='bbox 924 900 958 955; x_wconf 84' lang='lat' dir='ltr'><strong>ud</strong></span> <span class='ocrx_word' id='word_1_41' title='bbox 984 901 1042 971; x_wconf 72' lang='lat' dir='ltr'><strong>sios</strong></span> <span class='ocrx_word' id='word_1_42' title='bbox 1068 900 1149 970; x_wconf 83' lang='lat' dir='ltr'><strong>pedes</strong></span> <span class='ocrx_word' id='word_1_43' title='bbox 1168 902 1268 974; x_wconf 73' lang='lat' dir='ltr'><strong>ingenti</strong></span> <span class='ocrx_word' id='word_1_44' title='bbox 1287 914 1352 955; x_wconf 82' lang='lat' dir='ltr'><strong>noro</strong></span> 
     </span>
     <span class='ocr_line' id='line_1_6' title="bbox 318 999 1353 1075; baseline -0.006 -15"><span class='ocrx_word' id='word_1_45' title='bbox 318 1003 435 1060; x_wconf 81' lang='lat' dir='ltr'><strong>nembro</strong></span> <span class='ocrx_word' id='word_1_46' title='bbox 451 1007 509 1075; x_wconf 75' lang='lat' dir='ltr'><strong>ojus</strong></span> <span class='ocrx_word' id='word_1_47' title='bbox 528 1006 615 1058; x_wconf 84' lang='lat' dir='ltr'><strong>utonis</strong></span> <span class='ocrx_word' id='word_1_48' title='bbox 633 1000 821 1072; x_wconf 85' lang='lat' dir='ltr'><strong>dirumpuntur.</strong></span> <span class='ocrx_word' id='word_1_49' title='bbox 857 1000 931 1064; x_wconf 76' lang='lat' dir='ltr'><strong>Quen</strong></span> <span class='ocrx_word' id='word_1_50' title='bbox 946 1013 1002 1055; x_wconf 86' lang='lat' dir='ltr'><strong>uum</strong></span> <span class='ocrx_word' id='word_1_51' title='bbox 1016 1001 1158 1071; x_wconf 76' lang='lat' dir='ltr'><strong>migrasset</strong></span> <span class='ocrx_word' id='word_1_52' title='bbox 1167 999 1202 1055; x_wconf 83' lang='lat' dir='ltr'><strong>ud</strong></span> <span class='ocrx_word' id='word_1_53' title='bbox 1213 999 1353 1065; x_wconf 82' lang='lat' dir='ltr'><strong>domiuum,</strong></span> 
     </span>
     <span class='ocr_line' id='line_1_7' title="bbox 316 1097 1353 1176; baseline -0.006 -16"><span class='ocrx_word' id='word_1_54' title='bbox 316 1119 395 1160; x_wconf 86' lang='lat' dir='ltr'><strong>soror</strong></span> <span class='ocrx_word' id='word_1_55' title='bbox 413 1103 471 1173; x_wconf 81' lang='lat' dir='ltr'><strong>ojus</strong></span> <span class='ocrx_word' id='word_1_56' title='bbox 489 1101 588 1157; x_wconf 84' lang='lat' dir='ltr'><strong>Niruou</strong></span> <span class='ocrx_word' id='word_1_57' title='bbox 606 1105 630 1156; x_wconf 89' lang='lat' dir='ltr'><strong>in</strong></span> <span class='ocrx_word' id='word_1_58' title='bbox 651 1103 737 1176; x_wconf 78' lang='lat' dir='ltr'><strong>ignem</strong></span> <span class='ocrx_word' id='word_1_59' title='bbox 755 1101 902 1171; x_wconf 79' lang='lat' dir='ltr'><strong>projiuitor,</strong></span> <span class='ocrx_word' id='word_1_60' title='bbox 920 1097 967 1154; x_wconf 89' lang='lat' dir='ltr'><strong>red</strong></span> <span class='ocrx_word' id='word_1_61' title='bbox 986 1098 1046 1154; x_wconf 86' lang='lat' dir='ltr'><strong>indu</strong></span> <span class='ocrx_word' id='word_1_62' title='bbox 1065 1099 1161 1158; x_wconf 83' lang='lat' dir='ltr'><strong>iitsesu</strong></span> <span class='ocrx_word' id='word_1_63' title='bbox 1177 1101 1269 1156; x_wconf 82' lang='lat' dir='ltr'><strong>oriens</strong></span> <span class='ocrx_word' id='word_1_64' title='bbox 1290 1115 1353 1171; x_wconf 91' lang='lat' dir='ltr'><strong>pro·</strong></span> 
     </span>
     <span class='ocr_line' id='line_1_8' title="bbox 317 1197 1353 1274; baseline -0.005 -16"><span class='ocrx_word' id='word_1_65' title='bbox 317 1207 387 1258; x_wconf 84' lang='lat' dir='ltr'><strong>tinus</strong></span> <span class='ocrx_word' id='word_1_66' title='bbox 405 1201 559 1258; x_wconf 82' lang='lat' dir='ltr'><strong>decutiatur.</strong></span> <span class='ocrx_word' id='word_1_67' title='bbox 596 1201 660 1258; x_wconf 82' lang='lat' dir='ltr'><strong>Post</strong></span> <span class='ocrx_word' id='word_1_68' title='bbox 683 1215 748 1274; x_wconf 80' lang='lat' dir='ltr'><strong>orgo</strong></span> <span class='ocrx_word' id='word_1_69' title='bbox 771 1197 979 1268; x_wconf 76' lang='lat' dir='ltr'><strong>christophorus</strong></span> <span class='ocrx_word' id='word_1_70' title='bbox 1003 1201 1060 1271; x_wconf 78' lang='lat' dir='ltr'><strong>rogi</strong></span> <span class='ocrx_word' id='word_1_71' title='bbox 1084 1205 1285 1270; x_wconf 75' lang='lat' dir='ltr'><strong>praesentatur,</strong></span> <span class='ocrx_word' id='word_1_72' title='bbox 1308 1201 1353 1272; x_wconf 83' lang='lat' dir='ltr'><strong>qui</strong></span> 
     </span>
     <span class='ocr_line' id='line_1_9' title="bbox 313 1297 1353 1376; baseline -0.008 -15"><span class='ocrx_word' id='word_1_73' title='bbox 313 1305 396 1376; x_wconf 77' lang='lat' dir='ltr'><strong>junruit</strong></span> <span class='ocrx_word' id='word_1_74' title='bbox 421 1318 477 1358; x_wconf 88' lang='lat' dir='ltr'><strong>eum</strong></span> <span class='ocrx_word' id='word_1_75' title='bbox 503 1303 586 1374; x_wconf 76' lang='lat' dir='ltr'><strong>virgis</strong></span> <span class='ocrx_word' id='word_1_76' title='bbox 610 1301 704 1358; x_wconf 85' lang='lat' dir='ltr'><strong>irrreis</strong></span> <span class='ocrx_word' id='word_1_77' title='bbox 729 1301 803 1356; x_wconf 85' lang='lat' dir='ltr'><strong>suedi</strong></span> <span class='ocrx_word' id='word_1_78' title='bbox 832 1306 858 1352; x_wconf 89' lang='lat' dir='ltr'><strong>et</strong></span> <span class='ocrx_word' id='word_1_79' title='bbox 875 1297 1004 1354; x_wconf 85' lang='lat' dir='ltr'><strong>uussidem</strong></span> <span class='ocrx_word' id='word_1_80' title='bbox 1023 1297 1134 1356; x_wconf 82' lang='lat' dir='ltr'><strong>terreum</strong></span> <span class='ocrx_word' id='word_1_81' title='bbox 1154 1305 1180 1356; x_wconf 87' lang='lat' dir='ltr'><strong>et</strong></span> <span class='ocrx_word' id='word_1_82' title='bbox 1203 1301 1308 1372; x_wconf 73' lang='lat' dir='ltr'><strong>igneum</strong></span> <span class='ocrx_word' id='word_1_83' title='bbox 1327 1300 1353 1354; x_wconf 88' lang='lat' dir='ltr'><strong>in</strong></span> 
     </span>
     <span class='ocr_line' id='line_1_10' title="bbox 316 1396 1353 1474; baseline -0.004 -18"><span class='ocrx_word' id='word_1_84' title='bbox 316 1410 396 1474; x_wconf 83' lang='lat' dir='ltr'><strong>ooput</strong></span> <span class='ocrx_word' id='word_1_85' title='bbox 413 1402 471 1473; x_wconf 84' lang='lat' dir='ltr'><strong>ojus</strong></span> <span class='ocrx_word' id='word_1_86' title='bbox 488 1403 561 1472; x_wconf 79' lang='lat' dir='ltr'><strong>poni,</strong></span> <span class='ocrx_word' id='word_1_87' title='bbox 586 1399 682 1456; x_wconf 86' lang='lat' dir='ltr'><strong>deindo</strong></span> <span class='ocrx_word' id='word_1_88' title='bbox 700 1413 829 1454; x_wconf 78' lang='lat' dir='ltr'><strong>scamnum</strong></span> <span class='ocrx_word' id='word_1_89' title='bbox 847 1397 959 1454; x_wconf 85' lang='lat' dir='ltr'><strong>ierrotrrn</strong></span> <span class='ocrx_word' id='word_1_90' title='bbox 978 1398 1033 1454; x_wconf 89' lang='lat' dir='ltr'><strong>heri</strong></span> <span class='ocrx_word' id='word_1_91' title='bbox 1050 1398 1115 1454; x_wconf 62' lang='lat' dir='ltr'><strong>,ierit</strong></span> <span class='ocrx_word' id='word_1_92' title='bbox 1133 1403 1160 1452; x_wconf 87' lang='lat' dir='ltr'><strong>et</strong></span> <span class='ocrx_word' id='word_1_93' title='bbox 1178 1396 1353 1468; x_wconf 73' lang='lat' dir='ltr'><strong>christopho-</strong></span> 
     </span>
     <span class='ocr_line' id='line_1_11' title="bbox 315 1495 1355 1574; baseline -0.007 -16"><span class='ocrx_word' id='word_1_94' title='bbox 315 1518 372 1564; x_wconf 86' lang='lat' dir='ltr'><strong>mror</strong></span> <span class='ocrx_word' id='word_1_95' title='bbox 402 1499 497 1555; x_wconf 79' lang='lat' dir='ltr'><strong>ibidum</strong></span> <span class='ocrx_word' id='word_1_96' title='bbox 527 1499 605 1574; x_wconf 78' lang='lat' dir='ltr'><strong>ligari</strong></span> <span class='ocrx_word' id='word_1_97' title='bbox 637 1508 664 1557; x_wconf 86' lang='lat' dir='ltr'><strong>et</strong></span> <span class='ocrx_word' id='word_1_98' title='bbox 695 1502 781 1571; x_wconf 77' lang='lat' dir='ltr'><strong>iguem</strong></span> <span class='ocrx_word' id='word_1_99' title='bbox 808 1499 906 1569; x_wconf 77' lang='lat' dir='ltr'><strong>injecta</strong></span> <span class='ocrx_word' id='word_1_100' title='bbox 934 1498 994 1568; x_wconf 89' lang='lat' dir='ltr'><strong>pire</strong></span> <span class='ocrx_word' id='word_1_101' title='bbox 1017 1497 1149 1553; x_wconf 87' lang='lat' dir='ltr'><strong>onerondi.</strong></span> <span class='ocrx_word' id='word_1_102' title='bbox 1184 1495 1237 1553; x_wconf 87' lang='lat' dir='ltr'><strong>Sed</strong></span> <span class='ocrx_word' id='word_1_103' title='bbox 1269 1499 1355 1552; x_wconf 84' lang='lat' dir='ltr'><strong>iustur</strong></span> 
     </span>
     <span class='ocr_line' id='line_1_12' title="bbox 316 1593 1353 1682; baseline -0.006 -25"><span class='ocrx_word' id='word_1_104' title='bbox 316 1616 394 1658; x_wconf 79' lang='lat' dir='ltr'><strong>sorae</strong></span> <span class='ocrx_word' id='word_1_105' title='bbox 420 1615 550 1656; x_wconf 78' lang='lat' dir='ltr'><strong>scamnum</strong></span> <span class='ocrx_word' id='word_1_106' title='bbox 583 1598 760 1672; x_wconf 75' lang='lat' dir='ltr'><strong>confringitur</strong></span> <span class='ocrx_word' id='word_1_107' title='bbox 782 1601 815 1654; x_wconf 78' lang='lat' dir='ltr'><strong>&#39;et</strong></span> <span class='ocrx_word' id='word_1_108' title='bbox 841 1595 1048 1682; x_wconf 74' lang='lat' dir='ltr'><strong>christophopus</strong></span> <span class='ocrx_word' id='word_1_109' title='bbox 1075 1595 1184 1652; x_wconf 80' lang='lat' dir='ltr'><strong>tituenus</strong></span> <span class='ocrx_word' id='word_1_110' title='bbox 1207 1593 1353 1668; x_wconf 75' lang='lat' dir='ltr'><strong>egreditur.</strong></span> 
     </span>
     <span class='ocr_line' id='line_1_13' title="bbox 317 1695 1352 1772; baseline -0.006 -16"><span class='ocrx_word' id='word_1_111' title='bbox 317 1698 417 1757; x_wconf 84' lang='lat' dir='ltr'><strong>Deinde</strong></span> <span class='ocrx_word' id='word_1_112' title='bbox 429 1702 514 1772; x_wconf 73' lang='lat' dir='ltr'><strong>jussit</strong></span> <span class='ocrx_word' id='word_1_113' title='bbox 532 1715 588 1754; x_wconf 80' lang='lat' dir='ltr'><strong>oum</strong></span> <span class='ocrx_word' id='word_1_114' title='bbox 606 1698 639 1754; x_wconf 82' lang='lat' dir='ltr'><strong>ud</strong></span> <span class='ocrx_word' id='word_1_115' title='bbox 658 1700 775 1770; x_wconf 87' lang='lat' dir='ltr'><strong>stipitum</strong></span> <span class='ocrx_word' id='word_1_116' title='bbox 791 1695 871 1769; x_wconf 78' lang='lat' dir='ltr'><strong>ligari</strong></span> <span class='ocrx_word' id='word_1_117' title='bbox 890 1702 917 1752; x_wconf 90' lang='lat' dir='ltr'><strong>et</strong></span> <span class='ocrx_word' id='word_1_118' title='bbox 934 1711 951 1751; x_wconf 87' lang='grc' dir='ltr'><strong>ι</strong></span> <span class='ocrx_word' id='word_1_119' title='bbox 970 1695 1055 1752; x_wconf 92' lang='grc'><strong>0000</strong></span> <span class='ocrx_word' id='word_1_120' title='bbox 1074 1695 1200 1752; x_wconf 78' lang='lat' dir='ltr'><strong>militibus</strong></span> <span class='ocrx_word' id='word_1_121' title='bbox 1218 1697 1352 1768; x_wconf 79' lang='lat' dir='ltr'><strong>nngittsri.</strong></span> 
     </span>
     <span class='ocr_line' id='line_1_14' title="bbox 316 1793 1355 1872; baseline -0.004 -16"><span class='ocrx_word' id='word_1_122' title='bbox 316 1799 437 1872; x_wconf 73' lang='lat' dir='ltr'><strong>Sagittae</strong></span> <span class='ocrx_word' id='word_1_123' title='bbox 461 1795 546 1855; x_wconf 72' lang='lat' dir='ltr'><strong>tutem</strong></span> <span class='ocrx_word' id='word_1_124' title='bbox 573 1813 663 1854; x_wconf 84' lang='lat' dir='ltr'><strong>omnen</strong></span> <span class='ocrx_word' id='word_1_125' title='bbox 690 1801 717 1852; x_wconf 89' lang='lat' dir='ltr'><strong>iu</strong></span> <span class='ocrx_word' id='word_1_126' title='bbox 740 1803 802 1853; x_wconf 81' lang='lat' dir='ltr'><strong>niro</strong></span> <span class='ocrx_word' id='word_1_127' title='bbox 826 1793 1055 1868; x_wconf 76' lang='lat' dir='ltr'><strong>suspendebantur</strong></span> <span class='ocrx_word' id='word_1_128' title='bbox 1080 1811 1127 1852; x_wconf 86' lang='lat' dir='ltr'><strong>nee</strong></span> <span class='ocrx_word' id='word_1_129' title='bbox 1153 1799 1237 1868; x_wconf 86' lang='lat' dir='ltr'><strong>ipsum</strong></span> <span class='ocrx_word' id='word_1_130' title='bbox 1263 1794 1355 1866; x_wconf 76' lang='lat' dir='ltr'><strong>aitqua</strong></span> 
     </span>
     <span class='ocr_line' id='line_1_15' title="bbox 317 1895 1354 1972; baseline -0.006 -18"><span class='ocrx_word' id='word_1_131' title='bbox 317 1901 470 1972; x_wconf 75' lang='lat' dir='ltr'><strong>contingere</strong></span> <span class='ocrx_word' id='word_1_132' title='bbox 488 1900 581 1967; x_wconf 88' lang='lat' dir='ltr'><strong>potuit.</strong></span> <span class='ocrx_word' id='word_1_133' title='bbox 618 1897 672 1953; x_wconf 83' lang='lat' dir='ltr'><strong>hen</strong></span> <span class='ocrx_word' id='word_1_134' title='bbox 695 1901 780 1953; x_wconf 84' lang='lat' dir='ltr'><strong>notent</strong></span> <span class='ocrx_word' id='word_1_135' title='bbox 806 1903 901 1967; x_wconf 79' lang='lat' dir='ltr'><strong>putum</strong></span> <span class='ocrx_word' id='word_1_136' title='bbox 920 1898 1004 1966; x_wconf 88' lang='lat' dir='ltr'><strong>ipsum</strong></span> <span class='ocrx_word' id='word_1_137' title='bbox 1023 1911 1040 1950; x_wconf 82' lang='lat' dir='ltr'><strong>s</strong></span> <span class='ocrx_word' id='word_1_138' title='bbox 1057 1895 1182 1952; x_wconf 84' lang='lat' dir='ltr'><strong>militibus</strong></span> <span class='ocrx_word' id='word_1_139' title='bbox 1200 1897 1354 1968; x_wconf 67' lang='lat' dir='ltr'><strong>sagittatum</strong></span> 
     </span>
     <span class='ocr_line' id='line_1_16' title="bbox 315 1995 1356 2068; baseline -0.004 -14"><span class='ocrx_word' id='word_1_140' title='bbox 315 2015 371 2054; x_wconf 91' lang='lat' dir='ltr'><strong>uum</strong></span> <span class='ocrx_word' id='word_1_141' title='bbox 396 1997 479 2053; x_wconf 84' lang='lat' dir='ltr'><strong>oidrrn</strong></span> <span class='ocrx_word' id='word_1_142' title='bbox 503 1997 657 2060; x_wconf 84' lang='lat' dir='ltr'><strong>insuiturot,</strong></span> <span class='ocrx_word' id='word_1_143' title='bbox 683 1996 772 2050; x_wconf 86' lang='lat' dir='ltr'><strong>subito</strong></span> <span class='ocrx_word' id='word_1_144' title='bbox 795 2011 847 2050; x_wconf 82' lang='lat' dir='ltr'><strong>uos</strong></span> <span class='ocrx_word' id='word_1_145' title='bbox 869 1995 903 2052; x_wconf 92' lang='lat' dir='ltr'><strong>do</strong></span> <span class='ocrx_word' id='word_1_146' title='bbox 922 1997 1030 2068; x_wconf 79' lang='lat' dir='ltr'><strong>sagittis</strong></span> <span class='ocrx_word' id='word_1_147' title='bbox 1055 1995 1089 2049; x_wconf 84' lang='lat' dir='ltr'><strong>nh</strong></span> <span class='ocrx_word' id='word_1_148' title='bbox 1114 2002 1177 2051; x_wconf 77' lang='lat' dir='ltr'><strong>sire</strong></span> <span class='ocrx_word' id='word_1_149' title='bbox 1198 1998 1308 2051; x_wconf 81' lang='lat' dir='ltr'><strong>rumiens</strong></span> <span class='ocrx_word' id='word_1_150' title='bbox 1327 2001 1356 2052; x_wconf 88' lang='lat' dir='ltr'><strong>ot</strong></span> 
     </span>
     <span class='ocr_line' id='line_1_17' title="bbox 315 2095 1354 2170; baseline -0.004 -17"><span class='ocrx_word' id='word_1_151' title='bbox 315 2106 387 2154; x_wconf 90' lang='lat' dir='ltr'><strong>rotro</strong></span> <span class='ocrx_word' id='word_1_152' title='bbox 410 2113 440 2152; x_wconf 84' lang='lat' dir='ltr'><strong>sn</strong></span> <span class='ocrx_word' id='word_1_153' title='bbox 466 2104 570 2152; x_wconf 85' lang='lat' dir='ltr'><strong>rsrtrns</strong></span> <span class='ocrx_word' id='word_1_154' title='bbox 596 2111 684 2170; x_wconf 77' lang='lat' dir='ltr'><strong>rogem</strong></span> <span class='ocrx_word' id='word_1_155' title='bbox 713 2098 740 2149; x_wconf 89' lang='lat' dir='ltr'><strong>in</strong></span> <span class='ocrx_word' id='word_1_156' title='bbox 764 2095 998 2166; x_wconf 82' lang='lat' dir='ltr'><strong>ocuioperoussit</strong></span> <span class='ocrx_word' id='word_1_157' title='bbox 1020 2101 1048 2150; x_wconf 91' lang='lat' dir='ltr'><strong>et</strong></span> <span class='ocrx_word' id='word_1_158' title='bbox 1064 2097 1148 2166; x_wconf 84' lang='lat' dir='ltr'><strong>ipsum</strong></span> <span class='ocrx_word' id='word_1_159' title='bbox 1169 2097 1289 2165; x_wconf 85' lang='lat' dir='ltr'><strong>protinus</strong></span> <span class='ocrx_word' id='word_1_160' title='bbox 1306 2109 1354 2149; x_wconf 82' lang='lat' dir='ltr'><strong>ex-</strong></span> 
     </span>
     <span class='ocr_line' id='line_1_18' title="bbox 317 2194 1354 2266; baseline -0.004 -13"><span class='ocrx_word' id='word_1_161' title='bbox 317 2201 443 2253; x_wconf 81' lang='lat' dir='ltr'><strong>onornrit.</strong></span> <span class='ocrx_word' id='word_1_162' title='bbox 480 2195 526 2250; x_wconf 82' lang='lat' dir='ltr'><strong>Coi</strong></span> <span class='ocrx_word' id='word_1_163' title='bbox 550 2194 774 2266; x_wconf 80' lang='lat' dir='ltr'><strong>christophorus:</strong></span> <span class='ocrx_word' id='word_1_164' title='bbox 798 2197 913 2250; x_wconf 79' lang='lat' dir='ltr'><strong>orontium</strong></span> <span class='ocrx_word' id='word_1_165' title='bbox 930 2195 974 2250; x_wconf 87' lang='lat' dir='ltr'><strong>die</strong></span> <span class='ocrx_word' id='word_1_166' title='bbox 991 2194 1207 2252; x_wconf 80' lang='lat' dir='ltr'><strong>consummandos</strong></span> <span class='ocrx_word' id='word_1_167' title='bbox 1227 2209 1295 2262; x_wconf 82' lang='lat' dir='ltr'><strong>snm,</strong></span> <span class='ocrx_word' id='word_1_168' title='bbox 1326 2202 1354 2249; x_wconf 86' lang='lat' dir='ltr'><strong>tu</strong></span> 
     </span>
     <span class='ocr_line' id='line_1_19' title="bbox 315 2293 1355 2370; baseline -0.003 -20"><span class='ocrx_word' id='word_1_169' title='bbox 315 2300 412 2370; x_wconf 80' lang='lat' dir='ltr'><strong>igitur,</strong></span> <span class='ocrx_word' id='word_1_170' title='bbox 431 2304 555 2367; x_wconf 69' lang='lat' dir='ltr'><strong>tyranno,</strong></span> <span class='ocrx_word' id='word_1_171' title='bbox 580 2293 660 2350; x_wconf 80' lang='lat' dir='ltr'><strong>tutoni</strong></span> <span class='ocrx_word' id='word_1_172' title='bbox 687 2293 721 2351; x_wconf 88' lang='lat' dir='ltr'><strong>de</strong></span> <span class='ocrx_word' id='word_1_173' title='bbox 745 2295 876 2368; x_wconf 78' lang='lat' dir='ltr'><strong>sanguine</strong></span> <span class='ocrx_word' id='word_1_174' title='bbox 899 2309 957 2350; x_wconf 84' lang='lat' dir='ltr'><strong>mou</strong></span> <span class='ocrx_word' id='word_1_175' title='bbox 975 2294 1060 2350; x_wconf 79' lang='lat' dir='ltr'><strong>indies</strong></span> <span class='ocrx_word' id='word_1_176' title='bbox 1079 2301 1106 2350; x_wconf 86' lang='lat' dir='ltr'><strong>et</strong></span> <span class='ocrx_word' id='word_1_177' title='bbox 1122 2293 1223 2350; x_wconf 82' lang='lat' dir='ltr'><strong>oculum</strong></span> <span class='ocrx_word' id='word_1_178' title='bbox 1243 2295 1355 2366; x_wconf 70' lang='lat' dir='ltr'><strong>inunges</strong></span> 
     </span>
     <span class='ocr_line' id='line_1_20' title="bbox 315 2392 1356 2466; baseline -0.003 -15"><span class='ocrx_word' id='word_1_179' title='bbox 315 2403 342 2452; x_wconf 88' lang='lat' dir='ltr'><strong>et</strong></span> <span class='ocrx_word' id='word_1_180' title='bbox 360 2398 498 2450; x_wconf 76' lang='lat' dir='ltr'><strong>sanitatem</strong></span> <span class='ocrx_word' id='word_1_181' title='bbox 516 2395 638 2466; x_wconf 76' lang='lat' dir='ltr'><strong>recipies.</strong></span> <span class='ocrx_word' id='word_1_182' title='bbox 674 2393 750 2448; x_wconf 84' lang='lat' dir='ltr'><strong>Tune</strong></span> <span class='ocrx_word' id='word_1_183' title='bbox 765 2395 843 2464; x_wconf 84' lang='lat' dir='ltr'><strong>jussu</strong></span> <span class='ocrx_word' id='word_1_184' title='bbox 863 2394 936 2466; x_wconf 74' lang='lat' dir='ltr'><strong>rugis</strong></span> <span class='ocrx_word' id='word_1_185' title='bbox 955 2392 988 2449; x_wconf 80' lang='lat' dir='ltr'><strong>ad</strong></span> <span class='ocrx_word' id='word_1_186' title='bbox 1007 2394 1188 2450; x_wconf 84' lang='lat' dir='ltr'><strong>dusoiitrudum</strong></span> <span class='ocrx_word' id='word_1_187' title='bbox 1207 2395 1311 2449; x_wconf 80' lang='lat' dir='ltr'><strong>ducitur</strong></span> <span class='ocrx_word' id='word_1_188' title='bbox 1328 2400 1356 2449; x_wconf 88' lang='lat' dir='ltr'><strong>et</strong></span> 
     </span>
     <span class='ocr_line' id='line_1_21' title="bbox 318 2493 1355 2567; baseline 0.002 -19"><span class='ocrx_word' id='word_1_189' title='bbox 318 2494 355 2550; x_wconf 83' lang='lat' dir='ltr'><strong>tit</strong></span> <span class='ocrx_word' id='word_1_190' title='bbox 375 2493 433 2549; x_wconf 81' lang='lat' dir='ltr'><strong>insu</strong></span> <span class='ocrx_word' id='word_1_191' title='bbox 452 2496 572 2550; x_wconf 79' lang='lat' dir='ltr'><strong>oratione</strong></span> <span class='ocrx_word' id='word_1_192' title='bbox 590 2494 750 2560; x_wconf 76' lang='lat' dir='ltr'><strong>desudatur,</strong></span> <span class='ocrx_word' id='word_1_193' title='bbox 776 2505 822 2548; x_wconf 83' lang='lat' dir='ltr'><strong>ren</strong></span> <span class='ocrx_word' id='word_1_194' title='bbox 845 2501 930 2548; x_wconf 74' lang='lat' dir='ltr'><strong>eutem</strong></span> <span class='ocrx_word' id='word_1_195' title='bbox 949 2494 1078 2548; x_wconf 86' lang='lat' dir='ltr'><strong>modiruor</strong></span> <span class='ocrx_word' id='word_1_196' title='bbox 1095 2495 1128 2550; x_wconf 90' lang='lat' dir='ltr'><strong>de</strong></span> <span class='ocrx_word' id='word_1_197' title='bbox 1147 2496 1277 2567; x_wconf 74' lang='lat' dir='ltr'><strong>sanguiue</strong></span> <span class='ocrx_word' id='word_1_198' title='bbox 1296 2493 1355 2565; x_wconf 79' lang='lat' dir='ltr'><strong>ejus</strong></span> 
     </span>
     <span class='ocr_line' id='line_1_22' title="bbox 313 2593 1354 2665; baseline -0.002 -15"><span class='ocrx_word' id='word_1_199' title='bbox 313 2595 446 2664; x_wconf 83' lang='lat' dir='ltr'><strong>uouipiome</strong></span> <span class='ocrx_word' id='word_1_200' title='bbox 465 2601 493 2648; x_wconf 89' lang='lat' dir='ltr'><strong>et</strong></span> <span class='ocrx_word' id='word_1_201' title='bbox 509 2608 590 2665; x_wconf 85' lang='lat' dir='ltr'><strong>super</strong></span> <span class='ocrx_word' id='word_1_202' title='bbox 606 2595 707 2650; x_wconf 87' lang='lat' dir='ltr'><strong>ouuiorn</strong></span> <span class='ocrx_word' id='word_1_203' title='bbox 724 2609 799 2649; x_wconf 85' lang='lat' dir='ltr'><strong>suum</strong></span> <span class='ocrx_word' id='word_1_204' title='bbox 817 2609 917 2665; x_wconf 80' lang='lat' dir='ltr'><strong>ponens</strong></span> <span class='ocrx_word' id='word_1_205' title='bbox 936 2595 986 2648; x_wconf 83' lang='lat' dir='ltr'><strong>aii:</strong></span> <span class='ocrx_word' id='word_1_206' title='bbox 1005 2595 1031 2649; x_wconf 88' lang='lat' dir='ltr'><strong>ht</strong></span> <span class='ocrx_word' id='word_1_207' title='bbox 1049 2596 1153 2650; x_wconf 87' lang='lat' dir='ltr'><strong>nonime</strong></span> <span class='ocrx_word' id='word_1_208' title='bbox 1164 2593 1249 2650; x_wconf 77' lang='lat' dir='ltr'><strong>notet</strong></span> <span class='ocrx_word' id='word_1_209' title='bbox 1269 2595 1354 2649; x_wconf 82' lang='lat' dir='ltr'><strong>saneti</strong></span> 
     </span>
     <span class='ocr_line' id='line_1_23' title="bbox 314 2691 1354 2768; baseline -0.001 -19"><span class='ocrx_word' id='word_1_210' title='bbox 314 2691 509 2768; x_wconf 79' lang='lat' dir='ltr'><strong>christophori,</strong></span> <span class='ocrx_word' id='word_1_211' title='bbox 534 2700 561 2748; x_wconf 87' lang='lat' dir='ltr'><strong>ot</strong></span> <span class='ocrx_word' id='word_1_212' title='bbox 584 2696 707 2749; x_wconf 78' lang='lat' dir='ltr'><strong>continuo</strong></span> <span class='ocrx_word' id='word_1_213' title='bbox 731 2708 811 2750; x_wconf 82' lang='lat' dir='ltr'><strong>sonos</strong></span> <span class='ocrx_word' id='word_1_214' title='bbox 839 2694 949 2749; x_wconf 78' lang='lat' dir='ltr'><strong>onustus</strong></span> <span class='ocrx_word' id='word_1_215' title='bbox 980 2701 1030 2749; x_wconf 84' lang='lat' dir='ltr'><strong>est.</strong></span> <span class='ocrx_word' id='word_1_216' title='bbox 1066 2691 1141 2749; x_wconf 83' lang='lat' dir='ltr'><strong>‘iuno</strong></span> <span class='ocrx_word' id='word_1_217' title='bbox 1167 2708 1214 2748; x_wconf 83' lang='lat' dir='ltr'><strong>rer</strong></span> <span class='ocrx_word' id='word_1_218' title='bbox 1240 2691 1354 2750; x_wconf 86' lang='lat' dir='ltr'><strong>eredidit</strong></span> 
     </span>
     <span class='ocr_line' id='line_1_24' title="bbox 316 2791 1355 2865; baseline 0.001 -18"><span class='ocrx_word' id='word_1_219' title='bbox 316 2792 381 2848; x_wconf 83' lang='lat' dir='ltr'><strong>daus</strong></span> <span class='ocrx_word' id='word_1_220' title='bbox 401 2799 578 2864; x_wconf 82' lang='lat' dir='ltr'><strong>praeseptum,</strong></span> <span class='ocrx_word' id='word_1_221' title='bbox 597 2799 634 2855; x_wconf 85' lang='lat' dir='ltr'><strong>ut,</strong></span> <span class='ocrx_word' id='word_1_222' title='bbox 652 2795 676 2847; x_wconf 87' lang='lat' dir='ltr'><strong>st</strong></span> <span class='ocrx_word' id='word_1_223' title='bbox 695 2795 754 2864; x_wconf 81' lang='lat' dir='ltr'><strong>quis</strong></span> <span class='ocrx_word' id='word_1_224' title='bbox 768 2793 849 2850; x_wconf 85' lang='lat' dir='ltr'><strong>Deum</strong></span> <span class='ocrx_word' id='word_1_225' title='bbox 869 2800 894 2850; x_wconf 83' lang='lat' dir='ltr'><strong>ot</strong></span> <span class='ocrx_word' id='word_1_226' title='bbox 909 2801 1025 2848; x_wconf 83' lang='lat' dir='ltr'><strong>sunctum</strong></span> <span class='ocrx_word' id='word_1_227' title='bbox 1044 2791 1260 2865; x_wconf 75' lang='lat' dir='ltr'><strong>christophorum</strong></span> <span class='ocrx_word' id='word_1_228' title='bbox 1279 2791 1355 2848; x_wconf 80' lang='lat' dir='ltr'><strong>hios-</strong></span> 
     </span>
     <span class='ocr_line' id='line_1_25' title="bbox 313 2891 1353 2964; baseline 0.003 -18"><span class='ocrx_word' id='word_1_229' title='bbox 313 2891 459 2964; x_wconf 81' lang='lat' dir='ltr'><strong>phomorot,</strong></span> <span class='ocrx_word' id='word_1_230' title='bbox 476 2894 599 2947; x_wconf 77' lang='lat' dir='ltr'><strong>contiuuo</strong></span> <span class='ocrx_word' id='word_1_231' title='bbox 609 2891 700 2964; x_wconf 84' lang='lat' dir='ltr'><strong>gindiu</strong></span> <span class='ocrx_word' id='word_1_232' title='bbox 713 2892 846 2949; x_wconf 77' lang='lat' dir='ltr'><strong>feriretur.</strong></span> <span class='ocrx_word' id='word_1_233' title='bbox 881 2893 1037 2948; x_wconf 76' lang='lat' dir='ltr'><strong>Ambrosius</strong></span> <span class='ocrx_word' id='word_1_234' title='bbox 1049 2899 1135 2947; x_wconf 82' lang='lat' dir='ltr'><strong>nutem</strong></span> <span class='ocrx_word' id='word_1_235' title='bbox 1148 2893 1174 2948; x_wconf 86' lang='lat' dir='ltr'><strong>in</strong></span> <span class='ocrx_word' id='word_1_236' title='bbox 1185 2893 1353 2962; x_wconf 71' lang='lat' dir='ltr'><strong>praefatione</strong></span> 
     </span>
     <span class='ocr_line' id='line_1_26' title="bbox 314 2990 1356 3063; baseline 0 -17"><span class='ocrx_word' id='word_1_237' title='bbox 314 2994 353 3047; x_wconf 87' lang='lat' dir='ltr'><strong>sio</strong></span> <span class='ocrx_word' id='word_1_238' title='bbox 378 2994 416 3046; x_wconf 84' lang='lat' dir='ltr'><strong>nit</strong></span> <span class='ocrx_word' id='word_1_239' title='bbox 439 2991 472 3048; x_wconf 94' lang='lat' dir='ltr'><strong>de</strong></span> <span class='ocrx_word' id='word_1_240' title='bbox 496 2991 547 3046; x_wconf 91' lang='lat' dir='ltr'><strong>hou</strong></span> <span class='ocrx_word' id='word_1_241' title='bbox 570 2993 693 3047; x_wconf 80' lang='lat' dir='ltr'><strong>martiro:</strong></span> <span class='ocrx_word' id='word_1_242' title='bbox 719 2990 910 3063; x_wconf 80' lang='lat' dir='ltr'><strong>christophoro</strong></span> <span class='ocrx_word' id='word_1_243' title='bbox 934 2998 1023 3047; x_wconf 73' lang='lat' dir='ltr'><strong>tanus</strong></span> <span class='ocrx_word' id='word_1_244' title='bbox 1047 2992 1150 3047; x_wconf 82' lang='lat' dir='ltr'><strong>uirtutis</strong></span> <span class='ocrx_word' id='word_1_245' title='bbox 1176 2991 1303 3052; x_wconf 72' lang='lat' dir='ltr'><strong>uomitu</strong></span> <span class='ocrx_word' id='word_1_246' title='bbox 1328 3001 1356 3047; x_wconf 86' lang='lat' dir='ltr'><strong>et</strong></span> 
     </span>
     <span class='ocr_line' id='line_1_27' title="bbox 313 3089 1354 3164; baseline 0 -17"><span class='ocrx_word' id='word_1_247' title='bbox 313 3092 451 3148; x_wconf 81' lang='lat' dir='ltr'><strong>doetrinae</strong></span> <span class='ocrx_word' id='word_1_248' title='bbox 468 3093 595 3164; x_wconf 78' lang='lat' dir='ltr'><strong>gratinus,</strong></span> <span class='ocrx_word' id='word_1_249' title='bbox 620 3090 740 3156; x_wconf 87' lang='lat' dir='ltr'><strong>domiue,</strong></span> <span class='ocrx_word' id='word_1_250' title='bbox 764 3089 914 3157; x_wconf 76' lang='lat' dir='ltr'><strong>contulisti,</strong></span> <span class='ocrx_word' id='word_1_251' title='bbox 940 3097 969 3146; x_wconf 90' lang='lat' dir='ltr'><strong>ut</strong></span> <span class='ocrx_word' id='word_1_252' title='bbox 992 3089 1099 3147; x_wconf 77' lang='lat' dir='ltr'><strong>xsvttt</strong></span> <span class='ocrx_word' id='word_1_253' title='bbox 1123 3091 1207 3146; x_wconf 83' lang='lat' dir='ltr'><strong>nitito</strong></span> <span class='ocrx_word' id='word_1_254' title='bbox 1223 3089 1354 3147; x_wconf 86' lang='lat' dir='ltr'><strong>hominum</strong></span> 
     </span>
     <span class='ocr_line' id='line_1_28' title="bbox 313 3189 1355 3266; baseline 0.003 -21"><span class='ocrx_word' id='word_1_255' title='bbox 313 3190 347 3245; x_wconf 87' lang='lat' dir='ltr'><strong>do</strong></span> <span class='ocrx_word' id='word_1_256' title='bbox 371 3191 529 3262; x_wconf 67' lang='lat' dir='ltr'><strong>gentiiitotin</strong></span> <span class='ocrx_word' id='word_1_257' title='bbox 555 3207 646 3248; x_wconf 85' lang='lat' dir='ltr'><strong>erroro</strong></span> <span class='ocrx_word' id='word_1_258' title='bbox 671 3190 705 3246; x_wconf 84' lang='lat' dir='ltr'><strong>nd</strong></span> <span class='ocrx_word' id='word_1_259' title='bbox 730 3189 866 3246; x_wconf 74' lang='lat' dir='ltr'><strong>christiani</strong></span> <span class='ocrx_word' id='word_1_260' title='bbox 887 3189 1027 3266; x_wconf 76' lang='lat' dir='ltr'><strong>dogmatis</strong></span> <span class='ocrx_word' id='word_1_261' title='bbox 1041 3191 1136 3248; x_wconf 84' lang='lat' dir='ltr'><strong>coitum</strong></span> <span class='ocrx_word' id='word_1_262' title='bbox 1156 3191 1355 3248; x_wconf 85' lang='lat' dir='ltr'><strong>uorussentiintrt</strong></span> 
     </span>
     <span class='ocr_line' id='line_1_29' title="bbox 314 3289 1356 3370; baseline 0.004 -28"><span class='ocrx_word' id='word_1_263' title='bbox 314 3289 447 3346; x_wconf 82' lang='lat' dir='ltr'><strong>mirnuolir</strong></span> <span class='ocrx_word' id='word_1_264' title='bbox 465 3304 621 3356; x_wconf 81' lang='lat' dir='ltr'><strong>revocares,</strong></span> <span class='ocrx_word' id='word_1_265' title='bbox 642 3295 739 3362; x_wconf 82' lang='lat' dir='ltr'><strong>quique</strong></span> <span class='ocrx_word' id='word_1_266' title='bbox 753 3289 876 3345; x_wconf 81' lang='lat' dir='ltr'><strong>Nisaeum</strong></span> <span class='ocrx_word' id='word_1_267' title='bbox 896 3298 923 3344; x_wconf 88' lang='lat' dir='ltr'><strong>ot</strong></span> <span class='ocrx_word' id='word_1_268' title='bbox 939 3289 1091 3370; x_wconf 78' lang='lat' dir='ltr'><strong>Aquilinum</strong></span> <span class='ocrx_word' id='word_1_269' title='bbox 1108 3289 1214 3364; x_wconf 85' lang='lat' dir='ltr'><strong>pubiioo</strong></span> <span class='ocrx_word' id='word_1_270' title='bbox 1233 3289 1356 3361; x_wconf 85' lang='lat' dir='ltr'><strong>iupenari</strong></span> 
     </span>
     <span class='ocr_line' id='line_1_30' title="bbox 314 3389 1355 3460; baseline 0.002 -18"><span class='ocrx_word' id='word_1_271' title='bbox 314 3389 397 3460; x_wconf 82' lang='lat' dir='ltr'><strong>longo</strong></span> <span class='ocrx_word' id='word_1_272' title='bbox 414 3395 532 3460; x_wconf 89' lang='lat' dir='ltr'><strong>temporo</strong></span> <span class='ocrx_word' id='word_1_273' title='bbox 550 3389 599 3444; x_wconf 86' lang='lat' dir='ltr'><strong>suh</strong></span> <span class='ocrx_word' id='word_1_274' title='bbox 621 3391 769 3444; x_wconf 74' lang='lat' dir='ltr'><strong>meretricio</strong></span> <span class='ocrx_word' id='word_1_275' title='bbox 786 3390 864 3442; x_wconf 84' lang='lat' dir='ltr'><strong>sorde</strong></span> <span class='ocrx_word' id='word_1_276' title='bbox 884 3389 1040 3445; x_wconf 80' lang='lat' dir='ltr'><strong>inmutonres</strong></span> <span class='ocrx_word' id='word_1_277' title='bbox 1065 3389 1099 3444; x_wconf 85' lang='lat' dir='ltr'><strong>nd</strong></span> <span class='ocrx_word' id='word_1_278' title='bbox 1124 3391 1254 3445; x_wconf 68' lang='lat' dir='ltr'><strong>eastitatis</strong></span> <span class='ocrx_word' id='word_1_279' title='bbox 1277 3389 1355 3444; x_wconf 81' lang='lat' dir='ltr'><strong>hohi·</strong></span> 
     </span>
     <span class='ocr_line' id='line_1_31' title="bbox 315 3485 1356 3561; baseline 0.002 -17"><span class='ocrx_word' id='word_1_280' title='bbox 315 3494 368 3544; x_wconf 86' lang='lat' dir='ltr'><strong>tuor</strong></span> <span class='ocrx_word' id='word_1_281' title='bbox 392 3491 547 3558; x_wconf 77' lang='lat' dir='ltr'><strong>provocarit</strong></span> <span class='ocrx_word' id='word_1_282' title='bbox 570 3485 729 3560; x_wconf 80' lang='lat' dir='ltr'><strong>easdemque</strong></span> <span class='ocrx_word' id='word_1_283' title='bbox 756 3503 879 3543; x_wconf 85' lang='lat' dir='ltr'><strong>uoronotu</strong></span> <span class='ocrx_word' id='word_1_284' title='bbox 901 3489 1038 3558; x_wconf 87' lang='lat' dir='ltr'><strong>poroiporo</strong></span> <span class='ocrx_word' id='word_1_285' title='bbox 1061 3487 1182 3554; x_wconf 81' lang='lat' dir='ltr'><strong>edocuit,</strong></span> <span class='ocrx_word' id='word_1_286' title='bbox 1213 3497 1356 3561; x_wconf 78' lang='lat' dir='ltr'><strong>propterea</strong></span> 
     </span>
     <span class='ocr_line' id='line_1_32' title="bbox 316 3587 1354 3660; baseline 0.002 -18"><span class='ocrx_word' id='word_1_287' title='bbox 316 3588 385 3643; x_wconf 86' lang='lat' dir='ltr'><strong>inter</strong></span> <span class='ocrx_word' id='word_1_288' title='bbox 401 3588 506 3658; x_wconf 80' lang='lat' dir='ltr'><strong>igneum</strong></span> <span class='ocrx_word' id='word_1_289' title='bbox 525 3603 615 3660; x_wconf 72' lang='lat' dir='ltr'><strong>rogum</strong></span> <span class='ocrx_word' id='word_1_290' title='bbox 635 3587 724 3644; x_wconf 82' lang='lat' dir='ltr'><strong>terreo</strong></span> <span class='ocrx_word' id='word_1_291' title='bbox 747 3601 851 3642; x_wconf 81' lang='lat' dir='ltr'><strong>orontio</strong></span> <span class='ocrx_word' id='word_1_292' title='bbox 871 3589 1028 3642; x_wconf 89' lang='lat' dir='ltr'><strong>oorrstrirtos</strong></span> <span class='ocrx_word' id='word_1_293' title='bbox 1045 3590 1149 3644; x_wconf 85' lang='lat' dir='ltr'><strong>nimium</strong></span> <span class='ocrx_word' id='word_1_294' title='bbox 1170 3589 1284 3645; x_wconf 80' lang='lat' dir='ltr'><strong>sutorem</strong></span> <span class='ocrx_word' id='word_1_295' title='bbox 1301 3605 1354 3644; x_wconf 90' lang='lat' dir='ltr'><strong>nom</strong></span> 
     </span>
     <span class='ocr_line' id='line_1_33' title="bbox 315 3686 1357 3764; baseline 0.003 -23"><span class='ocrx_word' id='word_1_296' title='bbox 315 3688 401 3742; x_wconf 87' lang='lat' dir='ltr'><strong>timuit</strong></span> <span class='ocrx_word' id='word_1_297' title='bbox 426 3693 505 3757; x_wconf 82' lang='lat' dir='ltr'><strong>utque</strong></span> <span class='ocrx_word' id='word_1_298' title='bbox 530 3703 578 3758; x_wconf 85' lang='lat' dir='ltr'><strong>pur</strong></span> <span class='ocrx_word' id='word_1_299' title='bbox 603 3687 670 3744; x_wconf 81' lang='lat' dir='ltr'><strong>diors</strong></span> <span class='ocrx_word' id='word_1_300' title='bbox 697 3689 827 3757; x_wconf 67' lang='lat' dir='ltr'><strong>integrum</strong></span> <span class='ocrx_word' id='word_1_301' title='bbox 850 3687 962 3741; x_wconf 87' lang='lat' dir='ltr'><strong>omniurn</strong></span> <span class='ocrx_word' id='word_1_302' title='bbox 981 3686 1088 3742; x_wconf 83' lang='lat' dir='ltr'><strong>rnilitum</strong></span> <span class='ocrx_word' id='word_1_303' title='bbox 1111 3691 1218 3760; x_wconf 73' lang='lat' dir='ltr'><strong>sagittis</strong></span> <span class='ocrx_word' id='word_1_304' title='bbox 1235 3689 1357 3764; x_wconf 73' lang='lat' dir='ltr'><strong>trunrhgi</strong></span> 
     </span>
     <span class='ocr_line' id='line_1_34' title="bbox 315 3783 1369 3856; baseline 0.004 -16"><span class='ocrx_word' id='word_1_305' title='bbox 315 3802 367 3840; x_wconf 90' lang='lat' dir='ltr'><strong>nou</strong></span> <span class='ocrx_word' id='word_1_306' title='bbox 387 3787 486 3856; x_wconf 88' lang='lat' dir='ltr'><strong>potuit;</strong></span> <span class='ocrx_word' id='word_1_307' title='bbox 513 3791 643 3841; x_wconf 75' lang='grc' dir='ltr'>ιιιῑιιιι</span> <span class='ocrx_word' id='word_1_308' title='bbox 667 3799 719 3842; x_wconf 82' lang='grc' dir='ltr'><strong>ιιι</strong></span> <span class='ocrx_word' id='word_1_309' title='bbox 738 3800 770 3841; x_wconf 86' lang='lat' dir='ltr'><strong>etr</strong></span> <span class='ocrx_word' id='word_1_310' title='bbox 789 3783 830 3840; x_wconf 85' lang='lat' dir='ltr'><strong>his</strong></span> <span class='ocrx_word' id='word_1_311' title='bbox 847 3784 977 3841; x_wconf 67' lang='lat' dir='ltr'><strong>omnificis</strong></span> <span class='ocrx_word' id='word_1_312' title='bbox 996 3785 1098 3842; x_wconf 81' lang='lat' dir='ltr'><strong>oriolum</strong></span> <span class='ocrx_word' id='word_1_313' title='bbox 1117 3786 1230 3855; x_wconf 77' lang='lat' dir='ltr'><strong>uoiiisit,</strong></span> <span class='ocrx_word' id='word_1_314' title='bbox 1255 3791 1298 3844; x_wconf 89' lang='lat' dir='ltr'><strong>oui</strong></span> <span class='ocrx_word' id='word_1_315' title='bbox 1314 3797 1369 3844; x_wconf 77' lang='lat' dir='ltr'><strong>to-¹</strong></span> 
     </span>
     <span class='ocr_line' id='line_1_35' title="bbox 316 3885 1357 3944; baseline 0.004 -4"><span class='ocrx_word' id='word_1_316' title='bbox 316 3901 373 3940; x_wconf 91' lang='lat' dir='ltr'><strong>men</strong></span> <span class='ocrx_word' id='word_1_317' title='bbox 397 3885 469 3940; x_wconf 78' lang='lat' dir='ltr'><strong>boati</strong></span> <span class='ocrx_word' id='word_1_318' title='bbox 491 3886 607 3940; x_wconf 74' lang='lat' dir='ltr'><strong>muniris</strong></span> <span class='ocrx_word' id='word_1_319' title='bbox 630 3899 709 3940; x_wconf 87' lang='lat' dir='ltr'><strong>oroor</strong></span> <span class='ocrx_word' id='word_1_320' title='bbox 732 3888 827 3940; x_wconf 86' lang='lat' dir='ltr'><strong>mirtus</strong></span> <span class='ocrx_word' id='word_1_321' title='bbox 850 3899 906 3939; x_wconf 87' lang='lat' dir='ltr'><strong>eum</strong></span> <span class='ocrx_word' id='word_1_322' title='bbox 925 3892 998 3940; x_wconf 78' lang='lat' dir='ltr'><strong>terra</strong></span> <span class='ocrx_word' id='word_1_323' title='bbox 1014 3885 1102 3942; x_wconf 89' lang='lat' dir='ltr'><strong>iumon</strong></span> <span class='ocrx_word' id='word_1_324' title='bbox 1120 3888 1236 3944; x_wconf 82' lang='lat' dir='ltr'><strong>restituit</strong></span> <span class='ocrx_word' id='word_1_325' title='bbox 1253 3894 1281 3942; x_wconf 85' lang='lat' dir='ltr'><strong>ut</strong></span> <span class='ocrx_word' id='word_1_326' title='bbox 1296 3903 1357 3944; x_wconf 89' lang='lat' dir='ltr'><strong>uor-</strong></span> 
     </span>
     <span class='ocr_line' id='line_1_36' title="bbox 316 3983 1356 4057; baseline 0.002 -19"><span class='ocrx_word' id='word_1_327' title='bbox 316 3984 390 4054; x_wconf 86' lang='lat' dir='ltr'><strong>porie</strong></span> <span class='ocrx_word' id='word_1_328' title='bbox 417 3985 570 4038; x_wconf 83' lang='lat' dir='ltr'><strong>ooeoitnton</strong></span> <span class='ocrx_word' id='word_1_329' title='bbox 595 3984 712 4040; x_wconf 86' lang='lat' dir='ltr'><strong>tuiieodo</strong></span> <span class='ocrx_word' id='word_1_330' title='bbox 729 3983 885 4038; x_wconf 80' lang='lat' dir='ltr'><strong>itiontnurtt</strong></span> <span class='ocrx_word' id='word_1_331' title='bbox 904 3989 931 4039; x_wconf 78' lang='lat' dir='ltr'><strong>et</strong></span> <span class='ocrx_word' id='word_1_332' title='bbox 947 3990 1073 4052; x_wconf 79' lang='lat' dir='ltr'><strong>montem,</strong></span> <span class='ocrx_word' id='word_1_333' title='bbox 1097 4001 1155 4040; x_wconf 80' lang='lat' dir='ltr'><strong>rrum</strong></span> <span class='ocrx_word' id='word_1_334' title='bbox 1176 3983 1245 4057; x_wconf 77' lang='lat' dir='ltr'><strong>opud</strong></span> <span class='ocrx_word' id='word_1_335' title='bbox 1265 3994 1291 4042; x_wconf 86' lang='lat' dir='ltr'><strong>to</strong></span> <span class='ocrx_word' id='word_1_336' title='bbox 1310 4001 1356 4044; x_wconf 87' lang='lat' dir='ltr'><strong>re·</strong></span> 
     </span>
     <span class='ocr_line' id='line_1_37' title="bbox 316 4081 1356 4157; baseline 0.004 -21"><span class='ocrx_word' id='word_1_337' title='bbox 316 4086 384 4138; x_wconf 87' lang='lat' dir='ltr'><strong>niorn</strong></span> <span class='ocrx_word' id='word_1_338' title='bbox 404 4085 553 4153; x_wconf 76' lang='lat' dir='ltr'><strong>impetrarit</strong></span> <span class='ocrx_word' id='word_1_339' title='bbox 571 4091 666 4157; x_wconf 81' lang='lat' dir='ltr'><strong>etque,</strong></span> <span class='ocrx_word' id='word_1_340' title='bbox 693 4090 721 4139; x_wconf 87' lang='lat' dir='ltr'><strong>ut</strong></span> <span class='ocrx_word' id='word_1_341' title='bbox 737 4081 844 4138; x_wconf 78' lang='lat' dir='ltr'><strong>morbos</strong></span> <span class='ocrx_word' id='word_1_342' title='bbox 872 4091 898 4138; x_wconf 88' lang='lat' dir='ltr'><strong>ot</strong></span> <span class='ocrx_word' id='word_1_343' title='bbox 916 4083 1081 4141; x_wconf 76' lang='lat' dir='ltr'><strong>introituros</strong></span> <span class='ocrx_word' id='word_1_344' title='bbox 1099 4084 1226 4156; x_wconf 74' lang='lat' dir='ltr'><strong>repoliri,</strong></span> <span class='ocrx_word' id='word_1_345' title='bbox 1252 4084 1356 4156; x_wconf 82' lang='lat' dir='ltr'><strong>suppti-</strong></span> 
     </span>
     <span class='ocr_line' id='line_1_38' title="bbox 316 4179 519 4238; baseline 0.015 -3"><span class='ocrx_word' id='word_1_346' title='bbox 316 4182 382 4236; x_wconf 86' lang='lat' dir='ltr'><strong>oiter</strong></span> <span class='ocrx_word' id='word_1_347' title='bbox 399 4179 519 4238; x_wconf 83' lang='lat' dir='ltr'><strong>obtinuit.</strong></span> 
     </span>
    </p>
   </div>
   <div class='ocr_carea' id='block_1_3' title="bbox 0 0 1498 5316">
    <p class='ocr_par' dir='ltr' id='par_1_3' title="bbox 0 0 1498 5316">
     <span class='ocr_line' id='line_1_39' title="bbox 0 0 1498 5316; baseline 0 0"><span class='ocrx_word' id='word_1_348' title='bbox 0 0 1498 5316; x_wconf 95' lang='lat' dir='ltr'><strong> </strong></span> 
     </span>
    </p>
   </div>
  </div>
 </body>
</html>
