2984 5302
347 471 409 532 540
531 473 602 551 Cup.
624 471 751 531 cxxiii.
797 475 840 532 De
862 485 960 531 saneto
985 473 1198 534 Bsrtheiosu'ee.

346 633 400 686 ritu
418 647 469 684 nnn
488 630 597 695 enititur,
616 629 664 685 sed
684 631 709 682 tn
728 629 820 686 meiius
840 635 1019 700 summutuiur.
1055 629 1119 686 Mun
1137 631 1220 703 igitur
1240 628 1392 685 deeoiistus

347 737 389 784 est
411 736 438 784 et
462 745 479 782 n
498 728 650 784 christianis
675 743 772 799 eorpus
797 731 856 800 eius
875 728 1006 784 subisturs
1025 727 1169 785 bunuribns
1187 735 1228 784 est
1245 727 1390 798 sepulture.

346 828 387 884 ιιι
405 829 480 899 eujus
497 827 664 900 sepulchrum
681 833 757 882 tunts
773 826 871 883 flebunt
888 819 1027 893 sutrensis,
1051 833 1080 882 ut
1096 830 1173 884 etism
1192 842 1209 882 u
1226 829 1345 899 pegenis
1363 829 1390 882 is

346 928 446 982 benere
458 930 569 981 manime
581 924 731 981 haberetur.
749 925 841 982 Refert
848 924 993 998 Gregorius
999 926 1172 993 Turonensis,
1189 925 1260 998 quod
1271 925 1306 982 de
1317 926 1389 992 iure,

345 1025 391 1080 ubi
422 1026 533 1097 sanguis
563 1025 621 1096 ejus
649 1024 749 1080 effusus
774 1031 832 1092 est,
864 1025 968 1096 qnidam
998 1024 1160 1081 ebristiunus
1191 1033 1247 1081 tres
1276 1023 1388 1094 lapiiius

345 1125 476 1196 sunguine
499 1138 637 1194 respersos
662 1121 770 1178 sustulit
797 1130 825 1179 et
848 1126 875 1177 in
900 1137 981 1194 uupsu
1009 1131 1140 1197 sugentes
1161 1123 1261 1180 tabuiis
1286 1123 1388 1195 digeris

346 1224 520 1292 eiruumsrpts
538 1223 645 1277 tenurit.
681 1222 762 1286 Quum
782 1237 839 1278 uum
857 1224 884 1276 iu
904 1223 1016 1294 quedem
1040 1229 1130 1278 esstro
1152 1223 1270 1278 locasset
1292 1227 1322 1277 ei
1347 1229 1387 1276 tu·

345 1327 398 1376 tum
422 1328 536 1377 uestrum
563 1321 709 1376 incendium
733 1323 938 1389 consumsisset,
969 1321 1002 1377 de
1033 1323 1119 1378 suedie
1150 1324 1220 1396 ignis
1246 1321 1388 1392 praedicis

346 1435 430 1490 uspss
451 1435 518 1474 ssuu
540 1426 567 1476 et
591 1423 696 1494 iutepre
721 1427 763 1476 est
781 1419 886 1480 educte.
920 1419 1019 1478 turnus
1038 1428 1079 1479 est
1095 1424 1168 1478 eires
1184 1435 1269 1476 enuus
1287 1419 1387 1476 demini

348 1513 507 1588 Ι)ιιιῖι,ιιιι.

761 1651 888 1664 μ’·
895 1651 968 1663 ιιι-

661 1899 757 1995 tii.
782 1897 929 1995 cittii.
957 1899 1068 1999 (tie.)

479 2049 562 2120 lie
590 2051 795 2123 seneen
821 2050 1241 2122 Bartholomeo.

412 2211 613 2271 durtbutsmeus
636 2217 825 2286 iuterpretatur
847 2213 916 2270 fitius
943 2211 1131 2286 suspendentis
1150 2210 1293 2283 muneret
1314 2209 1397 2266 biius.

345 2325 374 2366 se
399 2310 593 2380 suspendentis.
627 2314 730 2370 Dicitur
751 2317 819 2370 euim
842 2314 940 2381 ebur,
963 2313 1033 2384 quud
1056 2318 1098 2368 est
1121 2311 1208 2378 fliius,
1232 2315 1261 2366 et
1282 2308 1383 2372 tbuius.

335 2408 415 2488 ¹quud
428 2416 470 2464 est
483 2411 628 2476 summitas,
641 2420 668 2468 et
678 2427 760 2483 muys,
776 2412 848 2484 quud
861 2420 902 2468 est
912 2427 989 2482 spus„
1007 2411 1069 2467 inde
1080 2409 1287 2472 bertbuiumeus.
1301 2407 1330 2462 id
1341 2413 1384 2464 est

344 2504 414 2561 titius
438 2507 625 2578 suspendentis
649 2525 749 2584 aquus,
774 2510 800 2564 id
827 2518 868 2565 est
885 2509 952 2576 liei,
981 2512 1027 2582 qui
1048 2517 1148 2564 ruentes
1167 2507 1304 2562 ductorum
1323 2522 1383 2560 sur-

344 2619 401 2660 sum
420 2604 522 2674 eierat,
546 2615 576 2662 ut
592 2623 676 2680 squas
695 2609 871 2664 dentrinuruuu
891 2608 1002 2666 iniurius
1019 2607 1140 2663 tundant
1177 2605 1210 2662 Ιιι
1227 2612 1269 2661 εει
1285 2619 1382 2660 numen

344 2705 452 2776 Syrum,
493 2722 545 2762 usu
581 2705 735 2763 Hebraeum.
796 2708 848 2764 Per
885 2711 994 2778 primum
1038 2709 1106 2762 euius
1142 2711 1249 2760 nututur
1284 2703 1383 2774 triplex

342 2803 529 2875 suspendium,
555 2805 625 2878 quod
648 2809 707 2876 tpsu
730 2805 832 2862 buente
867 2805 927 2863 Fuit
949 2811 1015 2864 euim
1034 2819 1194 2878 suspensus,
1220 2802 1246 2858 ιι
1265 2807 1307 2857 εει
1324 2803 1383 2859 eie·

343 2910 418 2960 estus
435 2903 470 2959 ub
489 2920 577 2960 sunere
596 2903 699 2972 muudi,
724 2905 767 2961 rel
783 2921 943 2977 suspensus,
968 2906 996 2962 td
1014 2912 1055 2963 est
1071 2907 1187 2960 inienuus
1208 2918 1299 2959 umore
1318 2918 1381 2961 ese-

341 3002 420 3068 iesti‚
449 3002 491 3058 sei
516 3019 678 3074 suspensus,
702 3003 731 3058 id
756 3010 798 3061 est
821 3005 941 3060 totaliter
957 3008 1068 3078 ¹iunixus
1094 3005 1199 3074 grutiee
1230 3008 1257 3057 et
1281 3003 1382 3058 nundin

341 3100 407 3169 Dei,
430 3107 459 3156 ut
475 3118 528 3166 unu
544 3118 562 3156 u
579 3103 635 3165 suis
652 3104 767 3170 meritis,
791 3103 839 3159 sed
863 3103 946 3172 uDet
964 3103 1098 3174 adjutorio
1115 3108 1173 3158 tutu
1193 3102 1249 3156 rite
1265 3115 1316 3157 suu
1333 3101 1381 3158 de-

341 3198 465 3269 pendeat.
506 3199 558 3256 Per
587 3200 728 3256 seeundum
760 3217 823 3256 seru
855 3201 1022 3273 profunditas
1053 3217 1118 3256 sune
1147 3202 1305 3272 supientiae.
1342 3200 1381 3256 De

341 3299 417 3370 eujus
435 3300 584 3368 supientiae
601 3299 781 3370 prsiuudiiete
800 3299 865 3356 dieii
886 3299 1027 3372 Dionysius
1049 3302 1076 3378 tn
1099 3301 1208 3371 mpstiuu
1225 3299 1380 3372 tbeuiugis:
1444 3350 1447 3358 ,

340 3394 445 3452 diuinus
462 3396 665 3454 nannetensem
683 3399 747 3474 dieii
765 3379 793 3454 et
808 3399 914 3455 muitum
932 3399 1095 3471 tbeeiugism
1120 3413 1181 3454 esse
1205 3405 1234 3454 et
1248 3401 1379 3454 minimum

341 3501 369 3550 et
386 3483 550 3568 stengelium
568 3495 649 3550 iarun
667 3503 694 3550 et
711 3512 833 3569 mnguum
856 3507 883 3554 et
902 3513 992 3554 rursus
1011 3499 1154 3552 musteum.
1190 3495 1224 3552 Et
1240 3497 1294 3553 suit
1311 3496 1379 3552 Bur-

340 3592 489 3649 tholomeus
518 3592 659 3650 ostendere
689 3595 829 3652 seeundum
854 3599 1028 3652 intentionem
1058 3595 1196 3666 Dionysii,
1226 3595 1298 3667 quod
1328 3611 1381 3652 uus

340 3691 554 3749 consideratisne
570 3699 683 3763 pessunt
700 3697 788 3751 uurutu
803 3693 929 3752 niirnsri
948 3693 981 3750 de
999 3695 1071 3761 Dee,
1091 3694 1147 3750 siis
1165 3694 1379 3752 uumtderstione

340 3792 426 3864 brugis
444 3793 551 3862 proprie
568 3795 672 3866 segurd.

407 3895 439 3948 1.
457 3887 659 3946 Burtbsiomeus
677 3891 815 3962 apestolus
834 3894 941 3948 ueniens
959 3891 995 3946 ud
1010 3889 1118 3960 ludium,
1137 3907 1205 3967 quse
1222 3899 1265 3948 est
1281 3895 1308 3948 in
1329 3893 1380 3948 sune

340 3986 423 4054 urbis,
444 3987 577 4057 tempium,
597 3989 624 4043 in
636 4005 688 4061 quu
706 3997 764 4045 erat
779 3990 884 4061 pdeium
902 3991 1006 4046 uumiue
1026 3990 1208 4058 ²)dscarutb.
1226 3993 1336 4068 intrusit
1353 4000 1380 4048 ει

340 4087 418 4156 qussi
432 4087 590 4158 peregrinus
603 4087 700 4144 ibidem
714 4103 819 4145 munere
835 4091 963 4159 ’iuoepit
991 4087 1020 4144 ln
1033 4087 1083 4143 buc
1095 4087 1176 4160 penio
1190 4087 1297 4160 quidun
1314 4091 1378 4147 due-

339 4198 400 4238 uren
416 4181 569 4251 habitabat,
589 4189 632 4256 qui
651 4201 682 4240 se
698 4187 857 4258 languentes
875 4201 968 4243 eurure
987 4185 1105 4251 dicebat,
1122 4188 1171 4242 sed
1188 4204 1239 4242 nen
1258 4190 1377 4244 eumundo

339 4279 529 4347 subveniebat,
547 4281 596 4337 ted
613 4298 630 4336 e
647 4283 767 4338 iussione
783 4285 921 4340 cessando.
957 4284 1010 4342 Sed
1033 4300 1089 4340 eum
1107 4282 1230 4356 tempium
1249 4287 1378 4359 tunguen-

389 4397 729 4450 lidiiiccbxxi'offerurrt.
805 4402 1059 4454 ηΑΙίὶιΑιιεεοιιι.
1136 4402 1365 4460 ι)ΑΙιὶιι-εειριι.
