2984 5316
324 505 387 567 ⁴36
542 505 614 586 Cap.
638 505 687 566 cl.
728 507 774 567 De
795 516 904 588 septem
927 505 1143 569 dormientibus.

324 669 444 726 lecernnt
469 673 497 724 ct
518 666 571 723 due
594 666 732 724 christiani
754 667 914 725 'licodorua
941 675 968 727 et
984 667 1093 726 Rufinus
1111 685 1200 726 eorunv
1221 669 1366 725 martirium

323 767 505 827 describentes
525 775 604 824 caute
628 770 697 826 inter
721 769 827 841 lapides
851 776 1003 843 posuerunt.
1038 768 1146 828 Mortuo
1174 773 1257 844 igitur
1284 772 1367 826 Decio

323 878 351 927 et
371 875 430 926 tota
452 868 502 925 illa
523 872 696 942 generatione
720 875 783 940 post
800 884 884 924 annos
903 867 1063 926 ccclxxii
1081 887 1150 927 anne
1167 869 1245 927 xxx
1262 871 1367 940 inperii

323 968 472 1028 'lboodosil
490 968 629 1040 pullulavit
645 968 767 1025 haeresis
786 985 891 1037 eornm,
917 971 963 1044 qui
989 969 1125 1044 negabant
1146 973 1366 1028 resurrectionen

322 1078 497 1136 mertuorum,
522 1067 593 1125 unde
617 1071 787 1124 contristatus
806 1068 977 1126 Theodosius
996 1069 1231 1129 christianissimus
1249 1070 1366 1141 inpera-

323 1178 375 1240 tor,
394 1172 458 1242 qnia
475 1169 551 1224 iden
568 1169 717 1240 tam'inrpie
737 1170 836 1242 agitari
856 1170 971 1238 videbat,
992 1163 1098 1227 indutus
1117 1172 1206 1228 cilicio
1223 1169 1320 1226 sedens
1340 1171 1367 1224 ln

323 1272 443 1328 interiori
459 1269 519 1325 loce
537 1285 586 1340 per
603 1269 725 1342 singulos
741 1267 799 1324 dies
814 1268 904 1325 ilebat.
940 1269 1016 1335 Quod
1029 1271 1282 1328 vidensmisericors
1294 1269 1367 1326 lleus

323 1369 458 1428 consolari
469 1369 592 1442 lugentes
611 1373 638 1424 et
655 1369 810 1424 conlirnare
820 1385 893 1439 spem
903 1368 936 1424 de
946 1372 1139 1427 resurrectione
1151 1371 1235 1427 voluit
1246 1377 1366 1426 monuo·

322 1488 379 1527 run
404 1475 430 1525 et
455 1467 606 1523 thesaurum
631 1483 696 1524 suae
720 1469 829 1539 pietatis
854 1470 977 1539 aperiens
1003 1471 1040 1525 ita
1064 1470 1214 1542 praedictos
1242 1472 1366 1525 martires

199 1616 202 1623 .
323 1568 470 1627 suscitavit.
504 1566 579 1623 Misit
595 1567 724 1640 siqnidem
743 1570 770 1621 in
788 1582 836 1621 cor
853 1567 990 1640 enjusdam
1010 1571 1076 1626 civis
1093 1569 1208 1642 Ephesi,
1225 1577 1254 1625 ui
1273 1571 1299 1626 in
1320 1570 1366 1625 illo

323 1678 410 1728 monte
435 1666 588 1725 aedificaret
605 1667 711 1722 stabula
728 1668 882 1738 pastoribus
907 1669 972 1724 sols.
1009 1668 1198 1726 Casmentariis
1215 1672 1366 1742 speluncam

322 1769 504 1846 aperientibus
521 1774 693 1824 surrexerunt
712 1769 798 1822 sancti
817 1775 845 1823 et
860 1783 890 1824 so
908 1771 1019 1825 invicem
1033 1767 1180 1825 salutantes
1198 1771 1367 1842 potabantse

293 1849 297 1858 Ι
321 1880 422 1928 notum
439 1884 492 1925 una
511 1875 587 1924 noete
606 1865 763 1922 dormivisse
789 1875 815 1923 et
840 1868 1013 1939 praenitentes
1036 1872 1169 1925 tristitiam
1194 1870 1367 1926 recordantes

321 1975 554 2044 interrogaverunt
569 1964 717 2034 blalcbun,
744 1969 789 2039 qui
809 1970 843 2022 iis
860 1970 1065 2040 ministraverat,
1085 1970 1199 2044 quidde
1219 1972 1252 2026 iis
1271 1970 1368 2027 Decius

322 2073 495 2130 decrevisset.
530 2069 567 2126 lit
582 2066 628 2124 illa
646 2067 798 2138 respondit,
823 2070 892 2125 sicut
909 2068 976 2125 dixit
991 2072 1017 2124 lu
1034 2085 1110 2128 sero:
1129 2073 1243 2144 quaesiti
1261 2070 1367 2137 inimus,

322 2179 351 2229 ut
368 2170 456 2244 ydolis
479 2167 649 2224 immolemus.
683 2164 751 2222 Ecce
769 2167 839 2240 quod
865 2170 898 2224 de
917 2169 994 2225 nobis
1013 2174 1115 2244 cogitat
1129 2173 1279 2243 imperator.
1314 2170 1367 2228 lie·

321 2270 430 2344 spondit
447 2267 638 2326 Maximianus:
659 2274 685 2323 et
703 2265 774 2323 [lens
793 2271 858 2336 soit,
879 2269 949 2341 qood
966 2287 1018 2326 non
1039 2271 1252 2326 sacrificabimus.
1289 2269 1367 2326 cun-

321 2389 373 2446 qne
391 2371 481 2426 socios
499 2367 687 2435 confortasset,
704 2366 787 2439 jussit
803 2367 927 2436 Malcho,
945 2377 975 2425 ut
992 2379 1106 2427 eruturus
1122 2386 1204 2442 panes
1223 2371 1256 2427 ad
1275 2370 1366 2427 orbern

322 2469 495 2528 descenderet
512 2473 539 2523 et
554 2467 644 2538 piures
663 2481 739 2538 qnam
758 2465 816 2522 heri
836 2469 952 2525 atterens
970 2485 1068 2541 penes,
1089 2486 1158 2542 quae
1172 2473 1300 2544 jussisset
1318 2473 1365 2526 inr-

319 2577 445 2644 pcrator,
469 2566 575 2624 rediens
598 2567 739 2621 nuntiaret.
775 2566 885 2623 Tellena
910 2585 975 2642 ergo
996 2570 1106 2627 Marcus
1130 2573 1245 2644 quinque
1263 2571 1365 2627 solidos

323 2672 357 2728 de
373 2668 500 2741 spelunca
517 2668 583 2724 exiit
600 2674 627 2722 ct
645 2664 736 2722 videus
753 2667 857 2738 lapides
875 2670 985 2724 niratns
1003 2676 1060 2738 est,
1084 2671 1133 2727 sed
1151 2670 1224 2726 aliud
1243 2673 1366 2745 cogitans

320 2786 412 2843 parum
437 2768 470 2824 de
494 2765 628 2839 lapidibus
652 2769 789 2838 cogitavit.
825 2766 940 2824 Veniens
965 2771 1048 2842 igitur
1072 2771 1178 2827 timidus
1202 2771 1236 2826 ad
1262 2778 1364 2842 portam

321 2871 396 2927 urbis
420 2868 498 2924 valdo
522 2869 631 2922 miratus
658 2873 699 2922 est
723 2866 815 2923 videns
841 2873 1007 2941 suppositum
1030 2873 1135 2944 signore
1160 2873 1262 2939 nucis,
1295 2869 1365 2926 unde

319 2985 436 3043 pergens
456 2966 492 3023 ad
515 2967 624 3022 altervnn
643 2972 762 3037 portam,
787 2967 847 3022 door
865 2969 934 3025 idem
953 2971 1057 3044 signum
1081 2973 1195 3039 invenit,
1217 2970 1289 3026 vltra
1308 2989 1365 3026 ruo-

321 3070 383 3126 dnm
406 3071 516 3125 miratus
541 3072 583 3124 est
608 3066 700 3121 videns
729 3081 820 3122 omnes
846 3077 938 3141 portas
968 3071 1047 3142 signo
1077 3072 1163 3126 crucis
1191 3073 1313 3142 apposito
1339 3077 1366 3127 et

320 3175 443 3225 notatam
464 3170 611 3233 civitaten,
636 3167 800 3238 signansque
825 3183 855 3224 se
874 3168 908 3224 ad
928 3169 1036 3241 primam
1055 3177 1157 3242 portam
1176 3170 1255 3227 rediit
1272 3173 1366 3226 existi·

318 3285 393 3326 mans
412 3285 443 3325 se
461 3269 601 3324 somniare.
635 3263 709 3321 llnde
733 3281 763 3322 se
788 3265 944 3326 confirmans
971 3276 998 3326 et
1015 3272 1114 3326 vultum
1131 3273 1255 3343 operiens
1272 3271 1364 3328 urbem

199 3414 201 3420 .
319 3369 469 3442 ingreditur
484 3373 512 3423 et
529 3368 638 3422 veniens
656 3363 690 3420 ed
708 3365 861 3424 venditores
878 3385 974 3441 panum
991 3369 1094 3427 audivit
1115 3370 1234 3427 homines
1253 3370 1364 3444 loqueu-

317 3476 360 3525 tes
379 3469 412 3524 de
431 3467 536 3523 Christo
555 3465 712 3537 etamplius
732 3467 897 3538 stupefactos
922 3473 975 3526 ait:
1000 3469 1063 3544 qnid
1088 3477 1143 3536 est,
1168 3473 1268 3543 iuquit,
1293 3470 1364 3544 qnod

319 3569 378 3625 beri
404 3583 479 3624 neno
508 3565 638 3622 absistunt
664 3566 782 3623 audebat
800 3570 951 3639 nominare,
978 3577 1005 3627 et
1023 3585 1090 3626 visne
1117 3586 1208 3626 omnes
1233 3570 1364 3626 Christum

318 3668 495 3724 adnitentur?
524 3673 603 3738 puto,
628 3666 699 3738 qnod
721 3666 789 3722 baec
814 3683 867 3724 non
895 3676 937 3725 est
961 3667 1126 3742 Ephesorum
1158 3672 1268 3739 civitas,
1301 3674 1366 3744 qula

318 3768 400 3824 aliter
422 3766 563 3848 aediioata
585 3772 644 3835 est,
676 3766 725 3822 sed
751 3767 829 3823 alia·
853 3769 986 3826 nivitstcn
1010 3773 1101 3826 nescio
1125 3770 1213 3826 talem.
1248 3769 1282 3826 lit
1305 3787 1364 3828 cun

318 3870 489 3941 interrogans
506 3867 662 3934 audivisset,
680 3866 749 3922 hane
767 3882 829 3923 esso
845 3865 988 3939 Ephesum,
1006 3884 1097 3926 errare
1115 3872 1248 3926 veraciter
1266 3887 1296 3928 se
1314 3889 1363 3944 pu-

317 3969 384 4024 tavit
407 3973 434 4022 et
457 3967 545 4024 redire
569 3965 604 4022 ad
627 3968 717 4023 socios
742 3969 887 4039 cogitavit,
912 3971 1026 4025 aeeesnt
1051 3976 1138 4026 tamen
1165 3968 1201 4025 ad
1225 3986 1289 4039 eos,
1318 3975 1364 4044 qut

317 4081 412 4138 panon
430 4064 593 4135 vendebant,
628 4072 655 4123 et
671 4081 728 4124 com
746 4073 889 4138 argenteos
907 4069 1080 4141 protulisset,
1105 4071 1192 4124 intrati
1210 4070 1363 4128 venditores

318 4165 443 4222 dicebant
467 4166 502 4223 ad
525 4169 655 4235 invicem,
679 4166 751 4240 quod
775 4165 821 4222 ille
841 4167 948 4238 juvenis
965 4171 1100 4242 antiquum
1119 4168 1271 4226 thesaurum
1287 4172 1363 4228 inve·

315 4267 409 4333 nisset,
427 4265 549 4321 lilalclrus
560 4281 622 4323 vero
641 4283 688 4323 eos
706 4266 742 4322 ad
761 4267 872 4328 invicem
891 4266 1031 4342 loquentes
1044 4269 1137 4327 videus
1151 4268 1271 4340 putabat,
1290 4269 1363 4342 quod

316 4363 415 4420 velient
431 4380 489 4420 eun
506 4363 613 4422 trabere
631 4364 666 4422 ad
684 4368 884 4438 inperatorem,
903 4374 930 4423 et
947 4372 1055 4425 territus
1075 4369 1182 4440 rogavit
1201 4383 1266 4433 eos,
1284 4374 1314 4423 ut
1330 4383 1382 4426 sev

316 4461 477 4520 dimitterent
501 4471 528 4522 et
551 4479 634 4538 panes
656 4474 684 4523 et
699 4473 843 4542 argenteos
862 4469 1014 4526 retinerent.
1049 4470 1085 4525 nt
1103 4467 1143 4523 illi
1160 4473 1283 4526 necuter
1301 4484 1360 4526 eum
