2902 5310
283 482 344 544 712
508 484 582 562 Cap.
600 483 702 543 CLXI.
744 484 790 545 De
812 495 912 543 sancto
933 484 1099 545 Eustochio.

286 647 432 716 ruptionem
452 657 575 699 senarum
592 643 740 710 distentus,
764 647 853 700 neruis
871 661 976 718 qnoque
997 645 1086 702 erudis
1104 644 1252 702 durissime
1270 661 1341 703 eas-

184 739 186 742 ’
286 759 333 799 sus
352 743 449 811 oleum,
467 745 550 815 pisam
569 751 596 800 ot
613 743 718 816 adipem
736 742 956 800 feruentissimum
974 747 1108 815 toteravit,
1128 754 1156 803 et
1173 761 1234 802 oum
1255 762 1340 818 prae-

286 842 370 899 sidem
394 843 545 911 derideret,
575 844 659 902 iratos
683 841 796 910 antean,
827 850 928 899 anetum
953 850 979 900 et
1004 847 1135 918 sinapium
1160 847 1188 901 tn
1217 863 1250 902 oa
1276 847 1340 920 sius

288 943 410 1016 projecit.
446 939 500 998 Sed
519 960 575 1000 oum
594 943 681 1000 adhue
697 942 838 998 immobilis
860 950 1027 1014 permaneret
1050 950 1078 1001 et
1093 945 1165 1017 apud
1185 947 1340 1002 Vero-an·

289 1043 349 1098 dom
379 1041 509 1099 adductus
536 1043 646 1111 inisset,
678 1042 743 1098 duos
769 1043 860 1098 stauos
885 1058 902 1097 n
927 1045 1014 1114 eapite
1038 1061 1121 1118 usque
1145 1045 1178 1100 ad
1204 1061 1286 1101 eruro
1312 1052 1340 1102 et

289 1142 380 1199 dooern
403 1145 472 1199 inter
489 1143 602 1218 ungulos
625 1148 651 1199 et
673 1158 778 1198 onrnern
797 1158 908 1214 praeses
936 1141 1049 1216 infigens
1074 1143 1179 1200 tandem
1207 1161 1268 1200 eom
1288 1145 1340 1200 de-

288 1243 384 1300 collari
407 1242 477 1299 decit.
516 1243 597 1317 (iujos
621 1258 718 1314 eorpus
744 1243 771 1296 in
794 1242 889 1298 flumen
914 1243 1077 1315 projectum,
1101 1259 1157 1299 oum
1183 1260 1236 1314 per
1253 1260 1340 1300 annos

289 1343 336 1400 LV
360 1344 498 1411 intuisset,
524 1359 540 1398 n
565 1342 678 1416 quadarn
705 1349 826 1396 matrona
851 1340 934 1396 nobiti
953 1343 1072 1400 Romana
1090 1344 1180 1400 taliter
1201 1353 1340 1416 repertum

290 1451 341 1505 est.
376 1442 440 1499 Nam
460 1441 520 1498 dnm
539 1443 647 1499 assiduo
670 1444 786 1496 orationi
807 1449 928 1510 vaonret,
953 1449 1030 1500 noete
1054 1443 1088 1498 ab
1113 1444 1213 1516 angoto
1237 1448 1340 1500 monita

291 1543 324 1599 ad
341 1549 455 1599 anstrum
474 1541 666 1625 Veromundom
686 1557 832 1613 propernro
847 1541 971 1613 jubetur,
997 1550 1025 1598 ut
1046 1545 1071 1598 in
1090 1544 1139 1597 tadi
1158 1544 1218 1599 tooo
1240 1560 1341 1616 eorpus

290 1647 374 1701 saneti
398 1643 516 1707 Quintini
543 1645 690 1713 requireret
714 1647 741 1696 et
765 1640 909 1696 honorifico
934 1643 1069 1713 sepeliret,
1106 1642 1168 1698 Corn
1194 1646 1280 1717 igitur
1304 1646 1340 1699 ad

290 1744 454 1816 praedictum
473 1741 558 1796 iocum
578 1757 635 1796 eunt
655 1740 734 1796 rnuito
755 1741 880 1794 connitatur
899 1744 1016 1797 uenisset
1033 1748 1060 1797 st
1077 1744 1225 1798 orationem
1240 1744 1340 1799 ibidem

292 1842 422 1908 tunderet,
437 1855 534 1913 eorpus
548 1840 756 1904 snnotiQnintini
773 1842 950 1911 incorruptum
964 1848 991 1896 at
1006 1841 1129 1898 redolens
1141 1857 1224 1914 super
1233 1845 1341 1899 touton

291 1947 412 2014 protinus
432 1943 557 1998 euanuit.
594 1939 669 2004 Quod
688 1940 822 2011 sepedians
841 1956 889 2012 pro
912 1941 1066 2011 sepulturae
1094 1941 1226 1998 boneioto
1252 1943 1340 1999 tomen

293 2042 428 2098 oootoron
447 2043 548 2113 reseptt
570 2045 598 2097 et
615 2038 711 2096 ibidem
730 2038 868 2095 aeditioata
888 2038 1002 2097 eeclesia
1019 2040 1054 2095 ud
1073 2044 1183 2114 proprie
1201 2045 1341 2099 remearit.

710 2289 917 2304 ‘m

632 2543 728 2640 (ΑΡ.
752 2543 859 2638 titt.
884 2543 999 2640 (toi.)

487 2697 568 2766 lte
595 2695 797 2766 semoto
816 2690 1142 2767 mnstoonto.

363 2859 520 2918 Epitaphius
538 2867 599 2917 ante
619 2856 744 2917 Pdnoidus
762 2857 915 2916 venabatur.
950 2859 996 2914 iiio
1009 2865 1066 2914 erat
1084 2856 1211 2928 magister
1228 2855 1340 2908 miiitum

298 2961 411 3034 Tradunt
439 2963 614 3031 imperatoris.
661 2958 725 3016 Erat
754 2968 839 3015 autom
873 2958 999 3030 operibus
1032 2953 1231 3013 miserirordiae
1262 2953 1340 3008 uuida

296 3061 437 3128 assiduus,
458 3059 506 3115 sed
523 3067 609 3116 tammr
627 3059 763 3132 proteron
781 3057 863 3114 cultui
880 3057 995 3116 deditos.
1029 3055 1150 3112 Habebat
1166 3061 1253 3109 antem
1274 3070 1339 3108 oon·

293 3163 385 3233 jugem
413 3160 530 3232 eJ‘usdem
555 3162 622 3215 ritus
648 3164 675 3216 et
697 3157 896 3214 misericordior
923 3159 1093 3214 exsistentem
1122 3155 1242 3227 duosque
1270 3155 1340 3209 bitus

297 3261 464 3332 proerenrit,
483 3276 551 3332 quos
565 3261 644 3330 juxta
663 3275 736 3314 suam
756 3256 974 3330 megniioentinor
992 3257 1130 3328 magnifiee
1145 3254 1251 3311 educari
1268 3255 1341 3323 desit,

297 3367 325 3415 et
342 3363 405 3430 quta
421 3359 547 3430 operibus
566 3358 764 3416 miseridordiae
782 3358 891 3414 sedatus
911 3355 1061 3422 insistebat,
1079 3354 1114 3409 ad
1135 3358 1202 3411 siam
1218 3357 1341 3410 ueritatis

297 3461 392 3514 meruit
408 3457 548 3514 illustrari.
584 3459 703 3522 Quadam
716 3455 788 3514 enim
807 3457 865 3525 die,
883 3473 940 3512 oum
958 3457 1092 3512 venationi
1110 3457 1258 3522 insisteret,
1277 3471 1340 3527 gre-

297 3574 357 3632 gem
375 3572 510 3614 neruorum
534 3560 648 3628 reperit,
673 3560 742 3613 iotor
766 3573 832 3629 quos
856 3573 933 3612 noun
957 3557 1070 3611 caeteris
1098 3557 1290 3627 speciosiorem
1315 3560 1343 3610 et

298 3659 426 3729 majorem
444 3659 598 3727 eonspexit,
625 3658 670 3728 qut
694 3656 728 3712 ab
752 3657 863 3711 ottorou
889 3658 1018 3712 societate
1042 3655 1182 3712 discedens
1202 3658 1227 3709 in
1245 3657 1342 3716 rituam

299 3759 441 3820 vastiorem
475 3756 599 3825 prostitit.
642 3755 738 3812 Verum
769 3756 830 3810 aliis
860 3756 986 3810 militibus
1009 3758 1080 3810 eirea
1102 3770 1195 3812 oerros
1222 3753 1342 3826 reliquos

300 3858 436 3927 oooupatia
454 3853 579 3911 Piaoidos
596 3853 667 3910 buno
686 3860 742 3910 toto
762 3857 820 3910 niso
838 3856 985 3926 insequitur
1008 3862 1035 3911 st
1053 3858 1136 3926 ipson
1156 3869 1253 3925 sapere
1274 3858 1342 3910 nite-

299 3952 387 4010 batur.
423 3952 506 4018 Qusm
522 3967 580 4009 eum
600 3955 665 4008 totis
684 3953 784 4010 tinibus
804 3957 1003 4026 insequeretur,
1026 3969 1120 4010 seruos
1136 3951 1243 4010 tandem
1261 3970 1345 4025 sopor

299 4053 433 4127 quandam
452 4055 525 4122 rupis
543 4051 707 4108 altitudinem
730 4053 884 4108 oonsoendit
902 4060 928 4110 et
945 4052 1068 4108 Ptaoidns
1086 4056 1259 4125 appropiares,
1278 4069 1344 4126 qus·

300 4155 362 4209 liter
379 4154 439 4223 oapi
457 4159 566 4222 posset,
584 4155 672 4206 animo
690 4150 799 4208 sedulos
818 4153 980 4209 revolvebat.
1016 4151 1068 4216 dor
1085 4167 1142 4209 oum
1160 4169 1264 4209 sonum
1284 4153 1343 4207 diti·

299 4257 395 4324 genter
413 4249 610 4318 consideraret,
639 4250 705 4306 sidit
729 4254 799 4308 inter
821 4266 920 4307 ournoa
940 4254 998 4322 ojus
1016 4251 1125 4306 termam
1144 4266 1239 4308 uerae
1258 4253 1344 4306 uruois

301 4363 383 4419 sopra
401 4346 469 4404 solis
487 4348 635 4406 claritatem
654 4349 797 4422 [uigentem
816 4357 843 4406 et
859 4353 999 4423 imaginent
1017 4349 1081 4407 deso
1100 4349 1214 4417 Christi,
1233 4353 1278 4422 qai
1297 4367 1346 4422 psr

302 4465 333 4508 os
353 4451 438 4518 uerri,
457 4450 525 4505 oreos
543 4448 604 4505 ottn
624 4464 673 4521 per
691 4450 791 4506 minan
809 4448 934 4518 adm,
953 4452 994 4505 sto
1012 4450 1036 4506 ei
1054 4449 1157 4504 toontor
1176 4456 1219 4506 est
1237 4449 1346 4506 diuers:
