2866 5310
340 481 402 546 286
530 484 602 562 Cap.
618 485 725 544 LXIII
767 485 813 545 De
834 497 931 546 saneto
953 487 1037 548 Petro
1067 490 1196 550 martire.

340 649 518 716 exposuerunt
541 659 573 699 oo
597 643 666 700 filum
694 649 825 719 sauguine
850 655 1009 704 cruentatum
1034 650 1119 707 sideru
1135 657 1373 722 praesentaverunt

339 745 417 802 Prior
433 751 520 801 autern
538 745 572 800 ad
589 745 725 801 multorum
745 748 894 802 instantiam
912 748 1056 806 solfeuuem
1074 749 1302 821 praedicationem
1320 769 1374 808 eon·

339 849 442 902 uooavit
458 852 485 901 et
501 845 627 917 quidquid
641 846 785 917 praedietis
803 847 956 904 mulieribus
975 849 1122 916 acciderat,
1149 865 1240 905 coram
1265 851 1375 906 omnibu

340 946 429 1002 rotulit
443 953 470 1002 et
487 945 556 1000 frium
574 948 659 1017 ipsum
677 948 715 1002 sie
734 953 895 1003 cruentatum
916 949 1035 1004 ominibus
1050 949 1176 1005 ostendit
1214 949 1311 1004 Iterum
1324 954 1374 1020 qui-

339 1046 398 1100 dam
417 1047 545 1117 magister
561 1047 626 1100 artis
644 1048 829 1118 grammaticae
855 1049 882 1101 fn
906 1047 996 1103 eadem
1015 1049 1217 1119 praedieatione
1235 1051 1375 1105 consistens

339 1147 433 1200 fautum
450 1148 533 1216 ipsum
554 1147 641 1215 eoepit
653 1145 791 1216 plurimum
805 1145 927 1202 deridere
941 1155 968 1202 et
984 1147 1150 1204 adstantibus
1165 1147 1276 1204 dicere:
1297 1149 1374 1204 ridete

338 1245 433 1312 modo,
458 1245 572 1315 qualiter
593 1247 639 1298 isti
662 1246 758 1301 fratres
778 1247 932 1317 stnptiotrm
954 1245 1037 1302 oorda
1059 1247 1204 1318 decipiunt.
1240 1245 1307 1302 Nam
1327 1264 1373 1303 eun

337 1346 470 1418 aliquibus
489 1344 649 1400 mulierculis
668 1345 701 1400 de
721 1348 777 1400 suis
797 1345 969 1401 familiaribus
988 1347 1184 1413 condensorum,
1206 1354 1235 1402 ut
1253 1347 1323 1402 filum
1339 1351 1373 1418 ip·

337 1463 393 1503 sum
412 1449 439 1501 in
457 1445 546 1517 aliquo
564 1445 693 1516 sanguise
710 1446 843 1518 tingerent
861 1453 888 1501 et
905 1449 944 1501 sio
962 1447 1119 1502 mtraeulose
1137 1447 1272 1503 aooidisse
1289 1463 1372 1502 ursma-

338 1554 404 1603 reut.
438 1545 504 1600 Ilum
524 1543 591 1600 baeu
608 1544 653 1600 ille
670 1544 784 1611 diceret,
812 1547 932 1614 protinus
957 1544 1064 1600 ultiouis
1084 1545 1190 1601 diuinae
1209 1547 1317 1618 plagam
1334 1562 1371 1602 ae-

335 1648 407 1717 oepit
426 1652 453 1700 et
476 1645 559 1716 ipsum
577 1641 797 1700 ualidisslmarum
825 1643 936 1699 febrium
956 1651 1046 1701 aestus
1064 1647 1151 1702 multis
1168 1645 1371 1717 adspicientibus

335 1749 376 1803 sio
396 1747 516 1811 uexauit,
540 1750 570 1799 ut
585 1758 603 1799 a
619 1741 815 1814 praedicatione
832 1745 893 1814 lpsa
911 1746 979 1800 iuter
1002 1761 1093 1800 manus
1110 1748 1252 1802 amicorum
1271 1749 1297 1800 tn
1316 1763 1370 1817 pro-

334 1849 419 1917 priam
443 1843 545 1899 domum
570 1842 725 1900 deferretur.
761 1842 814 1898 Sed
838 1858 895 1897 euim
920 1844 1088 1901 vehementia
1105 1845 1188 1902 febris
1209 1853 1371 1902 excreseeret

336 1952 363 2002 ot
386 1945 432 2001 illo
456 1950 564 1999 mortem
584 1944 694 1998 uicinam
710 1943 830 2008 timeret,
858 1943 1019 2013 praedis-tum
1038 1948 1153 2016 priorem
1176 1961 1317 2002 accersere
1335 1947 1368 2001 fe·

335 2049 370 2102 oft
389 2052 416 2101 et
435 2050 534 2100 reatum
553 2059 627 2100 sunm
644 2041 771 2098 eonfiteue
788 2041 845 2096 Deo
863 2049 890 2098 et
906 2043 986 2098 beato
1004 2045 1082 2100 Petro
1099 2060 1188 2100 somn
1200 2045 1273 2099 dieto
1289 2049 1369 2116 priore

333 2146 523 2210 retentent,
542 2143 627 2215 quod,
645 2144 670 2196 si
687 2143 746 2212 ejus
762 2143 864 2197 meritis
882 2144 1020 2198 sanitatem
1038 2147 1177 2214 reciperet,
1196 2160 1255 2200 eum
1275 2161 1370 2214 semper

332 2248 360 2301 iu
383 2243 495 2316 speciali
521 2243 662 2298 deuotione
685 2240 795 2296 baberet
819 2246 845 2297 et
870 2241 903 2297 de
928 2251 1033 2298 caetero
1052 2244 1169 2317 linrguam
1187 2244 1222 2299 ad
1241 2247 1309 2300 talia
1325 2263 1368 2300 nou

331 2347 445 2402 laxaret.
479 2343 632 2409 Miseros,
655 2357 715 2396 mox
741 2348 772 2396 ut
794 2340 955 2411 praedictum
975 2349 1063 2398 uotum
1081 2345 1207 2415 protulit,
1236 2347 1368 2401 sanitatem

330 2447 460 2516 integram
478 2444 586 2514 recepit.
600 2473 634 2484 -
647 2473 681 2482 -
694 2473 728 2482 -
745 2447 795 2500 11.
815 2439 934 2504 Quadam
949 2443 1007 2498 viee
1026 2457 1082 2497 oum
1099 2446 1225 2515 supprior
1243 2444 1368 2515 praedicti

330 2545 384 2599 looi
403 2541 528 2615 quosdam
549 2541 653 2613 lapides
671 2539 861 2612 pulcherrimos
888 2545 915 2596 et
937 2557 1048 2614 magnos
1067 2545 1093 2597 io
1112 2543 1227 2614 quadam
1245 2545 1309 2598 nasi
1326 2559 1367 2614 pro

331 2645 526 2700 construetione
544 2640 696 2712 praedictae
714 2640 846 2696 eeclesiae
865 2639 985 2707 duceret,
1002 2643 1079 2696 uraris
1096 2645 1157 2714 ipsa
1176 2659 1209 2698 ex
1228 2644 1368 2714 improuiso

330 2744 432 2798 auidam
452 2741 535 2796 littori
554 2740 741 2808 elambuerit,
766 2747 795 2795 ui
818 2739 967 2795 nullatenus
990 2749 1085 2812 posset
1107 2744 1217 2797 moveri.
1253 2743 1366 2798 Descen-

330 2840 422 2898 dentes
440 2857 505 2898 sero
524 2846 621 2896 mantue
639 2855 729 2896 omnes
748 2841 906 2895 unanimiter
924 2841 1008 2910 ipsam
1025 2841 1203 2912 impellebant,
1223 2841 1274 2898 sed
1288 2841 1370 2896 uuba-

328 2949 405 2998 teuus
439 2956 545 2997 mouere
569 2946 701 3012 poterant.
736 2939 799 2994 Cum
827 2956 893 3014 ergo
917 2956 1009 2996 uatem
1037 2957 1068 2996 se
1093 2943 1215 2996 nutasse
1239 2947 1370 3012 putarent,

327 3041 480 3113 praedictus
506 3043 631 3112 supprior
654 3041 775 3094 omuibus
799 3040 861 3094 aliis
879 3040 1023 3096 licentiatis
1040 3057 1140 3096 manum
1158 3042 1192 3096 ad
1211 3056 1305 3098 narem
1324 3059 1369 3112 ap·

328 3144 418 3214 posuit
435 3149 462 3198 et
478 3143 572 3197 leviter
588 3143 671 3212 ipsam
688 3141 824 3210 impellens
842 3140 922 3195 dixit:
941 3141 967 3196 iu
986 3142 1089 3196 nomine
1106 3145 1191 3197 sattcti
1207 3140 1281 3198 Petri
1301 3159 1369 3198 mar-

328 3245 404 3309 tiris,
433 3243 460 3296 in
486 3242 561 3312 eujus
581 3239 705 3294 bonorem
724 3237 828 3308 lapides
848 3240 914 3295 istos
933 3239 1092 3307 deferimus,
1110 3241 1185 3297 rade.
1221 3241 1370 3314 Statimque

328 3345 402 3398 nauis
422 3341 587 3398 uelocissime
606 3355 636 3395 so
652 3340 733 3393 mouit
753 3346 779 3394 et
796 3339 830 3394 de
847 3339 937 3394 littora
955 3355 1021 3394 sana
1040 3343 1164 3410 recessu,
1192 3357 1369 3413 superquam

327 3449 423 3499 nautae
445 3439 638 3496 adscendentes
661 3453 751 3494 omues
775 3440 834 3493 sani
860 3444 887 3494 et
909 3438 1009 3494 bifores
1028 3439 1063 3494 ad
1082 3441 1192 3511 propria
1210 3449 1369 3497 remearunt

327 3574 361 3584 -
378 3573 412 3584 -
426 3572 460 3583 -·
483 3546 538 3600 1¹.
563 3539 593 3594 lu
617 3541 755 3610 prouincia
779 3537 907 3594 Franoiae
925 3541 1033 3594 ciuitate
1051 3539 1164 3595 Senonis
1180 3539 1272 3610 puella
1288 3556 1371 3612 quae·

328 3621 391 3698 dam'
410 3657 466 3697 eum
490 3641 517 3694 in
541 3653 635 3711 aquam
662 3639 755 3709 raptim
779 3645 958 3695 transeuntem
978 3639 1120 3695 oeoidisset
1137 3648 1163 3695 ot
1180 3655 1228 3712 per
1245 3655 1368 3712 maguum

327 3743 441 3813 spatium
468 3740 593 3810 temporis
620 3741 755 3806 stetisset,
789 3738 893 3794 tandem
920 3740 953 3794 de
984 3738 1089 3794 flumine
1123 3745 1226 3794 momrra
1253 3749 1295 3794 est
1322 3757 1368 3795 eu-

327 3848 420 3902 traota.
454 3840 535 3910 Cujus
560 3840 651 3894 mortis
678 3845 753 3894 erant
776 3843 889 3909 quatuor
915 3845 1084 3909 argumenta,
1117 3839 1221 3894 soilioet
1247 3855 1369 3911 magnum

328 3941 440 4012 spatium
468 3940 594 4009 temporis
620 3944 646 3993 et
675 3936 799 4010 rigiditas
825 3939 945 4007 eorporis
974 3943 1000 3992 et
1022 3937 1156 4009 frigiditas
1186 3949 1213 3994 st
1242 3935 1379 4012 nigredo.¹

327 4040 423 4097 Delata
445 4045 487 4095 est
510 4055 574 4112 ergo
593 4053 611 4094 a
627 4037 782 4111 quibusdam
799 4037 834 4092 ad
855 4029 995 4092 ecelesiam
1012 4038 1130 4092 fratrum.
1167 4037 1216 4102 Qui
1235 4053 1293 4094 oum
1310 4055 1369 4095 eam

327 4147 418 4196 saucio
436 4139 515 4196 I’etro
534 4140 680 4205 vovissent,
699 4139 823 4193 ooutiuuo
839 4139 909 4193 sitae
929 4144 970 4192 est
987 4136 1091 4192 reddita
1108 4138 1231 4194 etsaluti.
1243 4169 1278 4179 -
1290 4166 1369 4180 --

327 4247 382 4300 la.
398 4239 492 4296 Frater
506 4239 641 4296 lebannes
658 4238 772 4294 Polonus
790 4253 846 4292 eum
866 4235 935 4306 apud
952 4236 1096 4291 bononiam
1112 4243 1241 4308 quartana
1258 4237 1374 4306 tortora<

328 4345 369 4395 rot
386 4345 413 4396 et
430 4342 457 4394 in
474 4339 543 4396 festo
562 4340 647 4394 saneti
662 4338 734 4395 Petri
750 4338 865 4391 martiris
882 4351 1027 4393 sermonem
1046 4336 1079 4392 ad
1100 4337 1195 4392 olerum
1215 4337 1306 4393 faeere
1320 4336 1370 4393 de-

224 4499 227 4504 ,
327 4439 419 4510 beret,
437 4443 614 4496 aceessiouem
632 4437 722 4495 eadem
740 4442 816 4492 noete
831 4437 910 4507 jttxta
927 4451 1030 4493 sursum
1047 4436 1191 4494 naturalem
1209 4445 1369 4509 exspectans
