2842 5286
266 481 338 562 Cep.
359 482 408 543 Li.
449 482 494 542 De
516 481 730 544 annuntiatione
753 479 905 540 dominica.
1040 479 1100 541 tit

66 633 169 690 uitione
185 636 304 708 mysterii
325 633 514 694 incarnationis
539 642 566 694 ct
586 638 802 706 reaumeetionle,
829 638 964 694 nicetium
987 652 1037 694 nee
1053 653 1102 694 eu-

66 733 173 806 geiicuu
190 737 304 790 nuntiae.
344 733 397 790 lune
414 735 485 792 Deua
508 743 644 809 utrumque
661 737 757 810 angelo
781 735 912 792 mediante
928 739 1029 793 ιιιιιιιιιιι
1047 752 1102 793 ma-

67 832 143 901 iieri,
170 835 275 890 aeiiieet
290 835 495 891 lamnationem
512 837 609 909 uirgini
627 835 729 892 Mariae
747 843 773 893 et
789 838 1008 892 resurrectionen
1023 835 1099 910 Meg·

69 931 192 988 deienae.
226 932 289 988 Cum
306 947 371 1006 crgo
390 935 467 1007 virgo
490 936 569 992 beata
586 951 603 990 a
619 938 697 991 tertio
722 950 790 991 anne
813 937 909 992 eetasse
932 950 998 992 auae
1021 951 1104 1008 usque

69 1032 105 1087 ad
123 1039 243 1104 quartum
262 1032 388 1088 decimum
404 1049 497 1090 aunum
520 1033 660 1105 intemplo
685 1049 741 1091 cnm
766 1036 827 1092 eliis
850 1034 997 1108 virginibus
1021 1037 1100 1092 etati-

69 1130 150 1186 iiaaet
176 1138 310 1188 circium
338 1132 372 1189 de
390 1132 521 1190 remanda
541 1137 664 1190 caetitute
687 1136 834 1202 erniaiaeet,
863 1135 915 1190 uiri
932 1135 1003 1191 licus
1027 1137 1106 1192 aiiter

70 1228 241 1302 diapeneret,
266 1248 322 1288 eam
344 1231 446 1304 derepit
467 1231 638 1304 desponsavit
655 1233 761 1290 domiue
784 1235 931 1303 reuelante,
961 1243 987 1290 ct
1004 1233 1104 1306 ioseph

69 1333 149 1403 rirga
165 1331 319 1401 frondente,
344 1333 413 1387 aient
429 1333 456 1388 iu
476 1331 594 1403 hystoria
610 1333 645 1389 de
663 1335 800 1390 nativitate
816 1333 913 1390 beatae
928 1331 1030 1390 Mariae
1047 1334 1104 1406 pie-

70 1431 132 1486 riua
151 1432 316 1500 continetur,
340 1439 367 1488 et
384 1434 411 1487 in
428 1429 595 1499 Bethlehem,
620 1431 690 1488 unde
706 1431 832 1488 oriundus
860 1439 931 1500 crat,
955 1437 1107 1490 necessarie

70 1533 172 1602 nuptiis
188 1533 342 1601 provisurus
359 1533 421 1598 ivit,
449 1531 510 1601 ipra
531 1547 594 1587 vero
612 1533 639 1588 in
652 1530 783 1588 Nesaretir
798 1533 826 1586 ie
850 1530 953 1588 domurn
970 1540 1107 1603 parentum

71 1629 163 1686 rediit
202 1628 333 1686 Naeuretii
357 1632 545 1702 interpretetur
560 1630 619 1687 iica.
661 1630 735 1688 Unde
755 1629 820 1687 dicit
841 1629 1002 1698 aemonius,
1035 1630 1106 1704 qued

71 1729 123 1786 lea
140 1734 217 1786 narei
232 1730 315 1787 roiait
331 1730 366 1787 de
382 1729 463 1796 tiore,
488 1731 516 1784 in
533 1728 599 1786 iiorc
622 1737 649 1788 et
667 1730 740 1788 donia
758 1738 884 1801 tenpore.
924 1729 964 1785 liri
980 1733 1064 1804 igitur
1081 1732 1106 1786 ei

69 1831 187 1904 ungetur
205 1833 327 1903 apparuit
344 1836 371 1886 at
389 1831 472 1902 ipsam
489 1829 614 1886 adnavit
630 1830 737 1887 dicens:
763 1845 812 1886 are
829 1831 918 1903 gratia
935 1830 1031 1903 piena,
1056 1829 1106 1886 do-

70 1931 160 1986 minae
177 1937 276 1998 tecum,
302 1929 445 1987 benedicte
467 1935 497 1985 ιιι
515 1929 543 1984 iu
560 1928 721 1986 mulieribus.
754 1928 913 1987 Berunrdoa.
947 1928 1043 1986 iuvitat
1058 1946 1108 1986 nee

69 2029 107 2086 ad
125 2028 230 2086 Mariae
247 2027 432 2086 eaiutatiouem
450 2025 581 2086 Gabrieiia
600 2029 761 2102 exemplum,
784 2029 912 2088 iohannis
929 2029 1069 2100 tripudium
1082 2036 1109 2087 ct

70 2128 273 2185 reeuiutationie
291 2127 398 2186 tucrum.
433 2128 487 2186 sed
506 2128 551 2184 iric
567 2131 651 2202 primo
668 2127 806 2186 ridendum
824 2137 874 2194 cot,
892 2144 973 2201 quare
989 2128 1110 2187 dominae

70 2233 182 2285 matrem
199 2242 272 2284 uuam
291 2228 374 2284 reicit
390 2227 555 2301 desponsari.
577 2228 666 2302 Super
682 2229 734 2286 irco
749 2231 870 2302 assignet
885 2227 1036 2285 Bernartius
1054 2235 1109 2286 trea

72 2331 193 2386 rationes
214 2328 320 2386 dicere:
347 2330 500 2387 ueceeaerio
519 2330 682 2402 desperante
699 2336 741 2386 cat
753 2327 839 2384 Maria
851 2327 968 2399 dcaepiu,
986 2331 1109 2400 quonium

70 2445 124 2500 per
141 2428 193 2485 inec
210 2431 357 2500 monterium
381 2428 585 2486 adaeuuonibue
603 2429 775 2485 &acceditur
794 2434 821 2483 et
838 2442 855 2481 e
873 2443 971 2499 sponso
996 2431 1109 2502 virgini-

70 2535 116 2584 tas
135 2529 320 2600 comprobetur
337 2536 364 2586 et
379 2530 491 2602 uirginis
511 2534 563 2584 tam
586 2527 759 2584 verecundiae
784 2543 860 2600 qoem
885 2525 969 2584 ianae
987 2527 1110 2600 provide·

71 2635 126 2684 ter.
175 2628 274 2692 Quarta
297 2631 365 2686 ratio
392 2634 447 2696 ent,
479 2634 508 2684 ut
531 2628 564 2682 ab
592 2629 661 2682 omni
685 2627 771 2700 gradu
794 2626 912 2684 mulieris
941 2626 1111 2698 opprobriam

71 2727 221 2794 tolleretur,
240 2730 343 2786 eciiicet
360 2743 377 2784 u
394 2727 544 2800 conjugatio
561 2725 708 2799 virginibus
721 2732 748 2782 et
764 2725 859 2794 riduia,
877 2725 1018 2796 undeipea
1035 2727 1111 2799 ringo

72 2827 102 2880 ln
120 2825 173 2880 hoc
191 2826 288 2897 triplici
306 2835 377 2884 atatu
394 2827 452 2882 iuit.
487 2826 591 2892 Quinta,
609 2830 638 2881 ut
655 2826 704 2880 viri
722 2827 867 2882 ministerio
884 2833 1018 2896 uteretar;
1034 2831 1113 2882 texta

72 2931 104 2978 ut
121 2926 278 2980 matrimonii
296 2926 392 2982 bonum
410 2925 639 2996 comprobaretur3
654 2927 780 2996 septime,
800 2931 828 2979 ιιι
846 2942 894 2998 per
912 2927 992 2980 riuum
1010 2941 1111 2999 gonea-

73 3023 165 3095 iegiee
182 3025 266 3079 serica
285 3032 427 3080 texeretur.
453 3025 523 3080 Dixit
542 3040 606 3096 orgo
624 3024 750 3096 angelus:
769 3039 818 3080 ure
835 3026 923 3097 gretie
940 3025 1026 3095 plena
1045 3022 1110 3079 Ber·

73 3122 191 3178 nardus:
209 3125 237 3178 iu
250 3130 340 3179 renue
352 3127 439 3196 gretie
450 3123 565 3190 deitatis,
582 3125 607 3178 Ιιι
618 3123 697 3179 corde
709 3124 797 3194 gretia
814 3125 941 3190 caritatis,
954 3126 980 3178 in
992 3139 1038 3181 ore
1048 3138 1112 3196 gra-

73 3223 115 3276 tia
134 3220 310 3288 adabssitatie,
328 3225 355 3278 in
368 3223 487 3278 manibue
505 3224 593 3295 gretia
608 3223 807 3278 misericordiae
828 3228 854 3277 et
865 3221 1007 3296 largitatio.
1024 3220 1112 3278 idem:

73 3335 139 3376 rere
150 3319 236 3392 piena,
244 3323 308 3393 quia
314 3321 349 3378 de
355 3322 518 3394 plenitudine
532 3323 591 3394 eius
606 3322 835 3392 capiuntuuirerei
849 3321 1112 3394 captiviredcrnptio·

72 3435 143 3488 nera,
161 3420 237 3494 aegri
245 3423 415 3489 erectionem,
428 3425 518 3478 triatee
527 3422 742 3486 consolationem,
754 3427 910 3491 peccatores
925 3421 1033 3488 reniam,
1045 3419 1113 3492 justi

73 3519 198 3592 gratiam,
212 3519 303 3594 arrgeli
318 3519 454 3588 laetitiuau,
472 3520 585 3592 denique
595 3526 652 3575 tota
668 3521 771 3574 trinitaa
783 3518 904 3592 gloriam,
921 3518 1112 3574 diiushorninie

73 3617 204 3674 dammae
221 3622 308 3676 carnia
326 3618 507 3675 anbatuntieu.
542 3618 667 3675 Dominus
680 3625 775 3686 tecum,
793 3617 911 3674 dominus
928 3624 1004 3690 pater
1019 3625 1113 3684 tecum,

73 3718 121 3788 qui
137 3720 238 3790 gennit,
254 3733 330 3790 quem
350 3720 476 3790 concipio,
495 3724 522 3776 et
541 3717 659 3773 dominre
672 3719 781 3791 spiritua
799 3725 915 3784 sanetas,
935 3716 968 3772 dc
986 3731 1037 3790 quo
1049 3731 1112 3771 con-

73 3814 154 3888 cipit,
169 3823 197 3872 et
214 3815 334 3873 dominre
353 3817 437 3882 iiius,
457 3834 533 3890 qnam
552 3831 631 3874 came
648 3823 695 3872 tua
711 3817 812 3884 induis,
831 3819 900 3871 sicut
917 3815 983 3872 dicit
998 3815 1111 3872 Beruer-
1129 3861 1132 3870 ,

73 3915 142 3970 dae:
159 3914 302 3972 benedicta
318 3922 347 3972 tu
366 3918 393 3971 in
405 3915 567 3984 mutientes,
587 3917 615 3971 id
634 3924 684 3985 eet,
701 3931 782 3988 nuper
798 3931 888 3972 carnea
900 3915 1034 3982 mulieres,
1051 3916 1115 3987 quie

70 4015 178 4079 aciiicet
195 4018 248 4070 erin
268 4023 351 4071 muter
368 4017 445 4089 virgo
465 4022 492 4073 et
507 4023 590 4072 meter
608 4016 665 4072 itei
701 4014 813 4087 Tripiioi
832 4014 971 4071 maledicto
990 4015 1113 4070 mulieres

71 4113 212 4186 subjectae
230 4121 318 4184 erant,
335 4115 440 4170 eoiiioet
453 4115 593 4172 maledieto
612 4114 764 4189 opprobrii,
783 4113 871 4186 quoad
888 4129 940 4169 non
961 4117 1111 4187 concipien-

70 4219 129 4279 tea,
152 4211 222 4268 uude
241 4213 309 4270 dixit
328 4212 443 4270 Rachel:
472 4212 583 4270 uictoiit
608 4211 679 4269 Dece
702 4213 871 4300 corrobolem
897 4228 998 4282 meum,
1031 4212 1111 4269 maie·

73 4310 145 4368 dicto
168 4313 289 4384 peccati,
315 4312 403 4386 quoad
427 4314 624 4385 concipientes,
655 4311 724 4367 unde
749 4311 879 4382 psalmus:
906 4325 969 4368 eece
994 4313 1061 4368 enim
1087 4312 1114 4367 in

71 4409 256 4484 iniquitatibus
275 4417 418 4483 eoneeotur
441 4426 499 4467 aere
519 4418 586 4480 etc,
618 4408 757 4468 meledicto
776 4410 918 4482 euppiioii,
948 4410 1034 4484 quoad
1052 4425 1112 4482 par-
