<?xml version="1.0" encoding="UTF-8"?>
<!DOCTYPE html PUBLIC "-//W3C//DTD XHTML 1.0 Transitional//EN"
    "http://www.w3.org/TR/xhtml1/DTD/xhtml1-transitional.dtd">
<html xmlns="http://www.w3.org/1999/xhtml" xml:lang="en" lang="en">
 <head>
  <title>
</title>
<meta http-equiv="Content-Type" content="text/html;charset=utf-8" />
  <meta name='ocr-system' content='tesseract 3.04.00' />
  <meta name='ocr-capabilities' content='ocr_page ocr_carea ocr_par ocr_line ocrx_word'/>
</head>
<body>
  <div class='ocr_page' id='page_1' title='image "./jacobiavoragine00jacogoog_0115.png"; bbox 0 0 2828 5302; ppageno 0'>
   <div class='ocr_carea' id='block_1_1' title="bbox 299 485 1098 571">
    <p class='ocr_par' dir='ltr' id='par_1_1' title="bbox 299 485 1098 571">
     <span class='ocr_line' id='line_1_1' title="bbox 299 485 1098 571; baseline -0.001 -22"><span class='ocrx_word' id='word_1_1' title='bbox 299 487 342 549; x_wconf 77' lang='lat' dir='ltr'>lib</span> <span class='ocrx_word' id='word_1_2' title='bbox 551 488 624 568; x_wconf 84' lang='lat' dir='ltr'>Cap.</span> <span class='ocrx_word' id='word_1_3' title='bbox 649 487 725 548; x_wconf 82' lang='lat' dir='ltr'>xvt.</span> <span class='ocrx_word' id='word_1_4' title='bbox 767 489 812 550; x_wconf 87' lang='lat' dir='ltr'>De</span> <span class='ocrx_word' id='word_1_5' title='bbox 835 500 934 550; x_wconf 89' lang='lat' dir='ltr'>vanoto</span> <span class='ocrx_word' id='word_1_6' title='bbox 956 485 1098 571; x_wconf 79' lang='lat' dir='ltr'>Remigio.</span> 
     </span>
    </p>
   </div>
   <div class='ocr_carea' id='block_1_2' title="bbox 298 647 1344 1314">
    <p class='ocr_par' dir='ltr' id='par_1_2' title="bbox 298 647 1344 1018">
     <span class='ocr_line' id='line_1_2' title="bbox 301 647 1344 722; baseline 0.001 -18"><span class='ocrx_word' id='word_1_7' title='bbox 301 650 383 704; x_wconf 89' lang='lat' dir='ltr'>siouts</span> <span class='ocrx_word' id='word_1_8' title='bbox 402 649 430 702; x_wconf 90' lang='lat' dir='ltr'>ut</span> <span class='ocrx_word' id='word_1_9' title='bbox 450 650 566 713; x_wconf 86' lang='lat' dir='ltr'>sautum,</span> <span class='ocrx_word' id='word_1_10' title='bbox 586 648 756 720; x_wconf 74' lang='lat' dir='ltr'>pugnationis</span> <span class='ocrx_word' id='word_1_11' title='bbox 773 655 801 704; x_wconf 91' lang='lat' dir='ltr'>ot</span> <span class='ocrx_word' id='word_1_12' title='bbox 818 647 940 722; x_wconf 78' lang='lat' dir='ltr'>gladtas,</span> <span class='ocrx_word' id='word_1_13' title='bbox 966 649 1117 706; x_wconf 86' lang='lat' dir='ltr'>mnnltlouls</span> <span class='ocrx_word' id='word_1_14' title='bbox 1136 654 1164 704; x_wconf 90' lang='lat' dir='ltr'>ut</span> <span class='ocrx_word' id='word_1_15' title='bbox 1182 647 1265 704; x_wconf 84' lang='lat' dir='ltr'>lorlea</span> <span class='ocrx_word' id='word_1_16' title='bbox 1283 650 1344 705; x_wconf 81' lang='lat' dir='ltr'>stus</span> 
     </span>
     <span class='ocr_line' id='line_1_3' title="bbox 300 736 1343 820; baseline 0.001 -20"><span class='ocrx_word' id='word_1_17' title='bbox 300 746 387 818; x_wconf 72' lang='lat' dir='ltr'>galea.</span> <span class='ocrx_word' id='word_1_18' title='bbox 422 743 548 801; x_wconf 77' lang='lat' dir='ltr'>Laudatus</span> <span class='ocrx_word' id='word_1_19' title='bbox 566 750 607 801; x_wconf 90' lang='lat' dir='ltr'>est</span> <span class='ocrx_word' id='word_1_20' title='bbox 623 736 706 820; x_wconf 70' lang='lat' dir='ltr'>igitvr?</span> <span class='ocrx_word' id='word_1_21' title='bbox 720 754 813 804; x_wconf 83' lang='lat' dir='ltr'>eontra</span> <span class='ocrx_word' id='word_1_22' title='bbox 830 745 969 818; x_wconf 71' lang='lat' dir='ltr'>dyabolum</span> <span class='ocrx_word' id='word_1_23' title='bbox 986 753 1061 802; x_wconf 88' lang='lat' dir='ltr'>souto</span> <span class='ocrx_word' id='word_1_24' title='bbox 1078 745 1150 815; x_wconf 84' lang='lat' dir='ltr'>lidei,</span> <span class='ocrx_word' id='word_1_25' title='bbox 1166 746 1258 820; x_wconf 78' lang='lat' dir='ltr'>gladio</span> <span class='ocrx_word' id='word_1_26' title='bbox 1268 746 1343 804; x_wconf 84' lang='lat' dir='ltr'>uerbi</span> 
     </span>
     <span class='ocr_line' id='line_1_4' title="bbox 299 842 1341 918; baseline 0 -16"><span class='ocrx_word' id='word_1_27' title='bbox 299 845 348 902; x_wconf 81' lang='lat' dir='ltr'>Det</span> <span class='ocrx_word' id='word_1_28' title='bbox 367 849 393 900; x_wconf 87' lang='lat' dir='ltr'>et</span> <span class='ocrx_word' id='word_1_29' title='bbox 411 844 491 917; x_wconf 78' lang='lat' dir='ltr'>getes</span> <span class='ocrx_word' id='word_1_30' title='bbox 507 845 575 915; x_wconf 89' lang='lat' dir='ltr'>spel.</span> <span class='ocrx_word' id='word_1_31' title='bbox 606 842 672 916; x_wconf 84' lang='lat' dir='ltr'>Ejus</span> <span class='ocrx_word' id='word_1_32' title='bbox 691 849 769 901; x_wconf 86' lang='lat' dir='ltr'>uitem</span> <span class='ocrx_word' id='word_1_33' title='bbox 790 847 818 918; x_wconf 87' lang='lat'>¹)</span> <span class='ocrx_word' id='word_1_34' title='bbox 838 845 989 903; x_wconf 87' lang='lat' dir='ltr'>litnonrarus</span> <span class='ocrx_word' id='word_1_35' title='bbox 1008 843 1143 904; x_wconf 86' lang='lat' dir='ltr'>Remeasis</span> <span class='ocrx_word' id='word_1_36' title='bbox 1161 844 1341 918; x_wconf 85' lang='lat' dir='ltr'>erobteptsoo-</span> 
     </span>
     <span class='ocr_line' id='line_1_5' title="bbox 298 927 703 1018; baseline -0.007 -17"><span class='ocrx_word' id='word_1_37' title='bbox 298 959 348 1018; x_wconf 86' lang='lat' dir='ltr'>pus</span> <span class='ocrx_word' id='word_1_38' title='bbox 366 947 480 1017; x_wconf 83' lang='lat' dir='ltr'>sovipslt.</span> <span class='ocrx_word' id='word_1_39' title='bbox 702 927 703 930; x_wconf 8' lang='grc' dir='ltr'><strong>Ἴ</strong></span> 
     </span>
    </p>

    <p class='ocr_par' dir='ltr' id='par_1_3' title="bbox 299 1041 1341 1314">
     <span class='ocr_line' id='line_1_6' title="bbox 366 1041 1341 1118; baseline -0.001 -17"><span class='ocrx_word' id='word_1_40' title='bbox 366 1043 500 1116; x_wconf 78' lang='lat' dir='ltr'>Remigius</span> <span class='ocrx_word' id='word_1_41' title='bbox 532 1041 626 1099; x_wconf 86' lang='lat' dir='ltr'>doctor</span> <span class='ocrx_word' id='word_1_42' title='bbox 657 1045 784 1118; x_wconf 80' lang='lat' dir='ltr'>egregius</span> <span class='ocrx_word' id='word_1_43' title='bbox 816 1050 844 1100; x_wconf 90' lang='lat' dir='ltr'>et</span> <span class='ocrx_word' id='word_1_44' title='bbox 872 1043 1011 1102; x_wconf 86' lang='lat' dir='ltr'>oontossor</span> <span class='ocrx_word' id='word_1_45' title='bbox 1039 1043 1138 1101; x_wconf 85' lang='lat' dir='ltr'>domlut</span> <span class='ocrx_word' id='word_1_46' title='bbox 1164 1043 1341 1117; x_wconf 78' lang='lat' dir='ltr'>gloriosuss</span> 
     </span>
     <span class='ocr_line' id='line_1_7' title="bbox 299 1143 1341 1217; baseline 0.001 -18"><span class='ocrx_word' id='word_1_47' title='bbox 299 1145 413 1217; x_wconf 83' lang='lat' dir='ltr'>quodam</span> <span class='ocrx_word' id='word_1_48' title='bbox 429 1145 538 1198; x_wconf 86' lang='lat' dir='ltr'>eremita</span> <span class='ocrx_word' id='word_1_49' title='bbox 555 1143 629 1198; x_wconf 84' lang='lat' dir='ltr'>nasot</span> <span class='ocrx_word' id='word_1_50' title='bbox 645 1143 736 1200; x_wconf 85' lang='lat' dir='ltr'>taliter</span> <span class='ocrx_word' id='word_1_51' title='bbox 753 1150 801 1199; x_wconf 83' lang='lat' dir='ltr'>ost&#39;</span> <span class='ocrx_word' id='word_1_52' title='bbox 813 1146 961 1215; x_wconf 85' lang='lat' dir='ltr'>praevisus.</span> <span class='ocrx_word' id='word_1_53' title='bbox 996 1144 1059 1200; x_wconf 79' lang='lat' dir='ltr'>Cum</span> <span class='ocrx_word' id='word_1_54' title='bbox 1078 1147 1145 1200; x_wconf 79' lang='lat' dir='ltr'>enim</span> <span class='ocrx_word' id='word_1_55' title='bbox 1162 1143 1341 1200; x_wconf 73' lang='lat' dir='ltr'>vandalorum</span> 
     </span>
     <span class='ocr_line' id='line_1_8' title="bbox 299 1240 1339 1314; baseline 0.001 -15"><span class='ocrx_word' id='word_1_56' title='bbox 299 1244 448 1314; x_wconf 86' lang='lat' dir='ltr'>persecutio</span> <span class='ocrx_word' id='word_1_57' title='bbox 467 1246 549 1297; x_wconf 89' lang='lat' dir='ltr'>totam</span> <span class='ocrx_word' id='word_1_58' title='bbox 566 1240 701 1298; x_wconf 83' lang='lat' dir='ltr'>Franniam</span> <span class='ocrx_word' id='word_1_59' title='bbox 721 1243 898 1310; x_wconf 71' lang='lat' dir='ltr'>devastasset,</span> <span class='ocrx_word' id='word_1_60' title='bbox 917 1243 1022 1314; x_wconf 77' lang='lat' dir='ltr'>qnidam</span> <span class='ocrx_word' id='word_1_61' title='bbox 1039 1243 1207 1300; x_wconf 85' lang='lat' dir='ltr'>reolusesvlr</span> <span class='ocrx_word' id='word_1_62' title='bbox 1221 1249 1339 1311; x_wconf 76' lang='lat' dir='ltr'>emam,</span> 
     </span>
    </p>
   </div>
   <div class='ocr_carea' id='block_1_3' title="bbox 190 1341 1340 1418">
    <p class='ocr_par' dir='ltr' id='par_1_4' title="bbox 190 1341 1340 1418">
     <span class='ocr_line' id='line_1_9' title="bbox 190 1341 1340 1418; baseline 0.002 -20"><span class='ocrx_word' id='word_1_63' title='bbox 190 1377 192 1382; x_wconf 68' lang='lat'>,</span> <span class='ocrx_word' id='word_1_64' title='bbox 299 1345 344 1418; x_wconf 85' lang='lat' dir='ltr'>qui</span> <span class='ocrx_word' id='word_1_65' title='bbox 361 1343 444 1398; x_wconf 81' lang='lat' dir='ltr'>lucem</span> <span class='ocrx_word' id='word_1_66' title='bbox 461 1342 594 1396; x_wconf 79' lang='lat' dir='ltr'>oculorum</span> <span class='ocrx_word' id='word_1_67' title='bbox 611 1342 752 1410; x_wconf 81' lang='lat' dir='ltr'>amiserat,</span> <span class='ocrx_word' id='word_1_68' title='bbox 771 1359 820 1414; x_wconf 89' lang='lat' dir='ltr'>pro</span> <span class='ocrx_word' id='word_1_69' title='bbox 837 1357 903 1413; x_wconf 81' lang='lat' dir='ltr'>peoe</span> <span class='ocrx_word' id='word_1_70' title='bbox 919 1342 1049 1399; x_wconf 77' lang='lat' dir='ltr'>eeclesiae</span> <span class='ocrx_word' id='word_1_71' title='bbox 1065 1342 1219 1400; x_wconf 74' lang='lat' dir='ltr'>Gallicanae</span> <span class='ocrx_word' id='word_1_72' title='bbox 1237 1341 1340 1400; x_wconf 75' lang='lat' dir='ltr'>crebris</span> 
     </span>
    </p>
   </div>
   <div class='ocr_carea' id='block_1_4' title="bbox 293 1439 1339 2011">
    <p class='ocr_par' dir='ltr' id='par_1_5' title="bbox 293 1439 1339 2011">
     <span class='ocr_line' id='line_1_10' title="bbox 298 1439 1339 1514; baseline 0.001 -18"><span class='ocrx_word' id='word_1_73' title='bbox 298 1439 463 1496; x_wconf 86' lang='lat' dir='ltr'>orationibus</span> <span class='ocrx_word' id='word_1_74' title='bbox 481 1441 610 1495; x_wconf 88' lang='lat' dir='ltr'>dominnm</span> <span class='ocrx_word' id='word_1_75' title='bbox 627 1440 765 1496; x_wconf 81' lang='lat' dir='ltr'>exorabat.</span> <span class='ocrx_word' id='word_1_76' title='bbox 816 1439 851 1498; x_wconf 81' lang='lat' dir='ltr'>lit</span> <span class='ocrx_word' id='word_1_77' title='bbox 867 1457 928 1498; x_wconf 87' lang='lat' dir='ltr'>eouo</span> <span class='ocrx_word' id='word_1_78' title='bbox 946 1442 1058 1514; x_wconf 76' lang='lat' dir='ltr'>angelus</span> <span class='ocrx_word' id='word_1_79' title='bbox 1074 1441 1173 1497; x_wconf 90' lang='lat' dir='ltr'>domini</span> <span class='ocrx_word' id='word_1_80' title='bbox 1189 1445 1217 1500; x_wconf 87' lang='lat' dir='ltr'>io</span> <span class='ocrx_word' id='word_1_81' title='bbox 1236 1445 1339 1499; x_wconf 82' lang='lat' dir='ltr'>uisset</span> 
     </span>
     <span class='ocr_line' id='line_1_11' title="bbox 299 1538 1338 1611; baseline 0.004 -16"><span class='ocrx_word' id='word_1_82' title='bbox 299 1540 403 1596; x_wconf 84' lang='lat' dir='ltr'>adstitit</span> <span class='ocrx_word' id='word_1_83' title='bbox 419 1541 497 1611; x_wconf 81' lang='lat' dir='ltr'>eique</span> <span class='ocrx_word' id='word_1_84' title='bbox 513 1538 596 1594; x_wconf 85' lang='lat' dir='ltr'>dtxtt:</span> <span class='ocrx_word' id='word_1_85' title='bbox 631 1541 698 1593; x_wconf 89' lang='lat' dir='ltr'>sotto</span> <span class='ocrx_word' id='word_1_86' title='bbox 716 1539 787 1611; x_wconf 79' lang='lat' dir='ltr'>quod</span> <span class='ocrx_word' id='word_1_87' title='bbox 802 1541 896 1596; x_wconf 83' lang='lat' dir='ltr'>mulier</span> <span class='ocrx_word' id='word_1_88' title='bbox 912 1541 961 1596; x_wconf 81' lang='lat' dir='ltr'>ills</span> <span class='ocrx_word' id='word_1_89' title='bbox 976 1545 1080 1598; x_wconf 81' lang='lat' dir='ltr'>nomine</span> <span class='ocrx_word' id='word_1_90' title='bbox 1097 1541 1183 1598; x_wconf 77' lang='lat' dir='ltr'>cilina</span> <span class='ocrx_word' id='word_1_91' title='bbox 1200 1543 1338 1598; x_wconf 82' lang='lat' dir='ltr'>illumna-</span> 
     </span>
     <span class='ocr_line' id='line_1_12' title="bbox 298 1636 1337 1714; baseline 0.003 -21"><span class='ocrx_word' id='word_1_92' title='bbox 298 1642 366 1694; x_wconf 73' lang='lat' dir='ltr'>utne</span> <span class='ocrx_word' id='word_1_93' title='bbox 383 1637 527 1712; x_wconf 78' lang='lat' dir='ltr'>Remigium</span> <span class='ocrx_word' id='word_1_94' title='bbox 545 1636 701 1710; x_wconf 83' lang='lat' dir='ltr'>generabit,</span> <span class='ocrx_word' id='word_1_95' title='bbox 732 1640 776 1710; x_wconf 80' lang='lat' dir='ltr'>qul</span> <span class='ocrx_word' id='word_1_96' title='bbox 796 1646 901 1714; x_wconf 75' lang='lat' dir='ltr'>gentem</span> <span class='ocrx_word' id='word_1_97' title='bbox 919 1653 993 1700; x_wconf 82' lang='lat' dir='ltr'>susm</span> <span class='ocrx_word' id='word_1_98' title='bbox 1011 1656 1028 1698; x_wconf 81' lang='lat' dir='ltr'><strong>a</strong></span> <span class='ocrx_word' id='word_1_99' title='bbox 1045 1641 1170 1697; x_wconf 87' lang='lat' dir='ltr'>malorum</span> <span class='ocrx_word' id='word_1_100' title='bbox 1188 1640 1337 1696; x_wconf 76' lang='lat' dir='ltr'>incursibus</span> 
     </span>
     <span class='ocr_line' id='line_1_13' title="bbox 297 1737 1336 1809; baseline 0.004 -17"><span class='ocrx_word' id='word_1_101' title='bbox 297 1737 429 1793; x_wconf 86' lang='lat' dir='ltr'>liberabit.</span> <span class='ocrx_word' id='word_1_102' title='bbox 466 1737 582 1807; x_wconf 81' lang='lat' dir='ltr'>Cumque</span> <span class='ocrx_word' id='word_1_103' title='bbox 597 1737 769 1809; x_wconf 80' lang='lat' dir='ltr'>evlgllssset,</span> <span class='ocrx_word' id='word_1_104' title='bbox 806 1741 895 1795; x_wconf 81' lang='lat' dir='ltr'>stetim</span> <span class='ocrx_word' id='word_1_105' title='bbox 912 1738 1068 1798; x_wconf 80' lang='lat' dir='ltr'>addentem</span> <span class='ocrx_word' id='word_1_106' title='bbox 1090 1741 1192 1798; x_wconf 80' lang='lat' dir='ltr'>citinas</span> <span class='ocrx_word' id='word_1_107' title='bbox 1211 1743 1283 1798; x_wconf 89' lang='lat' dir='ltr'>venit</span> <span class='ocrx_word' id='word_1_108' title='bbox 1299 1748 1336 1809; x_wconf 87' lang='lat' dir='ltr'>et,</span> 
     </span>
     <span class='ocr_line' id='line_1_14' title="bbox 297 1835 1336 1912; baseline 0.003 -19"><span class='ocrx_word' id='word_1_109' title='bbox 297 1837 368 1910; x_wconf 78' lang='lat' dir='ltr'>qnod</span> <span class='ocrx_word' id='word_1_110' title='bbox 387 1835 503 1903; x_wconf 82' lang='lat' dir='ltr'>videret,</span> <span class='ocrx_word' id='word_1_111' title='bbox 527 1839 671 1893; x_wconf 75' lang='lat' dir='ltr'><strong>enarravit.</strong></span> <span class='ocrx_word' id='word_1_112' title='bbox 707 1837 822 1910; x_wconf 81' lang='lat' dir='ltr'>cumque</span> <span class='ocrx_word' id='word_1_113' title='bbox 840 1839 888 1895; x_wconf 88' lang='lat' dir='ltr'>illa</span> <span class='ocrx_word' id='word_1_114' title='bbox 903 1855 956 1894; x_wconf 90' lang='lat' dir='ltr'>oon</span> <span class='ocrx_word' id='word_1_115' title='bbox 974 1839 1108 1906; x_wconf 85' lang='lat' dir='ltr'>erederet,</span> <span class='ocrx_word' id='word_1_116' title='bbox 1128 1855 1161 1895; x_wconf 87' lang='lat' dir='ltr'>eo</span> <span class='ocrx_word' id='word_1_117' title='bbox 1178 1840 1250 1912; x_wconf 85' lang='lat' dir='ltr'>qnod</span> <span class='ocrx_word' id='word_1_118' title='bbox 1268 1855 1336 1896; x_wconf 85' lang='lat' dir='ltr'>anns</span> 
     </span>
     <span class='ocr_line' id='line_1_15' title="bbox 293 1935 1336 2011; baseline 0.004 -19"><span class='ocrx_word' id='word_1_119' title='bbox 293 1940 350 2010; x_wconf 76' lang='lat' dir='ltr'>janu</span> <span class='ocrx_word' id='word_1_120' title='bbox 375 1942 461 2003; x_wconf 89' lang='lat' dir='ltr'>esset,</span> <span class='ocrx_word' id='word_1_121' title='bbox 500 1935 545 1990; x_wconf 91' lang='lat' dir='ltr'>ille</span> <span class='ocrx_word' id='word_1_122' title='bbox 570 1939 722 2009; x_wconf 83' lang='lat' dir='ltr'>rospondit:</span> <span class='ocrx_word' id='word_1_123' title='bbox 755 1939 826 1994; x_wconf 85' lang='lat' dir='ltr'>selas</span> <span class='ocrx_word' id='word_1_124' title='bbox 851 1937 922 2009; x_wconf 79' lang='lat' dir='ltr'>qnod</span> <span class='ocrx_word' id='word_1_125' title='bbox 946 1953 1002 1994; x_wconf 88' lang='lat' dir='ltr'>eun</span> <span class='ocrx_word' id='word_1_126' title='bbox 1020 1955 1128 2011; x_wconf 84' lang='lat' dir='ltr'>pueram</span> <span class='ocrx_word' id='word_1_127' title='bbox 1147 1939 1336 2004; x_wconf 70' lang='lat' dir='ltr'>ablactaveris,</span> 
     </span>
    </p>
   </div>
   <div class='ocr_carea' id='block_1_5' title="bbox 207 2034 1335 2110">
    <p class='ocr_par' dir='ltr' id='par_1_6' title="bbox 207 2034 1335 2110">
     <span class='ocr_line' id='line_1_16' title="bbox 207 2034 1335 2110; baseline 0 -18"><span class='ocrx_word' id='word_1_128' title='bbox 207 2075 209 2078; x_wconf 91' lang='lat'>-</span> <span class='ocrx_word' id='word_1_129' title='bbox 296 2037 387 2092; x_wconf 84' lang='lat' dir='ltr'>oeulos</span> <span class='ocrx_word' id='word_1_130' title='bbox 404 2046 477 2090; x_wconf 83' lang='lat' dir='ltr'>meos</span> <span class='ocrx_word' id='word_1_131' title='bbox 494 2034 527 2090; x_wconf 82' lang='lat' dir='ltr'>de</span> <span class='ocrx_word' id='word_1_132' title='bbox 545 2035 613 2091; x_wconf 88' lang='lat' dir='ltr'>laete</span> <span class='ocrx_word' id='word_1_133' title='bbox 629 2044 676 2092; x_wconf 89' lang='lat' dir='ltr'>tuo</span> <span class='ocrx_word' id='word_1_134' title='bbox 694 2053 825 2110; x_wconf 74' lang='lat' dir='ltr'>perunges</span> <span class='ocrx_word' id='word_1_135' title='bbox 843 2044 871 2092; x_wconf 87' lang='lat' dir='ltr'>et</span> <span class='ocrx_word' id='word_1_136' title='bbox 883 2041 1007 2093; x_wconf 63' lang='lat' dir='ltr'>contnuo</span> <span class='ocrx_word' id='word_1_137' title='bbox 1027 2037 1091 2094; x_wconf 86' lang='lat' dir='ltr'>mibi</span> <span class='ocrx_word' id='word_1_138' title='bbox 1107 2041 1191 2094; x_wconf 83' lang='lat' dir='ltr'>visunt</span> <span class='ocrx_word' id='word_1_139' title='bbox 1201 2041 1335 2096; x_wconf 86' lang='lat' dir='ltr'>restitues.</span> 
     </span>
    </p>
   </div>
   <div class='ocr_carea' id='block_1_6' title="bbox 209 2134 1335 4294">
    <p class='ocr_par' dir='ltr' id='par_1_7' title="bbox 209 2134 1335 4294">
     <span class='ocr_line' id='line_1_17' title="bbox 296 2134 1334 2210; baseline 0.003 -19"><span class='ocrx_word' id='word_1_140' title='bbox 296 2137 412 2207; x_wconf 81' lang='lat' dir='ltr'>(lemque</span> <span class='ocrx_word' id='word_1_141' title='bbox 431 2134 614 2205; x_wconf 86' lang='lat' dir='ltr'>perordinem</span> <span class='ocrx_word' id='word_1_142' title='bbox 635 2137 700 2192; x_wconf 80' lang='lat' dir='ltr'>bueo</span> <span class='ocrx_word' id='word_1_143' title='bbox 718 2137 805 2192; x_wconf 85' lang='lat' dir='ltr'>omnia</span> <span class='ocrx_word' id='word_1_144' title='bbox 828 2139 1017 2210; x_wconf 71' lang='lat' dir='ltr'>oontlgissent,</span> <span class='ocrx_word' id='word_1_145' title='bbox 1054 2137 1189 2210; x_wconf 78' lang='lat' dir='ltr'>Remigius</span> <span class='ocrx_word' id='word_1_146' title='bbox 1211 2139 1334 2194; x_wconf 83' lang='lat' dir='ltr'>mnndum</span> 
     </span>
     <span class='ocr_line' id='line_1_18' title="bbox 296 2235 1335 2308; baseline 0.002 -18"><span class='ocrx_word' id='word_1_147' title='bbox 296 2237 409 2308; x_wconf 80' lang='lat' dir='ltr'>fugitet</span> <span class='ocrx_word' id='word_1_148' title='bbox 427 2235 597 2290; x_wconf 81' lang='lat' dir='ltr'>reclusorium</span> <span class='ocrx_word' id='word_1_149' title='bbox 615 2237 730 2294; x_wconf 82' lang='lat' dir='ltr'>intravit.</span> <span class='ocrx_word' id='word_1_150' title='bbox 766 2237 907 2292; x_wconf 83' lang='lat' dir='ltr'>Crescente</span> <span class='ocrx_word' id='word_1_151' title='bbox 922 2241 1009 2292; x_wconf 85' lang='lat' dir='ltr'>nutem</span> <span class='ocrx_word' id='word_1_152' title='bbox 1028 2237 1086 2308; x_wconf 79' lang='lat' dir='ltr'>eJus</span> <span class='ocrx_word' id='word_1_153' title='bbox 1106 2237 1191 2305; x_wconf 82' lang='lat' dir='ltr'>tame,</span> <span class='ocrx_word' id='word_1_154' title='bbox 1216 2253 1273 2294; x_wconf 83' lang='lat' dir='ltr'>oum</span> <span class='ocrx_word' id='word_1_155' title='bbox 1291 2253 1335 2293; x_wconf 83' lang='lat' dir='ltr'>es·</span> 
     </span>
     <span class='ocr_line' id='line_1_19' title="bbox 296 2332 1334 2410; baseline 0.002 -18"><span class='ocrx_word' id='word_1_156' title='bbox 296 2341 338 2392; x_wconf 89' lang='lat' dir='ltr'>set</span> <span class='ocrx_word' id='word_1_157' title='bbox 361 2336 454 2408; x_wconf 76' lang='lat' dir='ltr'>uiginti</span> <span class='ocrx_word' id='word_1_158' title='bbox 481 2332 590 2389; x_wconf 89' lang='lat' dir='ltr'>duorum</span> <span class='ocrx_word' id='word_1_159' title='bbox 615 2349 756 2404; x_wconf 87' lang='lat' dir='ltr'>annorum,</span> <span class='ocrx_word' id='word_1_160' title='bbox 779 2334 813 2389; x_wconf 81' lang='lat' dir='ltr'>ab</span> <span class='ocrx_word' id='word_1_161' title='bbox 831 2337 900 2390; x_wconf 88' lang='lat' dir='ltr'>omol</span> <span class='ocrx_word' id='word_1_162' title='bbox 919 2336 1017 2407; x_wconf 87' lang='lat' dir='ltr'>populo</span> <span class='ocrx_word' id='word_1_163' title='bbox 1035 2335 1169 2393; x_wconf 84' lang='lat' dir='ltr'>Remensis</span> <span class='ocrx_word' id='word_1_164' title='bbox 1187 2336 1334 2410; x_wconf 82' lang='lat' dir='ltr'>srebiepls-</span> 
     </span>
     <span class='ocr_line' id='line_1_20' title="bbox 295 2423 1333 2508; baseline 0.001 -17"><span class='ocrx_word' id='word_1_165' title='bbox 295 2452 377 2506; x_wconf 81' lang='lat' dir='ltr'>oopus</span> <span class='ocrx_word' id='word_1_166' title='bbox 395 2441 437 2488; x_wconf 88' lang='lat' dir='ltr'>est</span> <span class='ocrx_word' id='word_1_167' title='bbox 453 2423 561 2488; x_wconf 88' lang='lat' dir='ltr'>electus.</span> <span class='ocrx_word' id='word_1_168' title='bbox 609 2433 711 2491; x_wconf 85' lang='lat' dir='ltr'>Tantae</span> <span class='ocrx_word' id='word_1_169' title='bbox 729 2442 814 2490; x_wconf 86' lang='lat' dir='ltr'>autem</span> <span class='ocrx_word' id='word_1_170' title='bbox 834 2435 1039 2492; x_wconf 85' lang='lat' dir='ltr'>mansuetudinis</span> <span class='ocrx_word' id='word_1_171' title='bbox 1064 2436 1129 2504; x_wconf 86' lang='lat' dir='ltr'>luit,</span> <span class='ocrx_word' id='word_1_172' title='bbox 1165 2437 1333 2508; x_wconf 77' lang='lat' dir='ltr'>quodetiam</span> 
     </span>
     <span class='ocr_line' id='line_1_21' title="bbox 295 2535 1331 2608; baseline 0.002 -18"><span class='ocrx_word' id='word_1_173' title='bbox 295 2537 329 2590; x_wconf 90' lang='lat' dir='ltr'>nd</span> <span class='ocrx_word' id='word_1_174' title='bbox 348 2548 461 2590; x_wconf 88' lang='lat' dir='ltr'>mensam</span> <span class='ocrx_word' id='word_1_175' title='bbox 481 2536 538 2602; x_wconf 80' lang='lat' dir='ltr'>rjus</span> <span class='ocrx_word' id='word_1_176' title='bbox 564 2549 686 2602; x_wconf 75' lang='lat' dir='ltr'>passeres</span> <span class='ocrx_word' id='word_1_177' title='bbox 714 2535 853 2590; x_wconf 86' lang='lat' dir='ltr'>veniebant</span> <span class='ocrx_word' id='word_1_178' title='bbox 874 2540 900 2590; x_wconf 85' lang='lat' dir='ltr'>et</span> <span class='ocrx_word' id='word_1_179' title='bbox 926 2535 959 2590; x_wconf 90' lang='lat' dir='ltr'>de</span> <span class='ocrx_word' id='word_1_180' title='bbox 975 2549 1053 2590; x_wconf 86' lang='lat' dir='ltr'>mann</span> <span class='ocrx_word' id='word_1_181' title='bbox 1073 2540 1131 2607; x_wconf 78' lang='lat' dir='ltr'>ejus</span> <span class='ocrx_word' id='word_1_182' title='bbox 1150 2537 1277 2608; x_wconf 78' lang='lat' dir='ltr'>reliquias</span> <span class='ocrx_word' id='word_1_183' title='bbox 1295 2539 1331 2592; x_wconf 89' lang='lat' dir='ltr'>ei-</span> 
     </span>
     <span class='ocr_line' id='line_1_22' title="bbox 293 2631 1332 2708; baseline 0 -18"><span class='ocrx_word' id='word_1_184' title='bbox 293 2633 384 2691; x_wconf 88' lang='lat' dir='ltr'>borum</span> <span class='ocrx_word' id='word_1_185' title='bbox 403 2631 581 2688; x_wconf 86' lang='lat' dir='ltr'>comedebant.</span> <span class='ocrx_word' id='word_1_186' title='bbox 637 2631 754 2695; x_wconf 82' lang='lat' dir='ltr'>Quodam</span> <span class='ocrx_word' id='word_1_187' title='bbox 777 2640 894 2704; x_wconf 86' lang='lat' dir='ltr'>temporo</span> <span class='ocrx_word' id='word_1_188' title='bbox 911 2649 969 2688; x_wconf 87' lang='lat' dir='ltr'>oum</span> <span class='ocrx_word' id='word_1_189' title='bbox 987 2637 1013 2688; x_wconf 91' lang='lat' dir='ltr'>in</span> <span class='ocrx_word' id='word_1_190' title='bbox 1030 2632 1108 2690; x_wconf 76' lang='lat' dir='ltr'>douo</span> <span class='ocrx_word' id='word_1_191' title='bbox 1124 2635 1260 2708; x_wconf 80' lang='lat' dir='ltr'>ouvjasdam</span> <span class='ocrx_word' id='word_1_192' title='bbox 1278 2651 1332 2690; x_wconf 86' lang='lat' dir='ltr'>nn·</span> 
     </span>
     <span class='ocr_line' id='line_1_23' title="bbox 294 2731 1331 2808; baseline 0.001 -18"><span class='ocrx_word' id='word_1_193' title='bbox 294 2743 387 2792; x_wconf 85' lang='lat' dir='ltr'>tronao</span> <span class='ocrx_word' id='word_1_194' title='bbox 403 2731 552 2802; x_wconf 73' lang='lat' dir='ltr'>hospitatus</span> <span class='ocrx_word' id='word_1_195' title='bbox 570 2732 664 2787; x_wconf 87' lang='lat' dir='ltr'>inisset</span> <span class='ocrx_word' id='word_1_196' title='bbox 682 2738 709 2789; x_wconf 89' lang='lat' dir='ltr'>et</span> <span class='ocrx_word' id='word_1_197' title='bbox 726 2732 773 2787; x_wconf 83' lang='lat' dir='ltr'>illa</span> <span class='ocrx_word' id='word_1_198' title='bbox 789 2732 917 2788; x_wconf 84' lang='lat' dir='ltr'>modteam</span> <span class='ocrx_word' id='word_1_199' title='bbox 935 2736 988 2790; x_wconf 92' lang='lat' dir='ltr'>vini</span> <span class='ocrx_word' id='word_1_200' title='bbox 999 2733 1119 2800; x_wconf 79' lang='lat' dir='ltr'>taboret,</span> <span class='ocrx_word' id='word_1_201' title='bbox 1135 2733 1269 2808; x_wconf 80' lang='lat' dir='ltr'>Remigius</span> <span class='ocrx_word' id='word_1_202' title='bbox 1278 2735 1331 2791; x_wconf 83' lang='lat' dir='ltr'>eel-</span> 
     </span>
     <span class='ocr_line' id='line_1_24' title="bbox 292 2830 1331 2905; baseline 0 -15"><span class='ocrx_word' id='word_1_203' title='bbox 292 2835 386 2890; x_wconf 88' lang='lat' dir='ltr'>lnrtum</span> <span class='ocrx_word' id='word_1_204' title='bbox 405 2832 524 2885; x_wconf 77' lang='lat' dir='ltr'>introivit</span> <span class='ocrx_word' id='word_1_205' title='bbox 540 2837 567 2886; x_wconf 90' lang='lat' dir='ltr'>et</span> <span class='ocrx_word' id='word_1_206' title='bbox 584 2847 667 2902; x_wconf 89' lang='lat' dir='ltr'>super</span> <span class='ocrx_word' id='word_1_207' title='bbox 682 2830 779 2886; x_wconf 86' lang='lat' dir='ltr'>dolium</span> <span class='ocrx_word' id='word_1_208' title='bbox 796 2847 897 2887; x_wconf 82' lang='lat' dir='ltr'>erucem</span> <span class='ocrx_word' id='word_1_209' title='bbox 917 2832 995 2899; x_wconf 84' lang='lat' dir='ltr'>ieslt;</span> <span class='ocrx_word' id='word_1_210' title='bbox 1013 2847 1122 2905; x_wconf 87' lang='lat' dir='ltr'>eumque</span> <span class='ocrx_word' id='word_1_211' title='bbox 1140 2833 1237 2890; x_wconf 85' lang='lat' dir='ltr'>ibidem</span> <span class='ocrx_word' id='word_1_212' title='bbox 1254 2850 1331 2890; x_wconf 82' lang='lat' dir='ltr'>oras-</span> 
     </span>
     <span class='ocr_line' id='line_1_25' title="bbox 293 2929 1330 3003; baseline 0.004 -15"><span class='ocrx_word' id='word_1_213' title='bbox 293 2940 348 3000; x_wconf 85' lang='lat' dir='ltr'>set,</span> <span class='ocrx_word' id='word_1_214' title='bbox 374 2947 434 2986; x_wconf 83' lang='lat' dir='ltr'>munt</span> <span class='ocrx_word' id='word_1_215' title='bbox 453 2929 567 3000; x_wconf 83' lang='lat' dir='ltr'>desuper</span> <span class='ocrx_word' id='word_1_216' title='bbox 584 2931 669 2984; x_wconf 79' lang='lat' dir='ltr'>uinum</span> <span class='ocrx_word' id='word_1_217' title='bbox 686 2931 838 3002; x_wconf 71' lang='lat' dir='ltr'>egreditur,</span> <span class='ocrx_word' id='word_1_218' title='bbox 858 2932 896 2986; x_wconf 91' lang='lat' dir='ltr'>lta</span> <span class='ocrx_word' id='word_1_219' title='bbox 915 2931 985 3003; x_wconf 82' lang='lat' dir='ltr'>quod</span> <span class='ocrx_word' id='word_1_220' title='bbox 1003 2949 1052 3003; x_wconf 86' lang='lat' dir='ltr'>per</span> <span class='ocrx_word' id='word_1_221' title='bbox 1067 2933 1178 2988; x_wconf 76' lang='lat' dir='ltr'>evodium</span> <span class='ocrx_word' id='word_1_222' title='bbox 1196 2934 1330 2992; x_wconf 78' lang='lat' dir='ltr'>cettannn</span> 
     </span>
     <span class='ocr_line' id='line_1_26' title="bbox 209 3028 1329 3108; baseline 0.003 -21"><span class='ocrx_word' id='word_1_223' title='bbox 209 3073 213 3080; x_wconf 86' lang='lat'>.</span> <span class='ocrx_word' id='word_1_224' title='bbox 292 3031 458 3088; x_wconf 78' lang='lat' dir='ltr'>tundebatur.</span> <span class='ocrx_word' id='word_1_225' title='bbox 494 3030 557 3086; x_wconf 79' lang='lat' dir='ltr'>lium</span> <span class='ocrx_word' id='word_1_226' title='bbox 575 3039 662 3084; x_wconf 81' lang='lat' dir='ltr'>autern</span> <span class='ocrx_word' id='word_1_227' title='bbox 673 3028 823 3085; x_wconf 73' lang='lat' dir='ltr'>clodoveos</span> <span class='ocrx_word' id='word_1_228' title='bbox 841 3047 888 3086; x_wconf 82' lang='lat' dir='ltr'>rex</span> <span class='ocrx_word' id='word_1_229' title='bbox 906 3029 1033 3087; x_wconf 84' lang='lat' dir='ltr'>Frnnolae</span> <span class='ocrx_word' id='word_1_230' title='bbox 1050 3039 1112 3086; x_wconf 85' lang='lat' dir='ltr'>tuno</span> <span class='ocrx_word' id='word_1_231' title='bbox 1127 3037 1253 3103; x_wconf 86' lang='lat' dir='ltr'>temporis</span> <span class='ocrx_word' id='word_1_232' title='bbox 1262 3051 1329 3108; x_wconf 74' lang='lat' dir='ltr'>gen-</span> 
     </span>
     <span class='ocr_line' id='line_1_27' title="bbox 291 3128 1329 3203; baseline 0.003 -16"><span class='ocrx_word' id='word_1_233' title='bbox 291 3131 344 3187; x_wconf 87' lang='lat' dir='ltr'>tilis</span> <span class='ocrx_word' id='word_1_234' title='bbox 362 3135 494 3185; x_wconf 85' lang='lat' dir='ltr'>essetnec</span> <span class='ocrx_word' id='word_1_235' title='bbox 512 3129 546 3184; x_wconf 87' lang='lat' dir='ltr'>ab</span> <span class='ocrx_word' id='word_1_236' title='bbox 562 3145 646 3185; x_wconf 85' lang='lat' dir='ltr'>uxore</span> <span class='ocrx_word' id='word_1_237' title='bbox 663 3143 712 3183; x_wconf 84' lang='lat' dir='ltr'>aaa</span> <span class='ocrx_word' id='word_1_238' title='bbox 730 3128 950 3186; x_wconf 81' lang='lat' dir='ltr'>christianissime</span> <span class='ocrx_word' id='word_1_239' title='bbox 966 3133 1083 3186; x_wconf 83' lang='lat' dir='ltr'>oonvevti</span> <span class='ocrx_word' id='word_1_240' title='bbox 1100 3138 1208 3203; x_wconf 87' lang='lat' dir='ltr'>posset,</span> <span class='ocrx_word' id='word_1_241' title='bbox 1227 3135 1329 3200; x_wconf 82' lang='lat' dir='ltr'>videos,</span> 
     </span>
     <span class='ocr_line' id='line_1_28' title="bbox 291 3229 1329 3302; baseline 0.002 -17"><span class='ocrx_word' id='word_1_242' title='bbox 291 3229 362 3302; x_wconf 81' lang='lat' dir='ltr'>quod</span> <span class='ocrx_word' id='word_1_243' title='bbox 384 3229 499 3284; x_wconf 85' lang='lat' dir='ltr'>ininitns</span> <span class='ocrx_word' id='word_1_244' title='bbox 524 3231 655 3283; x_wconf 80' lang='lat' dir='ltr'>etovoitns</span> <span class='ocrx_word' id='word_1_245' title='bbox 679 3229 880 3284; x_wconf 74' lang='lat' dir='ltr'>Alamannorum</span> <span class='ocrx_word' id='word_1_246' title='bbox 902 3245 983 3302; x_wconf 88' lang='lat' dir='ltr'>super</span> <span class='ocrx_word' id='word_1_247' title='bbox 1006 3245 1037 3285; x_wconf 86' lang='lat' dir='ltr'>se</span> <span class='ocrx_word' id='word_1_248' title='bbox 1054 3232 1189 3300; x_wconf 85' lang='lat' dir='ltr'>venisset,</span> <span class='ocrx_word' id='word_1_249' title='bbox 1224 3232 1329 3287; x_wconf 85' lang='lat' dir='ltr'>domino</span> 
     </span>
     <span class='ocr_line' id='line_1_29' title="bbox 290 3327 1328 3401; baseline 0 -16"><span class='ocrx_word' id='word_1_250' title='bbox 290 3328 364 3396; x_wconf 83' lang='lat' dir='ltr'>lieo,</span> <span class='ocrx_word' id='word_1_251' title='bbox 381 3343 457 3400; x_wconf 84' lang='lat' dir='ltr'>qoem</span> <span class='ocrx_word' id='word_1_252' title='bbox 476 3344 542 3383; x_wconf 78' lang='lat' dir='ltr'>osor</span> <span class='ocrx_word' id='word_1_253' title='bbox 560 3342 610 3384; x_wconf 88' lang='lat' dir='ltr'>sna</span> <span class='ocrx_word' id='word_1_254' title='bbox 627 3327 747 3394; x_wconf 81' lang='lat' dir='ltr'>solebat,</span> <span class='ocrx_word' id='word_1_255' title='bbox 767 3334 853 3384; x_wconf 85' lang='lat' dir='ltr'>votnm</span> <span class='ocrx_word' id='word_1_256' title='bbox 874 3329 962 3395; x_wconf 88' lang='lat' dir='ltr'>uovlt,</span> <span class='ocrx_word' id='word_1_257' title='bbox 981 3329 1066 3401; x_wconf 78' lang='lat' dir='ltr'>quod,</span> <span class='ocrx_word' id='word_1_258' title='bbox 1083 3331 1107 3384; x_wconf 90' lang='lat' dir='ltr'>si</span> <span class='ocrx_word' id='word_1_259' title='bbox 1124 3330 1157 3386; x_wconf 91' lang='lat' dir='ltr'>de</span> <span class='ocrx_word' id='word_1_260' title='bbox 1175 3331 1328 3386; x_wconf 76' lang='lat' dir='ltr'>Alemannis</span> 
     </span>
     <span class='ocr_line' id='line_1_30' title="bbox 289 3427 1327 3502; baseline 0.002 -20"><span class='ocrx_word' id='word_1_261' title='bbox 289 3427 341 3482; x_wconf 89' lang='lat' dir='ltr'>sibi</span> <span class='ocrx_word' id='word_1_262' title='bbox 359 3429 494 3484; x_wconf 83' lang='lat' dir='ltr'>victoriam</span> <span class='ocrx_word' id='word_1_263' title='bbox 512 3427 683 3495; x_wconf 81' lang='lat' dir='ltr'>consederet,</span> <span class='ocrx_word' id='word_1_264' title='bbox 718 3442 779 3481; x_wconf 81' lang='lat' dir='ltr'>nvos</span> <span class='ocrx_word' id='word_1_265' title='bbox 795 3427 871 3482; x_wconf 84' lang='lat' dir='ltr'>fidem</span> <span class='ocrx_word' id='word_1_266' title='bbox 890 3427 986 3483; x_wconf 75' lang='lat' dir='ltr'>Christi</span> <span class='ocrx_word' id='word_1_267' title='bbox 1005 3433 1141 3502; x_wconf 85' lang='lat' dir='ltr'>reciperet.</span> <span class='ocrx_word' id='word_1_268' title='bbox 1177 3430 1253 3494; x_wconf 78' lang='lat' dir='ltr'>Quod</span> <span class='ocrx_word' id='word_1_269' title='bbox 1270 3447 1327 3486; x_wconf 87' lang='lat' dir='ltr'>oum</span> 
     </span>
     <span class='ocr_line' id='line_1_31' title="bbox 290 3525 1327 3602; baseline 0.001 -20"><span class='ocrx_word' id='word_1_270' title='bbox 290 3526 385 3582; x_wconf 83' lang='lat' dir='ltr'>luisset</span> <span class='ocrx_word' id='word_1_271' title='bbox 401 3527 435 3580; x_wconf 85' lang='lat' dir='ltr'>ad</span> <span class='ocrx_word' id='word_1_272' title='bbox 453 3525 553 3581; x_wconf 82' lang='lat' dir='ltr'>libitum</span> <span class='ocrx_word' id='word_1_273' title='bbox 570 3533 742 3595; x_wconf 85' lang='lat' dir='ltr'>sonseoutus,</span> <span class='ocrx_word' id='word_1_274' title='bbox 778 3528 883 3582; x_wconf 85' lang='lat' dir='ltr'>beatum</span> <span class='ocrx_word' id='word_1_275' title='bbox 902 3525 1046 3602; x_wconf 77' lang='lat' dir='ltr'>Remigium</span> <span class='ocrx_word' id='word_1_276' title='bbox 1064 3530 1130 3584; x_wconf 90' lang='lat' dir='ltr'>adiit</span> <span class='ocrx_word' id='word_1_277' title='bbox 1148 3536 1174 3585; x_wconf 89' lang='lat' dir='ltr'>et</span> <span class='ocrx_word' id='word_1_278' title='bbox 1192 3547 1221 3586; x_wconf 89' lang='lat' dir='ltr'>se</span> <span class='ocrx_word' id='word_1_279' title='bbox 1239 3529 1327 3601; x_wconf 89' lang='lat' dir='ltr'>bapti-</span> 
     </span>
     <span class='ocr_line' id='line_1_32' title="bbox 289 3625 1326 3698; baseline 0 -18"><span class='ocrx_word' id='word_1_280' title='bbox 289 3628 345 3680; x_wconf 88' lang='lat' dir='ltr'>zavi</span> <span class='ocrx_word' id='word_1_281' title='bbox 363 3627 493 3696; x_wconf 79' lang='lat' dir='ltr'>poposcit.</span> <span class='ocrx_word' id='word_1_282' title='bbox 548 3625 664 3697; x_wconf 82' lang='lat' dir='ltr'>Cumque</span> <span class='ocrx_word' id='word_1_283' title='bbox 687 3625 722 3680; x_wconf 86' lang='lat' dir='ltr'>nd</span> <span class='ocrx_word' id='word_1_284' title='bbox 741 3627 838 3682; x_wconf 81' lang='lat' dir='ltr'>iontem</span> <span class='ocrx_word' id='word_1_285' title='bbox 858 3625 1023 3698; x_wconf 84' lang='lat' dir='ltr'>baptismatis</span> <span class='ocrx_word' id='word_1_286' title='bbox 1041 3627 1194 3684; x_wconf 88' lang='lat' dir='ltr'>advenisset</span> <span class='ocrx_word' id='word_1_287' title='bbox 1210 3642 1258 3683; x_wconf 88' lang='lat' dir='ltr'>nec</span> <span class='ocrx_word' id='word_1_288' title='bbox 1275 3627 1326 3682; x_wconf 89' lang='lat' dir='ltr'>ibi-</span> 
     </span>
     <span class='ocr_line' id='line_1_33' title="bbox 288 3723 1326 3799; baseline 0.003 -21"><span class='ocrx_word' id='word_1_289' title='bbox 288 3725 347 3781; x_wconf 85' lang='lat' dir='ltr'>deuv</span> <span class='ocrx_word' id='word_1_290' title='bbox 363 3738 466 3778; x_wconf 85' lang='lat' dir='ltr'>saevum</span> <span class='ocrx_word' id='word_1_291' title='bbox 482 3723 596 3779; x_wconf 83' lang='lat' dir='ltr'>cluvisma</span> <span class='ocrx_word' id='word_1_292' title='bbox 613 3725 732 3792; x_wconf 86' lang='lat' dir='ltr'>baberet,</span> <span class='ocrx_word' id='word_1_293' title='bbox 748 3739 808 3781; x_wconf 86' lang='lat' dir='ltr'>eece</span> <span class='ocrx_word' id='word_1_294' title='bbox 825 3723 947 3781; x_wconf 86' lang='lat' dir='ltr'>oolomba</span> <span class='ocrx_word' id='word_1_295' title='bbox 966 3727 1094 3798; x_wconf 84' lang='lat' dir='ltr'>quaedam</span> <span class='ocrx_word' id='word_1_296' title='bbox 1112 3727 1252 3799; x_wconf 86' lang='lat' dir='ltr'>ampullam</span> <span class='ocrx_word' id='word_1_297' title='bbox 1269 3743 1326 3781; x_wconf 88' lang='lat' dir='ltr'>eum</span> 
     </span>
     <span class='ocr_line' id='line_1_34' title="bbox 288 3823 1327 3904; baseline 0.004 -26"><span class='ocrx_word' id='word_1_298' title='bbox 288 3823 427 3878; x_wconf 80' lang='lat' dir='ltr'>chrismate</span> <span class='ocrx_word' id='word_1_299' title='bbox 445 3825 471 3876; x_wconf 87' lang='lat' dir='ltr'>ln</span> <span class='ocrx_word' id='word_1_300' title='bbox 489 3831 575 3878; x_wconf 86' lang='lat' dir='ltr'>vostro</span> <span class='ocrx_word' id='word_1_301' title='bbox 593 3824 702 3890; x_wconf 86' lang='lat' dir='ltr'>detulit,</span> <span class='ocrx_word' id='word_1_302' title='bbox 735 3823 769 3881; x_wconf 89' lang='lat' dir='ltr'>de</span> <span class='ocrx_word' id='word_1_303' title='bbox 790 3841 848 3904; x_wconf 25' lang='lat' dir='ltr'>&#39;quo</span> <span class='ocrx_word' id='word_1_304' title='bbox 873 3841 961 3898; x_wconf 80' lang='lat' dir='ltr'>regem</span> <span class='ocrx_word' id='word_1_305' title='bbox 985 3827 1104 3897; x_wconf 79' lang='lat' dir='ltr'>pontifex</span> <span class='ocrx_word' id='word_1_306' title='bbox 1129 3826 1221 3881; x_wconf 86' lang='lat' dir='ltr'>linivit.</span> <span class='ocrx_word' id='word_1_307' title='bbox 1256 3826 1327 3882; x_wconf 83' lang='lat' dir='ltr'>llaec</span> 
     </span>
     <span class='ocr_line' id='line_1_35' title="bbox 287 3901 1326 3996; baseline 0.002 -18"><span class='ocrx_word' id='word_1_308' title='bbox 287 3931 373 3979; x_wconf 87' lang='lat' dir='ltr'>sutem</span> <span class='ocrx_word' id='word_1_309' title='bbox 391 3923 507 3992; x_wconf 86' lang='lat' dir='ltr'>ampulla</span> <span class='ocrx_word' id='word_1_310' title='bbox 523 3925 550 3977; x_wconf 92' lang='lat' dir='ltr'>in</span> <span class='ocrx_word' id='word_1_311' title='bbox 566 3901 687 3979; x_wconf 85' lang='lat' dir='ltr'>Remensi</span> <span class='ocrx_word' id='word_1_312' title='bbox 705 3923 818 3978; x_wconf 85' lang='lat' dir='ltr'>eeclesia</span> <span class='ocrx_word' id='word_1_313' title='bbox 836 3930 1009 3979; x_wconf 80' lang='lat' dir='ltr'>conservatur</span> <span class='ocrx_word' id='word_1_314' title='bbox 1026 3930 1052 3980; x_wconf 90' lang='lat' dir='ltr'>et</span> <span class='ocrx_word' id='word_1_315' title='bbox 1069 3925 1129 3980; x_wconf 87' lang='lat' dir='ltr'>indo</span> <span class='ocrx_word' id='word_1_316' title='bbox 1147 3941 1230 3996; x_wconf 81' lang='lat' dir='ltr'>usqne</span> <span class='ocrx_word' id='word_1_317' title='bbox 1247 3923 1326 3980; x_wconf 86' lang='lat' dir='ltr'>lodie</span> 
     </span>
     <span class='ocr_line' id='line_1_36' title="bbox 287 4021 1325 4094; baseline 0.002 -16"><span class='ocrx_word' id='word_1_318' title='bbox 287 4038 366 4094; x_wconf 78' lang='lat' dir='ltr'>vegos</span> <span class='ocrx_word' id='word_1_319' title='bbox 389 4021 516 4077; x_wconf 86' lang='lat' dir='ltr'>Franrciae</span> <span class='ocrx_word' id='word_1_320' title='bbox 534 4025 700 4094; x_wconf 83' lang='lat' dir='ltr'>inunguntur.</span> <span class='ocrx_word' id='word_1_321' title='bbox 751 4022 816 4077; x_wconf 87' lang='lat' dir='ltr'>Post</span> <span class='ocrx_word' id='word_1_322' title='bbox 837 4022 944 4094; x_wconf 82' lang='lat' dir='ltr'>longum</span> <span class='ocrx_word' id='word_1_323' title='bbox 962 4032 1065 4094; x_wconf 86' lang='lat' dir='ltr'>tempus</span> <span class='ocrx_word' id='word_1_324' title='bbox 1081 4039 1137 4078; x_wconf 90' lang='lat' dir='ltr'>oum</span> <span class='ocrx_word' id='word_1_325' title='bbox 1157 4023 1325 4080; x_wconf 82' lang='lat' dir='ltr'>lieuobaldns</span> 
     </span>
     <span class='ocr_line' id='line_1_37' title="bbox 286 4107 1328 4194; baseline 0.003 -19"><span class='ocrx_word' id='word_1_326' title='bbox 286 4125 327 4176; x_wconf 90' lang='lat' dir='ltr'>viv</span> <span class='ocrx_word' id='word_1_327' title='bbox 345 4122 471 4193; x_wconf 88' lang='lat' dir='ltr'>providus</span> <span class='ocrx_word' id='word_1_328' title='bbox 495 4129 522 4176; x_wconf 91' lang='lat' dir='ltr'>et</span> <span class='ocrx_word' id='word_1_329' title='bbox 545 4121 640 4193; x_wconf 78' lang='lat' dir='ltr'>dignus</span> <span class='ocrx_word' id='word_1_330' title='bbox 664 4129 767 4192; x_wconf 77' lang='lat' dir='ltr'>neptem</span> <span class='ocrx_word' id='word_1_331' title='bbox 778 4107 856 4177; x_wconf 71' lang='lat' dir='ltr'>vbeati</span> <span class='ocrx_word' id='word_1_332' title='bbox 871 4119 984 4194; x_wconf 80' lang='lat' dir='ltr'>Remigii</span> <span class='ocrx_word' id='word_1_333' title='bbox 1002 4123 1029 4177; x_wconf 92' lang='lat' dir='ltr'>ln</span> <span class='ocrx_word' id='word_1_334' title='bbox 1048 4139 1154 4179; x_wconf 86' lang='lat' dir='ltr'>exorem</span> <span class='ocrx_word' id='word_1_335' title='bbox 1172 4123 1283 4181; x_wconf 86' lang='lat' dir='ltr'>baberet</span> <span class='ocrx_word' id='word_1_336' title='bbox 1300 4131 1328 4180; x_wconf 86' lang='lat' dir='ltr'>et</span> 
     </span>
     <span class='ocr_line' id='line_1_38' title="bbox 286 4219 1326 4294; baseline -0.002 -14"><span class='ocrx_word' id='word_1_337' title='bbox 286 4239 316 4280; x_wconf 89' lang='lat' dir='ltr'>ve</span> <span class='ocrx_word' id='word_1_338' title='bbox 339 4220 476 4294; x_wconf 74' lang='lat' dir='ltr'>religionis</span> <span class='ocrx_word' id='word_1_339' title='bbox 500 4233 582 4274; x_wconf 84' lang='lat' dir='ltr'>eausa</span> <span class='ocrx_word' id='word_1_340' title='bbox 607 4226 695 4276; x_wconf 83' lang='lat' dir='ltr'>touton</span> <span class='ocrx_word' id='word_1_341' title='bbox 725 4219 920 4288; x_wconf 81' lang='lat' dir='ltr'>absolvissent,</span> <span class='ocrx_word' id='word_1_342' title='bbox 955 4221 1116 4292; x_wconf 85' lang='lat' dir='ltr'>praedictum</span> <span class='ocrx_word' id='word_1_343' title='bbox 1147 4221 1326 4280; x_wconf 84' lang='lat' dir='ltr'>(ienebaldum</span> 
     </span>
    </p>
   </div>
   <div class='ocr_carea' id='block_1_7' title="bbox 337 4435 1065 4492">
    <p class='ocr_par' dir='ltr' id='par_1_8' title="bbox 337 4435 1065 4492">
     <span class='ocr_line' id='line_1_39' title="bbox 337 4435 1065 4492; baseline 0.003 -10"><span class='ocrx_word' id='word_1_344' title='bbox 337 4441 359 4492; x_wconf 82' lang='lat' dir='ltr'>t)</span> <span class='ocrx_word' id='word_1_345' title='bbox 372 4437 445 4491; x_wconf 60' lang='lat' dir='ltr'>tutto</span> <span class='ocrx_word' id='word_1_346' title='bbox 458 4437 517 4482; x_wconf 83' lang='lat' dir='ltr'>mule</span> <span class='ocrx_word' id='word_1_347' title='bbox 531 4437 651 4490; x_wconf 68' lang='lat' dir='ltr'>iussurus</span> <span class='ocrx_word' id='word_1_348' title='bbox 663 4435 751 4490; x_wconf 70' lang='lat' dir='ltr'>lenitur,</span> <span class='ocrx_word' id='word_1_349' title='bbox 764 4437 865 4483; x_wconf 76' lang='lat' dir='ltr'>restituis</span> <span class='ocrx_word' id='word_1_350' title='bbox 884 4437 1065 4486; x_wconf 85' lang='lat' dir='ltr'>ttinovnurus.</span> 
     </span>
    </p>
   </div>
   <div class='ocr_carea' id='block_1_8' title="bbox 0 0 1418 5302">
    <p class='ocr_par' dir='ltr' id='par_1_9' title="bbox 0 0 1418 5302">
     <span class='ocr_line' id='line_1_40' title="bbox 0 0 1418 5302; baseline 0 5"><span class='ocrx_word' id='word_1_351' title='bbox 0 0 1418 5302; x_wconf 95' lang='lat' dir='ltr'> </span> 
     </span>
    </p>
   </div>
  </div>
 </body>
</html>
