<?xml version="1.0" encoding="UTF-8"?>
<!DOCTYPE html PUBLIC "-//W3C//DTD XHTML 1.0 Transitional//EN"
    "http://www.w3.org/TR/xhtml1/DTD/xhtml1-transitional.dtd">
<html xmlns="http://www.w3.org/1999/xhtml" xml:lang="en" lang="en">
 <head>
  <title>
</title>
<meta http-equiv="Content-Type" content="text/html;charset=utf-8" />
  <meta name='ocr-system' content='tesseract 3.04.00' />
  <meta name='ocr-capabilities' content='ocr_page ocr_carea ocr_par ocr_line ocrx_word'/>
</head>
<body>
  <div class='ocr_page' id='page_1' title='image "./jacobiavoragine00jacogoog_0868.png"; bbox 0 0 2866 5310; ppageno 0'>
   <div class='ocr_carea' id='block_1_1' title="bbox 245 479 1130 572">
    <p class='ocr_par' dir='ltr' id='par_1_1' title="bbox 245 479 1130 572">
     <span class='ocr_line' id='line_1_1' title="bbox 245 479 1130 572; baseline 0 -28"><span class='ocrx_word' id='word_1_1' title='bbox 245 485 318 565; x_wconf 83' lang='lat' dir='ltr'>Cap.</span> <span class='ocrx_word' id='word_1_2' title='bbox 342 483 512 544; x_wconf 81' lang='lat' dir='ltr'>chxtttt.</span> <span class='ocrx_word' id='word_1_3' title='bbox 555 483 600 543; x_wconf 88' lang='lat' dir='ltr'>De</span> <span class='ocrx_word' id='word_1_4' title='bbox 622 481 803 572; x_wconf 66' lang='lat' dir='ltr'>dedicatione</span> <span class='ocrx_word' id='word_1_5' title='bbox 826 481 974 544; x_wconf 80' lang='lat' dir='ltr'>ecciesiae.</span> <span class='ocrx_word' id='word_1_6' title='bbox 1067 479 1130 544; x_wconf 75' lang='grc'>845</span> 
     </span>
    </p>
   </div>
   <div class='ocr_carea' id='block_1_2' title="bbox 387 913 838 1016">
    <p class='ocr_par' dir='ltr' id='par_1_2' title="bbox 387 913 838 1016">
     <span class='ocr_line' id='line_1_2' title="bbox 387 913 838 1016; baseline 0.004 -4"><span class='ocrx_word' id='word_1_7' title='bbox 387 915 482 1014; x_wconf 73' lang='lat' dir='ltr'>dii.</span> <span class='ocrx_word' id='word_1_8' title='bbox 508 913 690 1012; x_wconf 83' lang='lat' dir='ltr'>iiiittt.</span> <span class='ocrx_word' id='word_1_9' title='bbox 722 916 838 1016; x_wconf 80' lang='lat'><strong>(177.)</strong></span> 
     </span>
    </p>
   </div>
   <div class='ocr_carea' id='block_1_3' title="bbox 91 1021 1021 1143">
    <p class='ocr_par' dir='ltr' id='par_1_3' title="bbox 91 1021 1021 1143">
     <span class='ocr_line' id='line_1_3' title="bbox 91 1021 1021 1143; baseline 0 -3"><span class='ocrx_word' id='word_1_10' title='bbox 91 1021 93 1026; x_wconf 16' lang='grc' dir='ltr'>Ι</span> <span class='ocrx_word' id='word_1_11' title='bbox 203 1069 284 1140; x_wconf 77' lang='lat' dir='ltr'>lte</span> <span class='ocrx_word' id='word_1_12' title='bbox 317 1065 686 1140; x_wconf 70' lang='lat' dir='ltr'><strong>dedicatione</strong></span> <span class='ocrx_word' id='word_1_13' title='bbox 719 1065 1021 1143; x_wconf 82' lang='lat' dir='ltr'>oootoetno.</span> 
     </span>
    </p>
   </div>
   <div class='ocr_carea' id='block_1_4' title="bbox 72 1234 1228 4526">
    <p class='ocr_par' dir='ltr' id='par_1_4' title="bbox 95 1234 1228 3024">
     <span class='ocr_line' id='line_1_4' title="bbox 160 1234 1151 1296; baseline 0.004 -4"><span class='ocrx_word' id='word_1_14' title='bbox 160 1234 299 1292; x_wconf 85' lang='lat' dir='ltr'>iiedicatio</span> <span class='ocrx_word' id='word_1_15' title='bbox 318 1236 447 1294; x_wconf 88' lang='lat' dir='ltr'>ecciesiae</span> <span class='ocrx_word' id='word_1_16' title='bbox 465 1239 533 1294; x_wconf 90' lang='lat' dir='ltr'>inter</span> <span class='ocrx_word' id='word_1_17' title='bbox 550 1238 616 1294; x_wconf 88' lang='lat' dir='ltr'>etiae</span> <span class='ocrx_word' id='word_1_18' title='bbox 635 1235 795 1294; x_wconf 83' lang='lat' dir='ltr'>ieetiritatee</span> <span class='ocrx_word' id='word_1_19' title='bbox 807 1237 841 1292; x_wconf 84' lang='lat' dir='ltr'>ab</span> <span class='ocrx_word' id='word_1_20' title='bbox 856 1237 968 1294; x_wconf 84' lang='lat' dir='ltr'>eccieeia</span> <span class='ocrx_word' id='word_1_21' title='bbox 980 1236 1130 1296; x_wconf 84' lang='lat' dir='ltr'>celebratur</span> <span class='ocrx_word' id='word_1_22' title='bbox 1147 1281 1151 1289; x_wconf 87' lang='lat'><em>.</em></span> 
     </span>
     <span class='ocr_line' id='line_1_5' title="bbox 95 1336 1134 1409; baseline 0.001 -15"><span class='ocrx_word' id='word_1_23' title='bbox 95 1342 122 1394; x_wconf 87' lang='lat' dir='ltr'>et</span> <span class='ocrx_word' id='word_1_24' title='bbox 139 1339 259 1409; x_wconf 85' lang='lat' dir='ltr'>qnoniam</span> <span class='ocrx_word' id='word_1_25' title='bbox 279 1336 375 1409; x_wconf 81' lang='lat' dir='ltr'>dupiex</span> <span class='ocrx_word' id='word_1_26' title='bbox 394 1342 436 1394; x_wconf 87' lang='lat' dir='ltr'>eet</span> <span class='ocrx_word' id='word_1_27' title='bbox 453 1337 569 1394; x_wconf 85' lang='lat' dir='ltr'>eccieeie</span> <span class='ocrx_word' id='word_1_28' title='bbox 585 1339 641 1393; x_wconf 82' lang='lat' dir='ltr'>aire</span> <span class='ocrx_word' id='word_1_29' title='bbox 660 1337 798 1409; x_wconf 81' lang='lat' dir='ltr'>tempium,</span> <span class='ocrx_word' id='word_1_30' title='bbox 825 1337 927 1393; x_wconf 84' lang='lat' dir='ltr'>roiiicet</span> <span class='ocrx_word' id='word_1_31' title='bbox 950 1340 1087 1396; x_wconf 88' lang='lat' dir='ltr'>materiate</span> <span class='ocrx_word' id='word_1_32' title='bbox 1105 1347 1134 1399; x_wconf 88' lang='lat' dir='ltr'>et</span> 
     </span>
     <span class='ocr_line' id='line_1_6' title="bbox 96 1435 1134 1511; baseline 0.002 -18"><span class='ocrx_word' id='word_1_33' title='bbox 96 1438 247 1511; x_wconf 77' lang='lat' dir='ltr'>epidimata,</span> <span class='ocrx_word' id='word_1_34' title='bbox 273 1437 335 1494; x_wconf 89' lang='lat' dir='ltr'>ideo</span> <span class='ocrx_word' id='word_1_35' title='bbox 358 1438 392 1494; x_wconf 90' lang='lat' dir='ltr'>de</span> <span class='ocrx_word' id='word_1_36' title='bbox 417 1435 494 1510; x_wconf 76' lang='lat' dir='ltr'>troius</span> <span class='ocrx_word' id='word_1_37' title='bbox 519 1439 608 1510; x_wconf 90' lang='lat' dir='ltr'>tempti</span> <span class='ocrx_word' id='word_1_38' title='bbox 632 1435 746 1509; x_wconf 86' lang='lat' dir='ltr'>dupiicia</span> <span class='ocrx_word' id='word_1_39' title='bbox 767 1435 933 1493; x_wconf 70' lang='lat' dir='ltr'>dedicatione</span> <span class='ocrx_word' id='word_1_40' title='bbox 955 1437 998 1492; x_wconf 82' lang='lat' dir='ltr'>into</span> <span class='ocrx_word' id='word_1_41' title='bbox 1016 1437 1134 1497; x_wconf 78' lang='lat' dir='ltr'>breviter</span> 
     </span>
     <span class='ocr_line' id='line_1_7' title="bbox 96 1536 1133 1611; baseline 0.003 -17"><span class='ocrx_word' id='word_1_42' title='bbox 96 1544 137 1594; x_wconf 87' lang='lat' dir='ltr'>eet</span> <span class='ocrx_word' id='word_1_43' title='bbox 159 1537 297 1611; x_wconf 74' lang='lat' dir='ltr'>agendum.</span> <span class='ocrx_word' id='word_1_44' title='bbox 340 1536 419 1593; x_wconf 80' lang='lat' dir='ltr'>Circa</span> <span class='ocrx_word' id='word_1_45' title='bbox 443 1537 633 1595; x_wconf 70' lang='lat' dir='ltr'>dedicationem</span> <span class='ocrx_word' id='word_1_46' title='bbox 666 1544 752 1592; x_wconf 88' lang='lat' dir='ltr'>notem</span> <span class='ocrx_word' id='word_1_47' title='bbox 784 1536 873 1608; x_wconf 88' lang='lat' dir='ltr'>tempii</span> <span class='ocrx_word' id='word_1_48' title='bbox 904 1538 1050 1595; x_wconf 83' lang='lat' dir='ltr'>materieiie</span> <span class='ocrx_word' id='word_1_49' title='bbox 1079 1543 1133 1600; x_wconf 85' lang='lat' dir='ltr'>tria</span> 
     </span>
     <span class='ocr_line' id='line_1_8' title="bbox 97 1637 1132 1710; baseline 0.004 -17"><span class='ocrx_word' id='word_1_50' title='bbox 97 1637 210 1695; x_wconf 82' lang='lat' dir='ltr'>ridenda</span> <span class='ocrx_word' id='word_1_51' title='bbox 236 1644 313 1702; x_wconf 66' lang='lat' dir='ltr'>aonia</span> <span class='ocrx_word' id='word_1_52' title='bbox 338 1642 422 1710; x_wconf 87' lang='lat' dir='ltr'>primo</span> <span class='ocrx_word' id='word_1_53' title='bbox 448 1653 530 1710; x_wconf 87' lang='lat' dir='ltr'>qnare</span> <span class='ocrx_word' id='word_1_54' title='bbox 555 1637 692 1696; x_wconf 83' lang='lat' dir='ltr'>dedicator</span> <span class='ocrx_word' id='word_1_55' title='bbox 714 1639 771 1693; x_wconf 84' lang='lat' dir='ltr'>aire</span> <span class='ocrx_word' id='word_1_56' title='bbox 801 1643 986 1706; x_wconf 76' lang='lat' dir='ltr'>consecratur,</span> <span class='ocrx_word' id='word_1_57' title='bbox 1015 1641 1132 1697; x_wconf 89' lang='lat' dir='ltr'>aeonndo</span> 
     </span>
     <span class='ocr_line' id='line_1_9' title="bbox 96 1736 1132 1815; baseline 0.004 -20"><span class='ocrx_word' id='word_1_58' title='bbox 96 1739 210 1812; x_wconf 86' lang='lat' dir='ltr'>qneiiter</span> <span class='ocrx_word' id='word_1_59' title='bbox 237 1745 423 1806; x_wconf 83' lang='lat' dir='ltr'>consecrator,</span> <span class='ocrx_word' id='word_1_60' title='bbox 455 1740 536 1798; x_wconf 22' lang='lat' dir='ltr'>tertio*</span> <span class='ocrx_word' id='word_1_61' title='bbox 563 1755 611 1810; x_wconf 86' lang='lat' dir='ltr'>per</span> <span class='ocrx_word' id='word_1_62' title='bbox 634 1753 702 1810; x_wconf 77' lang='lat' dir='ltr'>quoe</span> <span class='ocrx_word' id='word_1_63' title='bbox 732 1737 897 1810; x_wconf 77' lang='lat' dir='ltr'>profanetur.</span> <span class='ocrx_word' id='word_1_64' title='bbox 948 1736 981 1794; x_wconf 86' lang='lat' dir='ltr'>Et</span> <span class='ocrx_word' id='word_1_65' title='bbox 1014 1743 1077 1815; x_wconf 78' lang='lat' dir='ltr'>poia</span> <span class='ocrx_word' id='word_1_66' title='bbox 1106 1744 1132 1798; x_wconf 90' lang='lat' dir='ltr'>iu</span> 
     </span>
     <span class='ocr_line' id='line_1_10' title="bbox 97 1838 1131 1915; baseline 0.004 -19"><span class='ocrx_word' id='word_1_67' title='bbox 97 1840 194 1912; x_wconf 88' lang='lat' dir='ltr'>tempto</span> <span class='ocrx_word' id='word_1_68' title='bbox 219 1840 271 1896; x_wconf 91' lang='lat' dir='ltr'>dno</span> <span class='ocrx_word' id='word_1_69' title='bbox 297 1847 374 1910; x_wconf 84' lang='lat' dir='ltr'>anot,</span> <span class='ocrx_word' id='word_1_70' title='bbox 407 1855 475 1914; x_wconf 83' lang='lat' dir='ltr'>quae</span> <span class='ocrx_word' id='word_1_71' title='bbox 506 1845 710 1906; x_wconf 85' lang='lat' dir='ltr'>consecrentur,</span> <span class='ocrx_word' id='word_1_72' title='bbox 743 1838 846 1895; x_wconf 87' lang='lat' dir='ltr'>eeiiicet</span> <span class='ocrx_word' id='word_1_73' title='bbox 875 1838 961 1897; x_wconf 84' lang='lat' dir='ltr'>attere</span> <span class='ocrx_word' id='word_1_74' title='bbox 991 1845 1018 1898; x_wconf 89' lang='lat' dir='ltr'>et</span> <span class='ocrx_word' id='word_1_75' title='bbox 1046 1845 1131 1915; x_wconf 83' lang='lat' dir='ltr'>iprum</span> 
     </span>
     <span class='ocr_line' id='line_1_11' title="bbox 96 1939 1134 2013; baseline 0.004 -15"><span class='ocrx_word' id='word_1_76' title='bbox 96 1940 235 2012; x_wconf 81' lang='lat' dir='ltr'>templum,</span> <span class='ocrx_word' id='word_1_77' title='bbox 263 1939 324 1998; x_wconf 89' lang='lat' dir='ltr'>ideo</span> <span class='ocrx_word' id='word_1_78' title='bbox 348 1944 457 2013; x_wconf 91' lang='lat' dir='ltr'>primum</span> <span class='ocrx_word' id='word_1_79' title='bbox 483 1939 621 1997; x_wconf 84' lang='lat' dir='ltr'>ridendum</span> <span class='ocrx_word' id='word_1_80' title='bbox 647 1945 703 2006; x_wconf 84' lang='lat' dir='ltr'>eat,</span> <span class='ocrx_word' id='word_1_81' title='bbox 729 1953 811 2011; x_wconf 89' lang='lat' dir='ltr'>quere</span> <span class='ocrx_word' id='word_1_82' title='bbox 839 1945 1010 1997; x_wconf 86' lang='lat' dir='ltr'>eoneecretur</span> <span class='ocrx_word' id='word_1_83' title='bbox 1038 1944 1134 2012; x_wconf 84' lang='lat' dir='ltr'>eiiare.</span> 
     </span>
     <span class='ocr_line' id='line_1_12' title="bbox 97 2038 1133 2116; baseline 0.005 -19"><span class='ocrx_word' id='word_1_84' title='bbox 97 2041 213 2099; x_wconf 80' lang='lat' dir='ltr'>omnnio</span> <span class='ocrx_word' id='word_1_85' title='bbox 231 2057 315 2115; x_wconf 82' lang='lat' dir='ltr'>qnare</span> <span class='ocrx_word' id='word_1_86' title='bbox 331 2043 464 2114; x_wconf 83' lang='lat' dir='ltr'>tempium.</span> <span class='ocrx_word' id='word_1_87' title='bbox 498 2040 591 2099; x_wconf 81' lang='lat' dir='ltr'>titane</span> <span class='ocrx_word' id='word_1_88' title='bbox 610 2046 695 2096; x_wconf 83' lang='lat' dir='ltr'>autom</span> <span class='ocrx_word' id='word_1_89' title='bbox 715 2045 885 2096; x_wconf 75' lang='lat' dir='ltr'>consecrator</span> <span class='ocrx_word' id='word_1_90' title='bbox 905 2038 939 2096; x_wconf 83' lang='lat' dir='ltr'>ad</span> <span class='ocrx_word' id='word_1_91' title='bbox 958 2044 1023 2111; x_wconf 82' lang='lat' dir='ltr'>tria,</span> <span class='ocrx_word' id='word_1_92' title='bbox 1049 2047 1133 2116; x_wconf 85' lang='lat' dir='ltr'>primo</span> 
     </span>
     <span class='ocr_line' id='line_1_13' title="bbox 98 2137 1117 2207; baseline 0.005 -9"><span class='ocrx_word' id='word_1_93' title='bbox 98 2143 131 2199; x_wconf 85' lang='lat' dir='ltr'>nd</span> <span class='ocrx_word' id='word_1_94' title='bbox 155 2150 346 2199; x_wconf 73' lang='lat' dir='ltr'>sacramentum</span> <span class='ocrx_word' id='word_1_95' title='bbox 370 2143 467 2198; x_wconf 91' lang='lat' dir='ltr'>domini</span> <span class='ocrx_word' id='word_1_96' title='bbox 493 2139 668 2207; x_wconf 85' lang='lat' dir='ltr'>niterenduur,</span> <span class='ocrx_word' id='word_1_97' title='bbox 693 2137 789 2196; x_wconf 78' lang='lat' dir='ltr'>Genea.</span> <span class='ocrx_word' id='word_1_98' title='bbox 813 2137 884 2196; x_wconf 81' lang='lat' dir='ltr'>viti:</span> <span class='ocrx_word' id='word_1_99' title='bbox 907 2141 1056 2200; x_wconf 75' lang='lat' dir='ltr'>aedificarit</span> <span class='ocrx_word' id='word_1_100' title='bbox 1077 2145 1117 2203; x_wconf 84' lang='lat' dir='ltr'>iio</span> 
     </span>
     <span class='ocr_line' id='line_1_14' title="bbox 98 2238 1228 2326; baseline 0.007 -27"><span class='ocrx_word' id='word_1_101' title='bbox 98 2245 184 2300; x_wconf 88' lang='lat' dir='ltr'>attare</span> <span class='ocrx_word' id='word_1_102' title='bbox 203 2241 307 2299; x_wconf 89' lang='lat' dir='ltr'>domino</span> <span class='ocrx_word' id='word_1_103' title='bbox 329 2250 357 2300; x_wconf 89' lang='lat' dir='ltr'>et</span> <span class='ocrx_word' id='word_1_104' title='bbox 373 2243 469 2301; x_wconf 90' lang='lat' dir='ltr'>tniiene</span> <span class='ocrx_word' id='word_1_105' title='bbox 489 2241 523 2298; x_wconf 88' lang='lat' dir='ltr'>de</span> <span class='ocrx_word' id='word_1_106' title='bbox 541 2241 642 2296; x_wconf 88' lang='lat' dir='ltr'>nunctie</span> <span class='ocrx_word' id='word_1_107' title='bbox 663 2238 812 2296; x_wconf 85' lang='lat' dir='ltr'>rninoribne</span> <span class='ocrx_word' id='word_1_108' title='bbox 830 2248 856 2297; x_wconf 88' lang='lat' dir='ltr'>et</span> <span class='ocrx_word' id='word_1_109' title='bbox 872 2243 1014 2314; x_wconf 84' lang='lat' dir='ltr'>pecoribna</span> <span class='ocrx_word' id='word_1_110' title='bbox 1031 2248 1135 2306; x_wconf 82' lang='lat' dir='ltr'>monito</span> <span class='ocrx_word' id='word_1_111' title='bbox 1227 2321 1228 2326; x_wconf 8' lang='grc' dir='ltr'>η</span> 
     </span>
     <span class='ocr_line' id='line_1_15' title="bbox 98 2342 1222 2420; baseline 0.001 -19"><span class='ocrx_word' id='word_1_112' title='bbox 98 2345 194 2401; x_wconf 83' lang='lat' dir='ltr'>ointniit</span> <span class='ocrx_word' id='word_1_113' title='bbox 211 2359 292 2416; x_wconf 82' lang='lat' dir='ltr'>emper</span> <span class='ocrx_word' id='word_1_114' title='bbox 308 2344 402 2404; x_wconf 86' lang='lat' dir='ltr'>attare.</span> <span class='ocrx_word' id='word_1_115' title='bbox 438 2342 494 2400; x_wconf 86' lang='lat' dir='ltr'>iion</span> <span class='ocrx_word' id='word_1_116' title='bbox 509 2347 596 2398; x_wconf 88' lang='lat' dir='ltr'>antem</span> <span class='ocrx_word' id='word_1_117' title='bbox 614 2348 804 2397; x_wconf 80' lang='lat' dir='ltr'>sacramentum</span> <span class='ocrx_word' id='word_1_118' title='bbox 824 2349 971 2413; x_wconf 85' lang='lat' dir='ltr'>eatoorpue</span> <span class='ocrx_word' id='word_1_119' title='bbox 985 2351 1011 2400; x_wconf 89' lang='lat' dir='ltr'>et</span> <span class='ocrx_word' id='word_1_120' title='bbox 1024 2353 1135 2420; x_wconf 59' lang='lat' dir='ltr'>taumate</span> <span class='ocrx_word' id='word_1_121' title='bbox 1221 2399 1222 2402; x_wconf 74' lang='grc'>,</span> 
     </span>
     <span class='ocr_line' id='line_1_16' title="bbox 98 2440 1134 2518; baseline -0.003 -15"><span class='ocrx_word' id='word_1_122' title='bbox 98 2447 211 2515; x_wconf 71' lang='lat' dir='ltr'>chricti,</span> <span class='ocrx_word' id='word_1_123' title='bbox 236 2460 304 2518; x_wconf 84' lang='lat' dir='ltr'>qnae</span> <span class='ocrx_word' id='word_1_124' title='bbox 323 2447 348 2500; x_wconf 92' lang='lat' dir='ltr'>in</span> <span class='ocrx_word' id='word_1_125' title='bbox 366 2446 514 2500; x_wconf 84' lang='lat' dir='ltr'>memoriam</span> <span class='ocrx_word' id='word_1_126' title='bbox 533 2443 666 2514; x_wconf 86' lang='lat' dir='ltr'>paeeionit</span> <span class='ocrx_word' id='word_1_127' title='bbox 686 2440 832 2498; x_wconf 79' lang='lat' dir='ltr'>dominicae</span> <span class='ocrx_word' id='word_1_128' title='bbox 856 2442 1032 2513; x_wconf 84' lang='lat' dir='ltr'>immutamus,</span> <span class='ocrx_word' id='word_1_129' title='bbox 1056 2449 1134 2518; x_wconf 76' lang='lat' dir='ltr'>juxta</span> 
     </span>
     <span class='ocr_line' id='line_1_17' title="bbox 97 2542 1133 2622; baseline 0.003 -19"><span class='ocrx_word' id='word_1_130' title='bbox 97 2547 167 2622; x_wconf 80' lang='lat' dir='ltr'>qnod</span> <span class='ocrx_word' id='word_1_131' title='bbox 186 2545 265 2602; x_wconf 81' lang='lat' dir='ltr'>nonio</span> <span class='ocrx_word' id='word_1_132' title='bbox 283 2547 420 2618; x_wconf 87' lang='lat' dir='ltr'>praecepit</span> <span class='ocrx_word' id='word_1_133' title='bbox 437 2545 542 2600; x_wconf 86' lang='lat' dir='ltr'>dicere:</span> <span class='ocrx_word' id='word_1_134' title='bbox 560 2542 611 2599; x_wconf 88' lang='lat' dir='ltr'>iroe</span> <span class='ocrx_word' id='word_1_135' title='bbox 624 2542 746 2599; x_wconf 82' lang='lat' dir='ltr'>iacieein</span> <span class='ocrx_word' id='word_1_136' title='bbox 759 2557 840 2598; x_wconf 88' lang='lat' dir='ltr'>meam</span> <span class='ocrx_word' id='word_1_137' title='bbox 855 2549 1133 2606; x_wconf 74' lang='lat' dir='ltr'>commemorationem.</span> 
     </span>
     <span class='ocr_line' id='line_1_18' title="bbox 97 2641 1136 2718; baseline 0.003 -14"><span class='ocrx_word' id='word_1_138' title='bbox 97 2648 228 2705; x_wconf 80' lang='lat' dir='ltr'>debentne</span> <span class='ocrx_word' id='word_1_139' title='bbox 252 2648 319 2702; x_wconf 91' lang='lat' dir='ltr'>enim</span> <span class='ocrx_word' id='word_1_140' title='bbox 341 2644 438 2718; x_wconf 78' lang='lat' dir='ltr'>triplex</span> <span class='ocrx_word' id='word_1_141' title='bbox 464 2644 614 2702; x_wconf 79' lang='lat' dir='ltr'>memoriaie</span> <span class='ocrx_word' id='word_1_142' title='bbox 644 2641 791 2699; x_wconf 82' lang='lat' dir='ltr'>dominicae</span> <span class='ocrx_word' id='word_1_143' title='bbox 822 2645 974 2714; x_wconf 74' lang='lat' dir='ltr'>paratoniu,</span> <span class='ocrx_word' id='word_1_144' title='bbox 1001 2662 1079 2706; x_wconf 84' lang='lat' dir='ltr'>unum</span> <span class='ocrx_word' id='word_1_145' title='bbox 1108 2653 1136 2708; x_wconf 88' lang='lat' dir='ltr'>in</span> 
     </span>
     <span class='ocr_line' id='line_1_19' title="bbox 97 2741 1136 2819; baseline 0.004 -14"><span class='ocrx_word' id='word_1_146' title='bbox 97 2749 213 2819; x_wconf 84' lang='lat' dir='ltr'>acripto,</span> <span class='ocrx_word' id='word_1_147' title='bbox 237 2747 340 2803; x_wconf 88' lang='lat' dir='ltr'>eciiicet</span> <span class='ocrx_word' id='word_1_148' title='bbox 364 2748 456 2819; x_wconf 83' lang='lat' dir='ltr'>paceio</span> <span class='ocrx_word' id='word_1_149' title='bbox 481 2745 580 2802; x_wconf 80' lang='lat' dir='ltr'>chricti</span> <span class='ocrx_word' id='word_1_150' title='bbox 596 2743 757 2818; x_wconf 79' lang='lat' dir='ltr'>imaginiima</span> <span class='ocrx_word' id='word_1_151' title='bbox 776 2741 956 2817; x_wconf 79' lang='lat' dir='ltr'>iigurate,.et</span> <span class='ocrx_word' id='word_1_152' title='bbox 980 2744 1031 2806; x_wconf 78' lang='lat' dir='ltr'>hoc</span> <span class='ocrx_word' id='word_1_153' title='bbox 1055 2747 1136 2809; x_wconf 76' lang='lat' dir='ltr'>tenet</span> 
     </span>
     <span class='ocr_line' id='line_1_20' title="bbox 97 2842 1134 2921; baseline 0.007 -19"><span class='ocrx_word' id='word_1_154' title='bbox 97 2847 154 2904; x_wconf 80' lang='lat' dir='ltr'>ieri</span> <span class='ocrx_word' id='word_1_155' title='bbox 172 2854 294 2921; x_wconf 85' lang='lat' dir='ltr'>quantun</span> <span class='ocrx_word' id='word_1_156' title='bbox 315 2846 348 2903; x_wconf 87' lang='lat' dir='ltr'>ed</span> <span class='ocrx_word' id='word_1_157' title='bbox 368 2850 459 2904; x_wconf 82' lang='lat' dir='ltr'>einum.</span> <span class='ocrx_word' id='word_1_158' title='bbox 492 2844 555 2918; x_wconf 84' lang='lat' dir='ltr'>ipen</span> <span class='ocrx_word' id='word_1_159' title='bbox 580 2847 648 2902; x_wconf 87' lang='lat' dir='ltr'>enirn</span> <span class='ocrx_word' id='word_1_160' title='bbox 671 2842 789 2900; x_wconf 86' lang='lat' dir='ltr'>crociiixi</span> <span class='ocrx_word' id='word_1_161' title='bbox 814 2845 902 2919; x_wconf 73' lang='lat' dir='ltr'>imago</span> <span class='ocrx_word' id='word_1_162' title='bbox 926 2851 954 2902; x_wconf 89' lang='lat' dir='ltr'>et</span> <span class='ocrx_word' id='word_1_163' title='bbox 974 2848 1044 2907; x_wconf 87' lang='lat' dir='ltr'>aiiae</span> <span class='ocrx_word' id='word_1_164' title='bbox 1067 2853 1134 2909; x_wconf 83' lang='lat' dir='ltr'>ima·</span> 
     </span>
     <span class='ocr_line' id='line_1_21' title="bbox 97 2945 1133 3024; baseline 0.006 -22"><span class='ocrx_word' id='word_1_165' title='bbox 97 2951 174 3024; x_wconf 77' lang='lat' dir='ltr'>ginee</span> <span class='ocrx_word' id='word_1_166' title='bbox 198 2950 224 3002; x_wconf 91' lang='lat' dir='ltr'>in</span> <span class='ocrx_word' id='word_1_167' title='bbox 243 2947 357 3003; x_wconf 86' lang='lat' dir='ltr'>encieeia</span> <span class='ocrx_word' id='word_1_168' title='bbox 375 2945 438 3004; x_wconf 82' lang='lat' dir='ltr'>iuni</span> <span class='ocrx_word' id='word_1_169' title='bbox 455 2953 565 3019; x_wconf 89' lang='lat' dir='ltr'>propter</span> <span class='ocrx_word' id='word_1_170' title='bbox 582 2947 824 3002; x_wconf 77' lang='lat' dir='ltr'>rememorationem</span> <span class='ocrx_word' id='word_1_171' title='bbox 849 2947 1028 3017; x_wconf 80' lang='lat' dir='ltr'>excitandam,</span> <span class='ocrx_word' id='word_1_172' title='bbox 1050 2951 1133 3009; x_wconf 85' lang='lat' dir='ltr'>deeo-</span> 
     </span>
    </p>

    <p class='ocr_par' dir='ltr' id='par_1_5' title="bbox 72 3035 1214 4526">
     <span class='ocr_line' id='line_1_22' title="bbox 72 3035 1134 3120; baseline 0.008 -18"><span class='ocrx_word' id='word_1_173' title='bbox 72 3087 82 3102; x_wconf 81' lang='lat'>.-</span> <span class='ocrx_word' id='word_1_174' title='bbox 96 3053 193 3107; x_wconf 85' lang='lat' dir='ltr'>tionem</span> <span class='ocrx_word' id='word_1_175' title='bbox 212 3035 238 3106; x_wconf 91' lang='lat' dir='ltr'>oi</span> <span class='ocrx_word' id='word_1_176' title='bbox 256 3050 465 3115; x_wconf 71' lang='lat' dir='ltr'>instructionem</span> <span class='ocrx_word' id='word_1_177' title='bbox 479 3049 542 3120; x_wconf 82' lang='lat' dir='ltr'>quia</span> <span class='ocrx_word' id='word_1_178' title='bbox 559 3054 627 3104; x_wconf 87' lang='lat' dir='ltr'>eunt·</span> <span class='ocrx_word' id='word_1_179' title='bbox 638 3047 713 3120; x_wconf 84' lang='lat' dir='ltr'>qnaai</span> <span class='ocrx_word' id='word_1_180' title='bbox 729 3045 790 3101; x_wconf 85' lang='lat' dir='ltr'>iibri</span> <span class='ocrx_word' id='word_1_181' title='bbox 808 3046 951 3118; x_wconf 75' lang='lat' dir='ltr'>iapoornm.</span> <span class='ocrx_word' id='word_1_182' title='bbox 985 3048 1134 3111; x_wconf 85' lang='lat' dir='ltr'>Secundum</span> 
     </span>
     <span class='ocr_line' id='line_1_23' title="bbox 95 3146 1133 3221; baseline 0.005 -15"><span class='ocrx_word' id='word_1_183' title='bbox 95 3153 123 3208; x_wconf 91' lang='lat' dir='ltr'>in</span> <span class='ocrx_word' id='word_1_184' title='bbox 145 3150 244 3216; x_wconf 79' lang='lat' dir='ltr'>verbo.</span> <span class='ocrx_word' id='word_1_185' title='bbox 270 3148 373 3206; x_wconf 87' lang='lat' dir='ltr'>eciiicet</span> <span class='ocrx_word' id='word_1_186' title='bbox 395 3150 487 3220; x_wconf 88' lang='lat' dir='ltr'>paeeio</span> <span class='ocrx_word' id='word_1_187' title='bbox 506 3147 610 3204; x_wconf 80' lang='lat' dir='ltr'>&#39;Cirrieti</span> <span class='ocrx_word' id='word_1_188' title='bbox 633 3147 802 3221; x_wconf 83' lang='lat' dir='ltr'>praedicata,</span> <span class='ocrx_word' id='word_1_189' title='bbox 834 3154 861 3204; x_wconf 93' lang='lat' dir='ltr'>et</span> <span class='ocrx_word' id='word_1_190' title='bbox 891 3146 943 3206; x_wconf 90' lang='lat' dir='ltr'>itoe</span> <span class='ocrx_word' id='word_1_191' title='bbox 973 3149 1055 3209; x_wconf 76' lang='lat' dir='ltr'>tradet</span> <span class='ocrx_word' id='word_1_192' title='bbox 1076 3153 1133 3211; x_wconf 84' lang='lat' dir='ltr'>ieri</span> 
     </span>
     <span class='ocr_line' id='line_1_24' title="bbox 95 3247 1133 3326; baseline 0.004 -18"><span class='ocrx_word' id='word_1_193' title='bbox 95 3258 218 3326; x_wconf 83' lang='lat' dir='ltr'>qnantum</span> <span class='ocrx_word' id='word_1_194' title='bbox 233 3249 267 3307; x_wconf 87' lang='lat' dir='ltr'>ad</span> <span class='ocrx_word' id='word_1_195' title='bbox 281 3247 405 3306; x_wconf 87' lang='lat' dir='ltr'>auditam.</span> <span class='ocrx_word' id='word_1_196' title='bbox 442 3248 561 3306; x_wconf 80' lang='lat' dir='ltr'>Tertiam</span> <span class='ocrx_word' id='word_1_197' title='bbox 575 3250 601 3303; x_wconf 90' lang='lat' dir='ltr'>in</span> <span class='ocrx_word' id='word_1_198' title='bbox 613 3255 789 3317; x_wconf 73' lang='lat' dir='ltr'>sacramento,</span> <span class='ocrx_word' id='word_1_199' title='bbox 807 3249 910 3307; x_wconf 88' lang='lat' dir='ltr'>aciiieet</span> <span class='ocrx_word' id='word_1_200' title='bbox 927 3254 1019 3324; x_wconf 85' lang='lat' dir='ltr'>paeato</span> <span class='ocrx_word' id='word_1_201' title='bbox 1037 3255 1062 3309; x_wconf 91' lang='lat' dir='ltr'>io</span> <span class='ocrx_word' id='word_1_202' title='bbox 1081 3253 1133 3312; x_wconf 84' lang='lat' dir='ltr'>iton</span> 
     </span>
     <span class='ocr_line' id='line_1_25' title="bbox 95 3352 1132 3428; baseline 0.004 -20"><span class='ocrx_word' id='word_1_203' title='bbox 95 3359 261 3408; x_wconf 83' lang='lat' dir='ltr'>recremento</span> <span class='ocrx_word' id='word_1_204' title='bbox 287 3352 669 3424; x_wconf 58' lang='lat' dir='ltr'>montemmaranum,</span> <span class='ocrx_word' id='word_1_205' title='bbox 700 3352 727 3404; x_wconf 91' lang='lat' dir='ltr'>in</span> <span class='ocrx_word' id='word_1_206' title='bbox 761 3365 813 3421; x_wconf 84' lang='lat' dir='ltr'>quo</span> <span class='ocrx_word' id='word_1_207' title='bbox 843 3364 940 3423; x_wconf 79' lang='lat' dir='ltr'>corpur</span> <span class='ocrx_word' id='word_1_208' title='bbox 969 3359 997 3408; x_wconf 89' lang='lat' dir='ltr'>et</span> <span class='ocrx_word' id='word_1_209' title='bbox 1022 3361 1132 3428; x_wconf 75' lang='lat' dir='ltr'>nangeio</span> 
     </span>
     <span class='ocr_line' id='line_1_26' title="bbox 95 3447 1133 3513; baseline 0.004 -3"><span class='ocrx_word' id='word_1_210' title='bbox 95 3451 194 3510; x_wconf 74' lang='lat' dir='ltr'>diritati</span> <span class='ocrx_word' id='word_1_211' title='bbox 216 3453 345 3508; x_wconf 84' lang='lat' dir='ltr'>remetior</span> <span class='ocrx_word' id='word_1_212' title='bbox 361 3453 509 3508; x_wconf 77' lang='lat' dir='ltr'>continetur</span> <span class='ocrx_word' id='word_1_213' title='bbox 528 3458 556 3506; x_wconf 92' lang='lat' dir='ltr'>et</span> <span class='ocrx_word' id='word_1_214' title='bbox 571 3449 649 3505; x_wconf 87' lang='lat' dir='ltr'>nobie</span> <span class='ocrx_word' id='word_1_215' title='bbox 662 3449 772 3504; x_wconf 86' lang='lat' dir='ltr'>oiiertnr</span> <span class='ocrx_word' id='word_1_216' title='bbox 784 3454 811 3504; x_wconf 91' lang='lat' dir='ltr'>et</span> <span class='ocrx_word' id='word_1_217' title='bbox 823 3447 874 3504; x_wconf 85' lang='lat' dir='ltr'>hoc</span> <span class='ocrx_word' id='word_1_218' title='bbox 886 3451 1037 3510; x_wconf 88' lang='lat' dir='ltr'>memorieie</span> <span class='ocrx_word' id='word_1_219' title='bbox 1052 3452 1133 3513; x_wconf 83' lang='lat' dir='ltr'>habet</span> 
     </span>
     <span class='ocr_line' id='line_1_27' title="bbox 95 3548 1133 3626; baseline 0.006 -20"><span class='ocrx_word' id='word_1_220' title='bbox 95 3550 153 3609; x_wconf 82' lang='lat' dir='ltr'>ieri</span> <span class='ocrx_word' id='word_1_221' title='bbox 181 3556 304 3624; x_wconf 82' lang='lat' dir='ltr'>quantum</span> <span class='ocrx_word' id='word_1_222' title='bbox 331 3551 365 3606; x_wconf 89' lang='lat' dir='ltr'>ad</span> <span class='ocrx_word' id='word_1_223' title='bbox 396 3557 511 3626; x_wconf 78' lang='lat' dir='ltr'>gratnm.¹</span> <span class='ocrx_word' id='word_1_224' title='bbox 558 3548 586 3605; x_wconf 87' lang='lat' dir='ltr'>Si</span> <span class='ocrx_word' id='word_1_225' title='bbox 615 3564 680 3622; x_wconf 79' lang='lat' dir='ltr'>ergo</span> <span class='ocrx_word' id='word_1_226' title='bbox 716 3548 836 3604; x_wconf 85' lang='lat' dir='ltr'>nitentum</span> <span class='ocrx_word' id='word_1_227' title='bbox 867 3557 983 3607; x_wconf 85' lang='lat' dir='ltr'>noetrom</span> <span class='ocrx_word' id='word_1_228' title='bbox 1013 3555 1133 3612; x_wconf 80' lang='lat' dir='ltr'>accendit</span> 
     </span>
     <span class='ocr_line' id='line_1_28' title="bbox 95 3648 1130 3726; baseline 0.004 -18"><span class='ocrx_word' id='word_1_229' title='bbox 95 3652 187 3724; x_wconf 82' lang='lat' dir='ltr'>passio</span> <span class='ocrx_word' id='word_1_230' title='bbox 206 3649 304 3707; x_wconf 81' lang='lat' dir='ltr'>ctrteet</span> <span class='ocrx_word' id='word_1_231' title='bbox 328 3649 464 3723; x_wconf 79' lang='lat' dir='ltr'>descripta</span> <span class='ocrx_word' id='word_1_232' title='bbox 487 3655 514 3707; x_wconf 86' lang='lat' dir='ltr'>et</span> <span class='ocrx_word' id='word_1_233' title='bbox 539 3649 651 3720; x_wconf 80' lang='lat' dir='ltr'>amplior</span> <span class='ocrx_word' id='word_1_234' title='bbox 673 3648 840 3721; x_wconf 87' lang='lat' dir='ltr'>praedicata,</span> <span class='ocrx_word' id='word_1_235' title='bbox 864 3649 944 3707; x_wconf 88' lang='lat' dir='ltr'>mnito</span> <span class='ocrx_word' id='word_1_236' title='bbox 969 3651 1065 3726; x_wconf 74' lang='lat' dir='ltr'>fortine</span> <span class='ocrx_word' id='word_1_237' title='bbox 1089 3659 1130 3712; x_wconf 85' lang='lat' dir='ltr'>in-</span> 
     </span>
     <span class='ocr_line' id='line_1_29' title="bbox 94 3749 1131 3822; baseline 0.008 -16"><span class='ocrx_word' id='word_1_238' title='bbox 94 3751 227 3808; x_wconf 78' lang='lat' dir='ltr'>taminare</span> <span class='ocrx_word' id='word_1_239' title='bbox 245 3750 325 3809; x_wconf 81' lang='lat' dir='ltr'>deinet</span> <span class='ocrx_word' id='word_1_240' title='bbox 342 3753 368 3806; x_wconf 92' lang='lat' dir='ltr'>in</span> <span class='ocrx_word' id='word_1_241' title='bbox 380 3749 430 3806; x_wconf 84' lang='lat' dir='ltr'>iroe</span> <span class='ocrx_word' id='word_1_242' title='bbox 442 3755 606 3806; x_wconf 80' lang='lat' dir='ltr'>sacramento</span> <span class='ocrx_word' id='word_1_243' title='bbox 618 3755 670 3804; x_wconf 85' lang='lat' dir='ltr'>tom</span> <span class='ocrx_word' id='word_1_244' title='bbox 686 3749 824 3822; x_wconf 72' lang='lat' dir='ltr'>signanter</span> <span class='ocrx_word' id='word_1_245' title='bbox 837 3767 973 3822; x_wconf 80' lang='lat' dir='ltr'>exprome.</span> <span class='ocrx_word' id='word_1_246' title='bbox 1008 3755 1131 3814; x_wconf 87' lang='lat' dir='ltr'>Secundo</span> 
     </span>
     <span class='ocr_line' id='line_1_30' title="bbox 93 3847 1129 3918; baseline 0.004 -10"><span class='ocrx_word' id='word_1_247' title='bbox 93 3851 129 3910; x_wconf 86' lang='lat' dir='ltr'>ed</span> <span class='ocrx_word' id='word_1_248' title='bbox 153 3868 246 3908; x_wconf 89' lang='lat' dir='ltr'>nomen</span> <span class='ocrx_word' id='word_1_249' title='bbox 270 3851 368 3908; x_wconf 83' lang='lat' dir='ltr'>domini</span> <span class='ocrx_word' id='word_1_250' title='bbox 392 3849 579 3918; x_wconf 80' lang='lat' dir='ltr'>innocentium,</span> <span class='ocrx_word' id='word_1_251' title='bbox 609 3847 706 3906; x_wconf 81' lang='lat' dir='ltr'>Genea.</span> <span class='ocrx_word' id='word_1_252' title='bbox 730 3848 793 3906; x_wconf 86' lang='lat' dir='ltr'>xit:</span> <span class='ocrx_word' id='word_1_253' title='bbox 824 3851 975 3908; x_wconf 86' lang='lat' dir='ltr'>aediicatit</span> <span class='ocrx_word' id='word_1_254' title='bbox 995 3853 1129 3914; x_wconf 77' lang='lat' dir='ltr'>Abraham</span> 
     </span>
     <span class='ocr_line' id='line_1_31' title="bbox 93 3951 1119 4024; baseline 0.005 -16"><span class='ocrx_word' id='word_1_255' title='bbox 93 3952 178 4020; x_wconf 76' lang='lat' dir='ltr'>nitere</span> <span class='ocrx_word' id='word_1_256' title='bbox 205 3951 325 4020; x_wconf 80' lang='lat' dir='ltr'>domino,</span> <span class='ocrx_word' id='word_1_257' title='bbox 349 3952 395 4024; x_wconf 81' lang='lat' dir='ltr'>qni</span> <span class='ocrx_word' id='word_1_258' title='bbox 413 3952 631 4023; x_wconf 66' lang='lat' dir='ltr'>apparuerant,</span> <span class='ocrx_word' id='word_1_259' title='bbox 653 3956 681 4007; x_wconf 91' lang='lat' dir='ltr'>et</span> <span class='ocrx_word' id='word_1_260' title='bbox 699 3951 832 4006; x_wconf 82' lang='lat' dir='ltr'>inuocauit</span> <span class='ocrx_word' id='word_1_261' title='bbox 852 3951 887 4007; x_wconf 83' lang='lat' dir='ltr'>tet</span> <span class='ocrx_word' id='word_1_262' title='bbox 910 3969 1003 4010; x_wconf 85' lang='lat' dir='ltr'>nomen</span> <span class='ocrx_word' id='word_1_263' title='bbox 1021 3954 1119 4014; x_wconf 88' lang='lat' dir='ltr'>donini</span> 
     </span>
     <span class='ocr_line' id='line_1_32' title="bbox 93 4049 1130 4123; baseline 0.005 -15"><span class='ocrx_word' id='word_1_264' title='bbox 93 4051 165 4108; x_wconf 89' lang='lat' dir='ltr'>iiaec</span> <span class='ocrx_word' id='word_1_265' title='bbox 180 4058 265 4110; x_wconf 84' lang='lat' dir='ltr'>auten</span> <span class='ocrx_word' id='word_1_266' title='bbox 280 4053 411 4108; x_wconf 76' lang='lat' dir='ltr'>invocatio</span> <span class='ocrx_word' id='word_1_267' title='bbox 425 4049 567 4108; x_wconf 81' lang='lat' dir='ltr'>oeconton</span> <span class='ocrx_word' id='word_1_268' title='bbox 581 4051 728 4123; x_wconf 83' lang='lat' dir='ltr'>apoetoinm</span> <span class='ocrx_word' id='word_1_269' title='bbox 743 4051 867 4123; x_wconf 82' lang='lat' dir='ltr'>primani</span> <span class='ocrx_word' id='word_1_270' title='bbox 881 4050 987 4108; x_wconf 82' lang='lat' dir='ltr'>Timoti</span> <span class='ocrx_word' id='word_1_271' title='bbox 1004 4051 1034 4110; x_wconf 91' lang='lat' dir='ltr'>ii.</span> <span class='ocrx_word' id='word_1_272' title='bbox 1048 4053 1130 4114; x_wconf 76' lang='lat' dir='ltr'>iatri</span> 
     </span>
     <span class='ocr_line' id='line_1_33' title="bbox 92 4149 1129 4225; baseline 0.005 -18"><span class='ocrx_word' id='word_1_273' title='bbox 92 4151 150 4209; x_wconf 82' lang='lat' dir='ltr'>ieri</span> <span class='ocrx_word' id='word_1_274' title='bbox 168 4157 213 4208; x_wconf 88' lang='lat' dir='ltr'>eoi</span> <span class='ocrx_word' id='word_1_275' title='bbox 230 4168 279 4224; x_wconf 89' lang='lat' dir='ltr'>per</span> <span class='ocrx_word' id='word_1_276' title='bbox 295 4152 508 4218; x_wconf 82' lang='lat' dir='ltr'>oimecratiooee‚</span> <span class='ocrx_word' id='word_1_277' title='bbox 533 4165 601 4223; x_wconf 84' lang='lat' dir='ltr'>qnae</span> <span class='ocrx_word' id='word_1_278' title='bbox 626 4149 690 4207; x_wconf 78' lang='lat' dir='ltr'>dont</span> <span class='ocrx_word' id='word_1_279' title='bbox 713 4165 770 4210; x_wconf 90' lang='lat' dir='ltr'>cum</span> <span class='ocrx_word' id='word_1_280' title='bbox 795 4151 963 4224; x_wconf 83' lang='lat' dir='ltr'>adjuratione</span> <span class='ocrx_word' id='word_1_281' title='bbox 985 4169 1034 4225; x_wconf 86' lang='lat' dir='ltr'>pro</span> <span class='ocrx_word' id='word_1_282' title='bbox 1052 4155 1129 4212; x_wconf 86' lang='lat' dir='ltr'>maiia</span> 
     </span>
     <span class='ocr_line' id='line_1_34' title="bbox 93 4249 1214 4335; baseline 0.003 -26"><span class='ocrx_word' id='word_1_283' title='bbox 93 4251 274 4320; x_wconf 78' lang='lat' dir='ltr'>removendie,</span> <span class='ocrx_word' id='word_1_284' title='bbox 297 4259 342 4308; x_wconf 90' lang='lat' dir='ltr'>eoi</span> <span class='ocrx_word' id='word_1_285' title='bbox 361 4267 409 4323; x_wconf 89' lang='lat' dir='ltr'>per</span> <span class='ocrx_word' id='word_1_286' title='bbox 427 4249 637 4324; x_wconf 82' lang='lat' dir='ltr'>poetoiationea,</span> <span class='ocrx_word' id='word_1_287' title='bbox 663 4265 731 4323; x_wconf 84' lang='lat' dir='ltr'>quae</span> <span class='ocrx_word' id='word_1_288' title='bbox 749 4249 813 4307; x_wconf 84' lang='lat' dir='ltr'>tunt</span> <span class='ocrx_word' id='word_1_289' title='bbox 831 4268 879 4322; x_wconf 88' lang='lat' dir='ltr'>pro</span> <span class='ocrx_word' id='word_1_290' title='bbox 898 4251 975 4308; x_wconf 81' lang='lat' dir='ltr'>ironia</span> <span class='ocrx_word' id='word_1_291' title='bbox 992 4255 1127 4312; x_wconf 85' lang='lat' dir='ltr'>cummian-</span> <span class='ocrx_word' id='word_1_292' title='bbox 1212 4331 1214 4335; x_wconf 18' lang='grc' dir='ltr'>Ι</span> 
     </span>
     <span class='ocr_line' id='line_1_35' title="bbox 91 4349 1127 4424; baseline 0.002 -16"><span class='ocrx_word' id='word_1_293' title='bbox 91 4352 150 4420; x_wconf 87' lang='lat' dir='ltr'>die,</span> <span class='ocrx_word' id='word_1_294' title='bbox 168 4359 214 4408; x_wconf 90' lang='lat' dir='ltr'>aut</span> <span class='ocrx_word' id='word_1_295' title='bbox 231 4368 278 4424; x_wconf 86' lang='lat' dir='ltr'>per</span> <span class='ocrx_word' id='word_1_296' title='bbox 294 4351 438 4424; x_wconf 77' lang='lat' dir='ltr'>gratiarum</span> <span class='ocrx_word' id='word_1_297' title='bbox 457 4353 593 4420; x_wconf 68' lang='lat' dir='ltr'>actiones,</span> <span class='ocrx_word' id='word_1_298' title='bbox 619 4366 686 4424; x_wconf 84' lang='lat' dir='ltr'>qnae</span> <span class='ocrx_word' id='word_1_299' title='bbox 705 4349 767 4408; x_wconf 83' lang='lat' dir='ltr'>tone</span> <span class='ocrx_word' id='word_1_300' title='bbox 786 4367 833 4423; x_wconf 86' lang='lat' dir='ltr'>pro</span> <span class='ocrx_word' id='word_1_301' title='bbox 852 4350 929 4408; x_wconf 78' lang='lat' dir='ltr'>bonis</span> <span class='ocrx_word' id='word_1_302' title='bbox 945 4352 1044 4410; x_wconf 81' lang='lat' dir='ltr'>habitio</span> <span class='ocrx_word' id='word_1_303' title='bbox 1062 4371 1127 4412; x_wconf 86' lang='lat' dir='ltr'>con-</span> 
     </span>
     <span class='ocr_line' id='line_1_36' title="bbox 89 4449 1127 4526; baseline 0.005 -19"><span class='ocrx_word' id='word_1_304' title='bbox 89 4451 237 4512; x_wconf 77' lang='lat' dir='ltr'>uerrendie.</span> <span class='ocrx_word' id='word_1_305' title='bbox 270 4449 405 4509; x_wconf 79' lang='lat' dir='ltr'>invocatio</span> <span class='ocrx_word' id='word_1_306' title='bbox 424 4457 528 4520; x_wconf 86' lang='lat' dir='ltr'>tutem,</span> <span class='ocrx_word' id='word_1_307' title='bbox 551 4467 621 4524; x_wconf 84' lang='lat' dir='ltr'>qnae</span> <span class='ocrx_word' id='word_1_308' title='bbox 638 4449 666 4507; x_wconf 81' lang='lat' dir='ltr'>it</span> <span class='ocrx_word' id='word_1_309' title='bbox 683 4468 764 4525; x_wconf 81' lang='lat' dir='ltr'>anper</span> <span class='ocrx_word' id='word_1_310' title='bbox 781 4453 880 4522; x_wconf 80' lang='lat' dir='ltr'>nitere,</span> <span class='ocrx_word' id='word_1_311' title='bbox 904 4455 1011 4526; x_wconf 88' lang='lat' dir='ltr'>proprie</span> <span class='ocrx_word' id='word_1_312' title='bbox 1030 4452 1127 4512; x_wconf 90' lang='lat' dir='ltr'>dicitur</span> 
     </span>
    </p>
   </div>
   <div class='ocr_carea' id='block_1_5' title="bbox 0 0 1438 5310">
    <p class='ocr_par' dir='ltr' id='par_1_6' title="bbox 0 0 1438 5310">
     <span class='ocr_line' id='line_1_37' title="bbox 0 0 1438 5310; baseline 0 1"><span class='ocrx_word' id='word_1_313' title='bbox 0 0 1438 5310; x_wconf 95' lang='lat' dir='ltr'> </span> 
     </span>
    </p>
   </div>
  </div>
 </body>
</html>
