2984 5316
384 530 447 592 idi)
611 531 683 612 Cap.
707 531 742 592 C.
783 531 829 590 Do
850 543 949 591 caneto
972 531 1191 612 christophoro.

385 697 411 748 in
427 690 521 764 rigillo
537 693 622 750 uacctl
638 690 730 748 iacobi
747 692 773 746 lo
790 690 902 764 quodam
915 699 1013 760 castro,
1031 691 1101 764 qood
1115 690 1334 757 diciturl’ratom,
1351 693 1424 747 iuter

328 863 330 866 Ι
384 791 541 848 Florentiam
559 799 586 848 et
602 790 741 846 l’ictcrloru
765 793 834 856 aito,
856 791 962 862 Jorenlc
985 791 1089 864 qnidam
1110 794 1209 847 rustica
1225 790 1338 863 quadam
1356 793 1423 845 sicr-

343 954 345 958 ,
384 892 501 963 plicitatc
521 889 646 962 deceptor
671 893 697 946 ln
721 897 828 963 uegotea
852 893 946 945 turonic
970 893 1011 945 roi
1028 893 1115 963 ignem
1133 893 1273 962 appouuit,
1295 907 1328 946 eo
1347 889 1421 962 qood

383 991 555 1049 hereditatem
573 1006 646 1046 coam
664 991 716 1046 eibi
735 1005 863 1062 usurpare
882 988 995 1046 volebat.
1031 989 1132 1047 Tantos
1150 989 1421 1065 lgitorctcoolcscou

368 1091 417 1147 'ad
434 1090 542 1147 caudam
558 1091 619 1162 equi
636 1089 778 1146 trahendae
796 1089 917 1145 incendio
945 1079 1113 1162 adjudicatos
1136 1096 1190 1146 cet:
1213 1092 1257 1162 qul
1282 1095 1419 1160 peccatum

383 1190 508 1247 comitano
526 1194 554 1245 et
569 1195 661 1244 cuncto
677 1187 778 1245 iacebo
795 1205 826 1245 ac
843 1189 977 1244 doroteae
995 1203 1051 1244 eom
1070 1205 1150 1261 cuper
1170 1197 1266 1245 terram
1284 1195 1419 1261 petrocum

383 1293 409 1345 lo
427 1289 486 1346 coia
509 1289 618 1344 camisia
634 1294 732 1343 tractor
750 1288 862 1356 luleeet,
889 1303 936 1344 nec
960 1289 986 1343 lu
1009 1303 1121 1361 corpore
1138 1303 1186 1344 nec
1205 1291 1313 1344 canina
1332 1291 1419 1345 centii

384 1391 496 1461 aliquam
520 1388 672 1442 laesionem.
707 1386 825 1444 Tandem
851 1387 885 1442 ad
909 1388 996 1460 palum
1019 1387 1132 1460 ligator,
1156 1387 1231 1460 ligna
1248 1389 1421 1460 ondecunque

383 1495 569 1561 rongentonn,
587 1488 649 1560 igno
666 1488 804 1558 supposito
823 1486 897 1559 ligna
914 1493 941 1543 et
958 1486 1062 1543 vincula
1078 1486 1272 1556 comburuntor,
1290 1487 1339 1544 ced
1359 1489 1429 1559 lpec·

384 1604 487 1657 semper
500 1584 613 1641 beatum
639 1584 764 1641 iacobum
790 1588 926 1642 invocante
952 1602 1001 1642 occ
1025 1589 1050 1640 ln
1069 1589 1178 1641 camima
1196 1569 1245 1643 neo
1261 1589 1288 1642 io
1306 1602 1421 1658 corporo

191 1757 195 1764 η
296 1671 298 1675 ’
384 1687 474 1760 aliqua
491 1688 574 1742 laceio
594 1685 730 1756 reperitur.
767 1667 847 1748 Quem
866 1684 924 1739 dum
943 1687 968 1740 iu
985 1687 1070 1758 ignem
1089 1684 1187 1740 nullent
1196 1687 1292 1740 iterato
1306 1689 1421 1752 mittere,

384 1804 401 1844 a
420 1785 517 1860 popolo
534 1787 646 1856 eripitur
662 1792 689 1840 et
705 1785 775 1841 ileon
792 1787 819 1838 lo
838 1784 961 1856 apostolo
978 1785 1114 1858 magnifice
1133 1785 1305 1842 collaudatur.

801 1949 1004 1960 ——u-u—

757 2071 853 2184 tii.
877 2089 913 2184 t.
940 2088 1040 2189 (95.)

577 2243 652 2312 lie
680 2241 844 2311 ammoto
872 2238 1221 2326 cnrmmpnoro.

451 2387 656 2460 Gbrictoplroruc
678 2395 739 2444 acta
762 2387 917 2459 baptismum
940 2388 1078 2445 dicabatur
1093 2387 1245 2459 Reprobas,
1271 2385 1318 2443 tcd
1343 2394 1420 2460 poct-

385 2486 487 2544 modom
506 2485 710 2558 christophoros
729 2486 814 2542 dictur
832 2496 883 2555 est,
901 2489 977 2561 quani
994 2487 1124 2543 iibrictom
1143 2486 1239 2553 lerona,
1258 2503 1291 2543 co
1306 2485 1420 2552 aoliitet,

385 2586 456 2660 qood
475 2586 603 2642 Christum
621 2592 734 2659 quatuor
751 2587 836 2668 nodie
853 2589 985 2659 portavit,
1003 2587 1104 2642 scilicet
1122 2587 1147 2640 in
1168 2569 1282 2643 homerio
1299 2603 1349 2657 per
1364 2595 1421 2642 tra-

386 2687 549 2754 ductionem,
567 2688 593 2740 in
612 2701 723 2757 corpore
740 2701 789 2756 per
806 2689 1018 2754 macerationem,
1035 2689 1062 2741 in
1079 2693 1164 2742 meutc
1181 2702 1229 2758 por
1244 2686 1420 2754 devotionem,

385 2789 412 2841 in
430 2802 475 2842 ore
493 2801 541 2857 per
558 2785 749 2840 conlectionem
766 2789 824 2843 siro
842 2786 1072 2858 praedicationem.

451 2883 659 2956 christophoros
682 2891 762 2957 gente
781 2886 953 2954 cananaeus,
978 2887 1181 2957 procerissimae
1194 2888 1316 2958 'ctatmac
1332 2885 1420 2941 voitu-

386 3000 437 3057 qoo
457 2984 571 3040 terribili
596 2991 653 3040 erat
676 2991 702 3040 et
725 2984 774 3041 xii
796 2987 899 3041 cubitos
923 2989 949 3040 io
973 2985 1137 3058 longitudine
1159 2984 1323 3057 possidebat.
1359 2985 1421 3048 Qui,

386 3092 414 3140 ot
430 3086 456 3139 in
474 3083 628 3156 quibusdem
645 3087 731 3156 gentle
749 3087 805 3139 uois
822 3085 933 3157 legitor,
956 3100 1013 3139 com
1037 3092 1120 3141 staret
1142 3101 1199 3140 cum
1223 3082 1336 3156 quodum
1355 3100 1420 3156 rege

386 3183 598 3248 Caumaecrom,
622 3185 694 3238 rcnit
711 3183 764 3238 albi
782 3187 807 3240 in
826 3191 922 3249 mcuic,
948 3187 1117 3256 rimatorem
1136 3187 1298 3256 principem,
1325 3184 1368 3254 qul
1393 3184 1420 3236 in

386 3281 480 3336 mundo
498 3289 584 3349 occet,
609 3289 748 3354 coerceret
770 3290 798 3340 et
813 3282 847 3338 ad
871 3283 979 3338 condem
1000 3299 1087 3339 socom
1105 3292 1252 3340 moratores
1271 3281 1421 3338 accederet.

386 3381 464 3437 Venit
481 3383 562 3454 igitur
579 3382 612 3438 ad
630 3381 758 3455 quendam
777 3383 912 3437 maximum
931 3399 1034 3455 regom,
1060 3383 1092 3439 dc
1116 3399 1167 3455 quo
1191 3383 1325 3455 generalia
1352 3381 1421 3436 lama

386 3478 547 3544 habebatur,
572 3475 645 3552 quod
659 3487 783 3554 majorem
808 3469 917 3537 maudut
942 3485 1083 3554 principem
1107 3499 1157 3537 non
1181 3467 1301 3538 baberet.
1337 3481 1418 3544 iioem

387 3595 433 3635 rex
461 3579 551 3635 videno
577 3579 688 3636 libenter
712 3583 811 3652 recepit
836 3587 863 3636 et
882 3583 909 3636 lo
928 3597 977 3636 coa
993 3585 1066 3637 coria
1082 3597 1187 3638 manere
1205 3581 1284 3646 lecit,
1307 3578 1420 3652 quodam

386 3685 472 3735 comm
491 3677 534 3734 die
550 3679 686 3750 Joooiator
702 3677 808 3751 qnidam
826 3683 972 3735 cantionem
990 3695 1076 3735 coram
1096 3697 1160 3753 rego
1173 3680 1307 3744 canabat,
1326 3681 1352 3733 lu
1368 3693 1420 3750 quc

386 3778 538 3849 trequenter
548 3777 685 3849 dyabolum
698 3777 856 3834 nominabat.
891 3776 946 3835 Rex
960 3785 1044 3834 autem
1056 3795 1113 3834 curn
1127 3777 1202 3835 idem
1220 3769 1326 3834 Cuneo
1336 3777 1419 3833 babo-

386 3883 443 3944 rct,
466 3892 650 3948 quemcumque
674 3876 813 3947 dyabolum
836 3879 964 3934 nominari
982 3877 1121 3944 audiebat,
1144 3880 1264 3949 protinus
1282 3881 1308 3932 in
1326 3876 1420 3932 lactem

385 3991 459 4032 toccu
487 3961 572 4031 crocia
595 3975 756 4049 signaculum
772 3974 963 4047 imprimebat,
992 3977 1062 4050 quod
1090 3977 1183 4033 uidene
1213 3975 1420 4049 Gbrictopiucroe

385 4075 521 4148 plurimum
548 4073 743 4143 admirabatur,
768 4091 814 4131 cor
837 4075 888 4132 lroc
911 4091 958 4131 rex
976 4082 1069 4148 ageret
1087 4082 1114 4131 et
1130 4075 1252 4149 quidnam
1269 4074 1421 4146 hujusmodi

384 4175 487 4246 riguum
512 4175 565 4229 cibi
589 4174 676 4230 cellct.
713 4173 775 4230 Gom
801 4183 887 4231 antem
910 4174 942 4231 dc
966 4173 1016 4229 buc
1040 4190 1068 4230 re
1094 4191 1182 4247 regem
1199 4177 1376 4247 interrogaret
1393 4179 1422 4228 et

383 4273 430 4329 liic
449 4273 499 4328 boc
517 4273 568 4328 sibl
586 4273 756 4330 maollcetare
774 4274 872 4339 nollet,
902 4273 1040 4344 respondit
1058 4273 1274 4345 christophorus:
1299 4275 1349 4327 nisi
1368 4271 1422 4326 boc

385 4371 448 4429 mibi
468 4372 582 4439 diceris,
607 4380 692 4427 tecum
709 4371 819 4428 ultoriae
837 4388 889 4427 oon
906 4370 1025 4427 manebo.
1061 4371 1227 4446 Quapropter
1245 4377 1351 4428 coactor
1373 4385 1422 4426 ren

387 4470 514 4528 dictitet:
537 4485 722 4544 quemcumque
747 4469 884 4542 dyabolum
907 4473 1037 4528 nominari
1066 4473 1161 4537 audio,
1193 4471 1244 4527 boc
1272 4471 1350 4545 cigno
1381 4486 1422 4526 nc
