<?xml version="1.0" encoding="UTF-8"?>
<!DOCTYPE html PUBLIC "-//W3C//DTD XHTML 1.0 Transitional//EN"
    "http://www.w3.org/TR/xhtml1/DTD/xhtml1-transitional.dtd">
<html xmlns="http://www.w3.org/1999/xhtml" xml:lang="en" lang="en">
 <head>
  <title>
</title>
<meta http-equiv="Content-Type" content="text/html;charset=utf-8" />
  <meta name='ocr-system' content='tesseract 3.04.00' />
  <meta name='ocr-capabilities' content='ocr_page ocr_carea ocr_par ocr_line ocrx_word'/>
</head>
<body>
  <div class='ocr_page' id='page_1' title='image "./jacobiavoragine00jacogoog_0113.png"; bbox 0 0 2828 5302; ppageno 0'>
   <div class='ocr_carea' id='block_1_1' title="bbox 299 425 1141 537">
    <p class='ocr_par' dir='ltr' id='par_1_1' title="bbox 299 425 1141 537">
     <span class='ocr_line' id='line_1_1' title="bbox 299 425 1141 537; baseline -0.004 -18"><span class='ocrx_word' id='word_1_1' title='bbox 299 457 340 519; x_wconf 79' lang='lat' dir='ltr'>itt</span> <span class='ocrx_word' id='word_1_2' title='bbox 502 457 572 537; x_wconf 83' lang='lat' dir='ltr'>Cap.</span> <span class='ocrx_word' id='word_1_3' title='bbox 596 457 657 516; x_wconf 86' lang='lat' dir='ltr'>XV.</span> <span class='ocrx_word' id='word_1_4' title='bbox 708 459 752 516; x_wconf 84' lang='lat' dir='ltr'>lle</span> <span class='ocrx_word' id='word_1_5' title='bbox 776 469 875 518; x_wconf 73' lang='lat' dir='ltr'>teneto</span> <span class='ocrx_word' id='word_1_6' title='bbox 899 425 991 518; x_wconf 76' lang='lat' dir='ltr'>Paulo</span> <span class='ocrx_word' id='word_1_7' title='bbox 1014 461 1141 520; x_wconf 84' lang='lat' dir='ltr'>eremite.</span> 
     </span>
    </p>
   </div>
   <div class='ocr_carea' id='block_1_2' title="bbox 297 616 1340 1384">
    <p class='ocr_par' dir='ltr' id='par_1_2' title="bbox 297 616 1340 1384">
     <span class='ocr_line' id='line_1_2' title="bbox 298 616 1337 690; baseline -0.004 -16"><span class='ocrx_word' id='word_1_8' title='bbox 298 618 430 675; x_wconf 80' lang='lat' dir='ltr'>redierunt</span> <span class='ocrx_word' id='word_1_9' title='bbox 448 625 476 674; x_wconf 88' lang='lat' dir='ltr'>et</span> <span class='ocrx_word' id='word_1_10' title='bbox 493 621 517 672; x_wconf 93' lang='lat' dir='ltr'>in</span> <span class='ocrx_word' id='word_1_11' title='bbox 537 617 641 675; x_wconf 84' lang='lat' dir='ltr'>Christo</span> <span class='ocrx_word' id='word_1_12' title='bbox 660 621 822 689; x_wconf 79' lang='lat' dir='ltr'>quieverunt.</span> <span class='ocrx_word' id='word_1_13' title='bbox 853 617 947 674; x_wconf 84' lang='lat' dir='ltr'>lloeuun</span> <span class='ocrx_word' id='word_1_14' title='bbox 965 631 1052 675; x_wconf 78' lang='lat' dir='ltr'>sutton</span> <span class='ocrx_word' id='word_1_15' title='bbox 1070 633 1181 690; x_wconf 83' lang='lat' dir='ltr'>oonponu</span> <span class='ocrx_word' id='word_1_16' title='bbox 1192 616 1337 674; x_wconf 74' lang='lat' dir='ltr'>Mediolani</span> 
     </span>
     <span class='ocr_line' id='line_1_3' title="bbox 299 716 1338 789; baseline -0.005 -15"><span class='ocrx_word' id='word_1_17' title='bbox 299 725 326 774; x_wconf 92' lang='lat' dir='ltr'>et</span> <span class='ocrx_word' id='word_1_18' title='bbox 343 721 370 773; x_wconf 94' lang='lat' dir='ltr'>in</span> <span class='ocrx_word' id='word_1_19' title='bbox 383 716 505 782; x_wconf 83' lang='lat' dir='ltr'>eoelesio,</span> <span class='ocrx_word' id='word_1_20' title='bbox 521 731 590 789; x_wconf 77' lang='lat' dir='ltr'>queo</span> <span class='ocrx_word' id='word_1_21' title='bbox 607 732 674 772; x_wconf 88' lang='lat' dir='ltr'>nuno</span> <span class='ocrx_word' id='word_1_22' title='bbox 692 723 734 775; x_wconf 82' lang='lat' dir='ltr'>est</span> <span class='ocrx_word' id='word_1_23' title='bbox 747 717 772 784; x_wconf 89' lang='lat'>¹)</span> <span class='ocrx_word' id='word_1_24' title='bbox 790 716 898 772; x_wconf 76' lang='lat' dir='ltr'><strong>fratrum</strong></span> <span class='ocrx_word' id='word_1_25' title='bbox 916 718 1136 789; x_wconf 75' lang='lat' dir='ltr'>praedicatorum,</span> <span class='ocrx_word' id='word_1_26' title='bbox 1156 716 1338 787; x_wconf 75' lang='lat' dir='ltr'>quioeeeltont.</span> 
     </span>
     <span class='ocr_line' id='line_1_4' title="bbox 297 808 1340 888; baseline -0.005 -15"><span class='ocrx_word' id='word_1_27' title='bbox 297 818 344 874; x_wconf 85' lang='lat' dir='ltr'>sed</span> <span class='ocrx_word' id='word_1_28' title='bbox 363 833 430 872; x_wconf 84' lang='lat' dir='ltr'>nune</span> <span class='ocrx_word' id='word_1_29' title='bbox 448 815 573 872; x_wconf 84' lang='lat' dir='ltr'>Coloniae</span> <span class='ocrx_word' id='word_1_30' title='bbox 600 819 774 887; x_wconf 83' lang='lat' dir='ltr'>requiescunt</span> <span class='ocrx_word' id='word_1_31' title='bbox 812 819 841 883; x_wconf 79' lang='lat'>²)</span> <span class='ocrx_word' id='word_1_32' title='bbox 866 817 931 872; x_wconf 83' lang='lat' dir='ltr'>Neon</span> <span class='ocrx_word' id='word_1_33' title='bbox 950 833 1039 872; x_wconf 80' lang='lat' dir='ltr'>euroin</span> <span class='ocrx_word' id='word_1_34' title='bbox 1057 831 1170 888; x_wconf 81' lang='lat' dir='ltr'>conpone</span> <span class='ocrx_word' id='word_1_35' title='bbox 1187 808 1272 886; x_wconf 74' lang='lat' dir='ltr'>pnidto</span> <span class='ocrx_word' id='word_1_36' title='bbox 1292 831 1340 885; x_wconf 80' lang='lat' dir='ltr'>per</span> 
     </span>
     <span class='ocr_line' id='line_1_5' title="bbox 299 914 1338 987; baseline -0.004 -15"><span class='ocrx_word' id='word_1_37' title='bbox 299 917 432 983; x_wconf 68' lang='lat' dir='ltr'>llelennou</span> <span class='ocrx_word' id='word_1_38' title='bbox 454 916 744 984; x_wconf 80' lang='lat' dir='ltr'>constentininnotnenn,</span> <span class='ocrx_word' id='word_1_39' title='bbox 763 925 840 987; x_wconf 77' lang='lat' dir='ltr'>nepte</span> <span class='ocrx_word' id='word_1_40' title='bbox 858 919 921 972; x_wconf 88' lang='lat' dir='ltr'>etin</span> <span class='ocrx_word' id='word_1_41' title='bbox 934 914 1186 985; x_wconf 76' lang='lat' dir='ltr'>Constantinopolin</span> <span class='ocrx_word' id='word_1_42' title='bbox 1198 915 1338 980; x_wconf 77' lang='lat' dir='ltr'>tnenslete,</span> 
     </span>
     <span class='ocr_line' id='line_1_6' title="bbox 299 1013 1340 1088; baseline -0.004 -17"><span class='ocrx_word' id='word_1_43' title='bbox 299 1021 393 1087; x_wconf 80' lang='lat' dir='ltr'>posteo</span> <span class='ocrx_word' id='word_1_44' title='bbox 413 1030 461 1088; x_wconf 81' lang='lat' dir='ltr'>per</span> <span class='ocrx_word' id='word_1_45' title='bbox 485 1021 601 1069; x_wconf 81' lang='lat' dir='ltr'>eanotunn</span> <span class='ocrx_word' id='word_1_46' title='bbox 626 1013 794 1087; x_wconf 80' lang='lat' dir='ltr'>Eustongiunn</span> <span class='ocrx_word' id='word_1_47' title='bbox 822 1020 971 1087; x_wconf 80' lang='lat' dir='ltr'>episcopum</span> <span class='ocrx_word' id='word_1_48' title='bbox 995 1013 1172 1072; x_wconf 76' lang='lat' dir='ltr'><strong>Mediolanum</strong></span> <span class='ocrx_word' id='word_1_49' title='bbox 1200 1014 1340 1080; x_wconf 69' lang='lat' dir='ltr'>translate,</span> 
     </span>
     <span class='ocr_line' id='line_1_7' title="bbox 298 1111 1340 1186; baseline -0.004 -16"><span class='ocrx_word' id='word_1_50' title='bbox 298 1114 346 1170; x_wconf 80' lang='lat' dir='ltr'>ned</span> <span class='ocrx_word' id='word_1_51' title='bbox 365 1130 413 1185; x_wconf 80' lang='lat' dir='ltr'>pen</span> <span class='ocrx_word' id='word_1_52' title='bbox 430 1113 566 1168; x_wconf 82' lang='lat' dir='ltr'>llonniounu</span> <span class='ocrx_word' id='word_1_53' title='bbox 585 1116 785 1185; x_wconf 76' lang='lat' dir='ltr'>imperatorem,</span> <span class='ocrx_word' id='word_1_54' title='bbox 810 1121 950 1186; x_wconf 79' lang='lat' dir='ltr'>postquam</span> <span class='ocrx_word' id='word_1_55' title='bbox 969 1113 1145 1172; x_wconf 79' lang='lat' dir='ltr'>Mediolanum</span> <span class='ocrx_word' id='word_1_56' title='bbox 1164 1111 1295 1184; x_wconf 79' lang='lat' dir='ltr'>possedit,</span> <span class='ocrx_word' id='word_1_57' title='bbox 1314 1114 1340 1165; x_wconf 90' lang='lat' dir='ltr'>in</span> 
     </span>
     <span class='ocr_line' id='line_1_8' title="bbox 299 1212 1339 1285; baseline -0.005 -15"><span class='ocrx_word' id='word_1_58' title='bbox 299 1213 433 1270; x_wconf 81' lang='lat' dir='ltr'>Coloniam</span> <span class='ocrx_word' id='word_1_59' title='bbox 452 1229 533 1284; x_wconf 81' lang='lat' dir='ltr'>super</span> <span class='ocrx_word' id='word_1_60' title='bbox 550 1212 665 1268; x_wconf 82' lang='lat' dir='ltr'>lihenunt</span> <span class='ocrx_word' id='word_1_61' title='bbox 683 1213 787 1268; x_wconf 78' lang='lat' dir='ltr'>fluvium</span> <span class='ocrx_word' id='word_1_62' title='bbox 805 1220 866 1268; x_wconf 85' lang='lat' dir='ltr'>sunt</span> <span class='ocrx_word' id='word_1_63' title='bbox 884 1213 987 1281; x_wconf 79' lang='lat' dir='ltr'>deletu,</span> <span class='ocrx_word' id='word_1_64' title='bbox 1024 1213 1068 1268; x_wconf 85' lang='lat' dir='ltr'>ubi</span> <span class='ocrx_word' id='word_1_65' title='bbox 1096 1215 1121 1266; x_wconf 91' lang='lat' dir='ltr'>in</span> <span class='ocrx_word' id='word_1_66' title='bbox 1148 1226 1245 1285; x_wconf 77' lang='lat' dir='ltr'>magna</span> <span class='ocrx_word' id='word_1_67' title='bbox 1263 1227 1339 1266; x_wconf 81' lang='lat' dir='ltr'>rene·</span> 
     </span>
     <span class='ocr_line' id='line_1_9' title="bbox 298 1312 857 1384; baseline 0.004 -18"><span class='ocrx_word' id='word_1_68' title='bbox 298 1315 385 1368; x_wconf 80' lang='lat' dir='ltr'>tentis</span> <span class='ocrx_word' id='word_1_69' title='bbox 401 1320 428 1368; x_wconf 86' lang='lat' dir='ltr'>et</span> <span class='ocrx_word' id='word_1_70' title='bbox 446 1312 535 1384; x_wconf 81' lang='lat' dir='ltr'>populi</span> <span class='ocrx_word' id='word_1_71' title='bbox 554 1313 695 1370; x_wconf 76' lang='lat' dir='ltr'>dovotione</span> <span class='ocrx_word' id='word_1_72' title='bbox 710 1319 857 1368; x_wconf 82' lang='lat' dir='ltr'>coruscant</span> 
     </span>
    </p>
   </div>
   <div class='ocr_carea' id='block_1_3' title="bbox 719 1765 916 1890">
    <p class='ocr_par' dir='ltr' id='par_1_3' title="bbox 719 1765 916 1890">
     <span class='ocr_line' id='line_1_10' title="bbox 719 1765 916 1890; baseline -0.005 1"><span class='ocrx_word' id='word_1_73' title='bbox 719 1765 815 1890; x_wconf 81' lang='lat' dir='ltr'>uin.</span> <span class='ocrx_word' id='word_1_74' title='bbox 849 1795 916 1890; x_wconf 83' lang='lat' dir='ltr'>uu.</span> 
     </span>
    </p>
   </div>
   <div class='ocr_carea' id='block_1_4' title="bbox 475 1943 1158 2018">
    <p class='ocr_par' dir='ltr' id='par_1_4' title="bbox 475 1943 1158 2018">
     <span class='ocr_line' id='line_1_11' title="bbox 475 1943 1158 2018; baseline -0.007 -3"><span class='ocrx_word' id='word_1_75' title='bbox 475 1945 549 2016; x_wconf 78' lang='lat' dir='ltr'>ne</span> <span class='ocrx_word' id='word_1_76' title='bbox 571 1948 737 2017; x_wconf 76' lang='lat' dir='ltr'>saneto</span> <span class='ocrx_word' id='word_1_77' title='bbox 759 1945 916 2018; x_wconf 81' lang='lat' dir='ltr'>Penio</span> <span class='ocrx_word' id='word_1_78' title='bbox 939 1943 1158 2018; x_wconf 82' lang='lat' dir='ltr'>eremite.</span> 
     </span>
    </p>
   </div>
   <div class='ocr_carea' id='block_1_5' title="bbox 298 2105 1341 4062">
    <p class='ocr_par' dir='ltr' id='par_1_5' title="bbox 298 2105 1341 4062">
     <span class='ocr_line' id='line_1_12' title="bbox 364 2105 1339 2182; baseline 0 -20"><span class='ocrx_word' id='word_1_79' title='bbox 364 2105 462 2162; x_wconf 84' lang='lat' dir='ltr'>Poulue</span> <span class='ocrx_word' id='word_1_80' title='bbox 480 2111 578 2178; x_wconf 76' lang='lat' dir='ltr'>orimus</span> <span class='ocrx_word' id='word_1_81' title='bbox 594 2113 718 2177; x_wconf 80' lang='lat' dir='ltr'>eremite,</span> <span class='ocrx_word' id='word_1_82' title='bbox 737 2115 765 2164; x_wconf 91' lang='lat' dir='ltr'>ut</span> <span class='ocrx_word' id='word_1_83' title='bbox 782 2117 894 2166; x_wconf 82' lang='lat' dir='ltr'>testetur</span> <span class='ocrx_word' id='word_1_84' title='bbox 912 2111 1100 2182; x_wconf 75' lang='lat' dir='ltr'>Hieronymus,</span> <span class='ocrx_word' id='word_1_85' title='bbox 1120 2112 1165 2182; x_wconf 82' lang='lat' dir='ltr'>qui</span> <span class='ocrx_word' id='word_1_86' title='bbox 1184 2111 1242 2182; x_wconf 79' lang='lat' dir='ltr'>ejus</span> <span class='ocrx_word' id='word_1_87' title='bbox 1261 2111 1339 2164; x_wconf 83' lang='lat' dir='ltr'>nitnun</span> 
     </span>
     <span class='ocr_line' id='line_1_13' title="bbox 299 2207 1341 2280; baseline 0 -20"><span class='ocrx_word' id='word_1_88' title='bbox 299 2207 472 2276; x_wconf 80' lang='lat' dir='ltr'>conseripsit,</span> <span class='ocrx_word' id='word_1_89' title='bbox 508 2207 626 2265; x_wconf 72' lang='lat' dir='ltr'>leniente</span> <span class='ocrx_word' id='word_1_90' title='bbox 650 2208 724 2266; x_wconf 80' lang='lat' dir='ltr'>Decii</span> <span class='ocrx_word' id='word_1_91' title='bbox 748 2212 931 2280; x_wconf 81' lang='lat' dir='ltr'>perseeutione</span> <span class='ocrx_word' id='word_1_92' title='bbox 949 2225 1061 2265; x_wconf 79' lang='lat' dir='ltr'>erenum</span> <span class='ocrx_word' id='word_1_93' title='bbox 1079 2209 1255 2267; x_wconf 73' lang='lat' dir='ltr'>vastissimum</span> <span class='ocrx_word' id='word_1_94' title='bbox 1274 2207 1341 2262; x_wconf 83' lang='lat' dir='ltr'>adiit</span> 
     </span>
     <span class='ocr_line' id='line_1_14' title="bbox 300 2304 1338 2382; baseline 0.003 -23"><span class='ocrx_word' id='word_1_95' title='bbox 300 2304 388 2377; x_wconf 81' lang='lat' dir='ltr'>ibique</span> <span class='ocrx_word' id='word_1_96' title='bbox 406 2307 433 2358; x_wconf 81' lang='lat' dir='ltr'>ie</span> <span class='ocrx_word' id='word_1_97' title='bbox 450 2306 562 2376; x_wconf 78' lang='lat' dir='ltr'>quatuo</span> <span class='ocrx_word' id='word_1_98' title='bbox 581 2309 708 2379; x_wconf 73' lang='lat' dir='ltr'>spelunca</span> <span class='ocrx_word' id='word_1_99' title='bbox 724 2307 773 2364; x_wconf 87' lang='lat' dir='ltr'>LX</span> <span class='ocrx_word' id='word_1_100' title='bbox 790 2311 866 2363; x_wconf 83' lang='lat' dir='ltr'>annis</span> <span class='ocrx_word' id='word_1_101' title='bbox 883 2308 1031 2364; x_wconf 82' lang='lat' dir='ltr'>luminibus</span> <span class='ocrx_word' id='word_1_102' title='bbox 1050 2310 1199 2382; x_wconf 78' lang='lat' dir='ltr'>incognitus</span> <span class='ocrx_word' id='word_1_103' title='bbox 1218 2323 1338 2379; x_wconf 77' lang='lat' dir='ltr'>nemun·</span> 
     </span>
     <span class='ocr_line' id='line_1_15' title="bbox 299 2404 1339 2480; baseline 0.003 -19"><span class='ocrx_word' id='word_1_104' title='bbox 299 2409 342 2461; x_wconf 86' lang='lat' dir='ltr'>sit.</span> <span class='ocrx_word' id='word_1_105' title='bbox 377 2404 431 2460; x_wconf 82' lang='lat' dir='ltr'>lete</span> <span class='ocrx_word' id='word_1_106' title='bbox 449 2411 536 2461; x_wconf 78' lang='lat' dir='ltr'>eutem</span> <span class='ocrx_word' id='word_1_107' title='bbox 552 2406 647 2462; x_wconf 84' lang='lat' dir='ltr'>Decius</span> <span class='ocrx_word' id='word_1_108' title='bbox 667 2407 763 2462; x_wconf 83' lang='lat' dir='ltr'>dieitur</span> <span class='ocrx_word' id='word_1_109' title='bbox 782 2407 864 2463; x_wconf 81' lang='lat' dir='ltr'>luisse</span> <span class='ocrx_word' id='word_1_110' title='bbox 883 2406 1034 2474; x_wconf 76' lang='lat' dir='ltr'>Gallienus,</span> <span class='ocrx_word' id='word_1_111' title='bbox 1069 2411 1113 2480; x_wconf 85' lang='lat' dir='ltr'>qui</span> <span class='ocrx_word' id='word_1_112' title='bbox 1134 2409 1182 2462; x_wconf 89' lang='lat' dir='ltr'>luit</span> <span class='ocrx_word' id='word_1_113' title='bbox 1198 2408 1339 2464; x_wconf 84' lang='lat' dir='ltr'>binomine.</span> 
     </span>
     <span class='ocr_line' id='line_1_16' title="bbox 300 2505 1338 2577; baseline -0.002 -16"><span class='ocrx_word' id='word_1_114' title='bbox 300 2507 344 2577; x_wconf 80' lang='lat' dir='ltr'>qni</span> <span class='ocrx_word' id='word_1_115' title='bbox 362 2508 449 2575; x_wconf 79' lang='lat' dir='ltr'>eoepit</span> <span class='ocrx_word' id='word_1_116' title='bbox 468 2519 537 2559; x_wconf 78' lang='lat' dir='ltr'>enno</span> <span class='ocrx_word' id='word_1_117' title='bbox 555 2505 653 2561; x_wconf 84' lang='lat' dir='ltr'>donnini</span> <span class='ocrx_word' id='word_1_118' title='bbox 672 2505 782 2564; x_wconf 76' lang='lat' dir='ltr'>cclvi.</span> <span class='ocrx_word' id='word_1_119' title='bbox 818 2505 918 2562; x_wconf 86' lang='lat' dir='ltr'>Vltlene</span> <span class='ocrx_word' id='word_1_120' title='bbox 938 2509 1006 2563; x_wconf 83' lang='lat' dir='ltr'>enlin</span> <span class='ocrx_word' id='word_1_121' title='bbox 1023 2514 1130 2562; x_wconf 69' lang='lat' dir='ltr'>eunom</span> <span class='ocrx_word' id='word_1_122' title='bbox 1146 2507 1243 2563; x_wconf 83' lang='lat' dir='ltr'>Peolus</span> <span class='ocrx_word' id='word_1_123' title='bbox 1262 2505 1338 2562; x_wconf 81' lang='lat' dir='ltr'>Clini-</span> 
     </span>
     <span class='ocr_line' id='line_1_17' title="bbox 300 2585 1339 2678; baseline -0.002 -18"><span class='ocrx_word' id='word_1_124' title='bbox 300 2607 394 2660; x_wconf 82' lang='lat' dir='ltr'>stlenis</span> <span class='ocrx_word' id='word_1_125' title='bbox 411 2609 452 2659; x_wconf 94' lang='lat' dir='ltr'>tot</span> <span class='ocrx_word' id='word_1_126' title='bbox 469 2585 656 2660; x_wconf 81' lang='lat' dir='ltr'>tonnentonunn</span> <span class='ocrx_word' id='word_1_127' title='bbox 674 2618 774 2678; x_wconf 79' lang='lat' dir='ltr'>genero</span> <span class='ocrx_word' id='word_1_128' title='bbox 788 2607 905 2676; x_wconf 75' lang='lat' dir='ltr'>inrogari</span> <span class='ocrx_word' id='word_1_129' title='bbox 923 2607 950 2661; x_wconf 86' lang='lat' dir='ltr'>in</span> <span class='ocrx_word' id='word_1_130' title='bbox 968 2622 1080 2662; x_wconf 81' lang='lat' dir='ltr'>eremum</span> <span class='ocrx_word' id='word_1_131' title='bbox 1096 2606 1209 2678; x_wconf 77' lang='lat' dir='ltr'>aufugit.</span> <span class='ocrx_word' id='word_1_132' title='bbox 1243 2603 1284 2661; x_wconf 89' lang='lat' dir='ltr'>Eo</span> <span class='ocrx_word' id='word_1_133' title='bbox 1301 2591 1339 2659; x_wconf 41' lang='lat' dir='ltr'>ni*-</span> 
     </span>
     <span class='ocr_line' id='line_1_18' title="bbox 300 2701 1337 2776; baseline 0 -18"><span class='ocrx_word' id='word_1_134' title='bbox 300 2701 404 2775; x_wconf 84' lang='lat' dir='ltr'>quldetn</span> <span class='ocrx_word' id='word_1_135' title='bbox 422 2703 609 2775; x_wconf 68' lang='lat' dir='ltr'>tenoemteo</span> <span class='ocrx_word' id='word_1_136' title='bbox 628 2706 742 2773; x_wconf 75' lang='lat' dir='ltr'>juvenes</span> <span class='ocrx_word' id='word_1_137' title='bbox 766 2703 903 2760; x_wconf 80' lang='lat' dir='ltr'>christiani</span> <span class='ocrx_word' id='word_1_138' title='bbox 925 2705 1193 2776; x_wconf 76' lang='lat' dir='ltr'>comprehenduntur,</span> <span class='ocrx_word' id='word_1_139' title='bbox 1229 2719 1337 2776; x_wconf 81' lang='lat' dir='ltr'>quonum</span> 
     </span>
     <span class='ocr_line' id='line_1_19' title="bbox 300 2803 1337 2876; baseline 0.002 -18"><span class='ocrx_word' id='word_1_140' title='bbox 300 2818 366 2858; x_wconf 87' lang='lat' dir='ltr'>unne</span> <span class='ocrx_word' id='word_1_141' title='bbox 382 2808 439 2857; x_wconf 95' lang='lat' dir='ltr'>toto</span> <span class='ocrx_word' id='word_1_142' title='bbox 452 2817 565 2874; x_wconf 83' lang='lat' dir='ltr'>eonpone</span> <span class='ocrx_word' id='word_1_143' title='bbox 582 2803 659 2859; x_wconf 81' lang='lat' dir='ltr'>melle</span> <span class='ocrx_word' id='word_1_144' title='bbox 671 2805 828 2876; x_wconf 77' lang='lat' dir='ltr'>perungitur</span> <span class='ocrx_word' id='word_1_145' title='bbox 844 2810 872 2858; x_wconf 91' lang='lat' dir='ltr'>et</span> <span class='ocrx_word' id='word_1_146' title='bbox 889 2806 939 2858; x_wconf 85' lang='lat' dir='ltr'>sub</span> <span class='ocrx_word' id='word_1_147' title='bbox 953 2803 1050 2860; x_wconf 82' lang='lat' dir='ltr'>seduno</span> <span class='ocrx_word' id='word_1_148' title='bbox 1067 2803 1133 2860; x_wconf 83' lang='lat' dir='ltr'>solie</span> <span class='ocrx_word' id='word_1_149' title='bbox 1150 2804 1249 2861; x_wconf 78' lang='lat' dir='ltr'>eculeis</span> <span class='ocrx_word' id='word_1_150' title='bbox 1268 2820 1337 2860; x_wconf 80' lang='lat' dir='ltr'>nue-</span> 
     </span>
     <span class='ocr_line' id='line_1_20' title="bbox 299 2900 1338 2973; baseline 0.003 -17"><span class='ocrx_word' id='word_1_151' title='bbox 299 2916 386 2956; x_wconf 82' lang='lat' dir='ltr'>oenum</span> <span class='ocrx_word' id='word_1_152' title='bbox 405 2908 432 2958; x_wconf 93' lang='lat' dir='ltr'>et</span> <span class='ocrx_word' id='word_1_153' title='bbox 447 2901 599 2956; x_wconf 80' lang='lat' dir='ltr'>strabonum</span> <span class='ocrx_word' id='word_1_154' title='bbox 617 2909 643 2959; x_wconf 89' lang='lat' dir='ltr'>et</span> <span class='ocrx_word' id='word_1_155' title='bbox 662 2916 799 2973; x_wconf 79' lang='lat' dir='ltr'>vesperum</span> <span class='ocrx_word' id='word_1_156' title='bbox 816 2900 973 2959; x_wconf 76' lang='lat' dir='ltr'>lacerandus</span> <span class='ocrx_word' id='word_1_157' title='bbox 989 2903 1137 2973; x_wconf 77' lang='lat' dir='ltr'>exponitur.</span> <span class='ocrx_word' id='word_1_158' title='bbox 1180 2904 1257 2958; x_wconf 80' lang='lat' dir='ltr'>Alter</span> <span class='ocrx_word' id='word_1_159' title='bbox 1274 2918 1338 2959; x_wconf 83' lang='lat' dir='ltr'>neno</span> 
     </span>
     <span class='ocr_line' id='line_1_21' title="bbox 299 3000 1338 3072; baseline 0.002 -18"><span class='ocrx_word' id='word_1_160' title='bbox 299 3000 453 3056; x_wconf 81' lang='lat' dir='ltr'>molllesiuno</span> <span class='ocrx_word' id='word_1_161' title='bbox 478 3001 547 3056; x_wconf 80' lang='lat' dir='ltr'>leuto</span> <span class='ocrx_word' id='word_1_162' title='bbox 564 3003 707 3072; x_wconf 78' lang='lat' dir='ltr'>inponitur</span> <span class='ocrx_word' id='word_1_163' title='bbox 725 3008 752 3056; x_wconf 90' lang='lat' dir='ltr'>et</span> <span class='ocrx_word' id='word_1_164' title='bbox 770 3003 797 3055; x_wconf 90' lang='lat' dir='ltr'>in</span> <span class='ocrx_word' id='word_1_165' title='bbox 814 3002 873 3057; x_wconf 89' lang='lat' dir='ltr'>looo</span> <span class='ocrx_word' id='word_1_166' title='bbox 897 3003 1081 3056; x_wconf 77' lang='lat' dir='ltr'>amoenieeinno</span> <span class='ocrx_word' id='word_1_167' title='bbox 1098 3001 1259 3067; x_wconf 84' lang='lat' dir='ltr'>oolloeetun,</span> <span class='ocrx_word' id='word_1_168' title='bbox 1293 3003 1338 3057; x_wconf 78' lang='lat' dir='ltr'>ulti</span> 
     </span>
     <span class='ocr_line' id='line_1_22' title="bbox 299 3101 1337 3171; baseline 0.002 -17"><span class='ocrx_word' id='word_1_169' title='bbox 299 3101 445 3155; x_wconf 74' lang='lat' dir='ltr'>adtineret</span> <span class='ocrx_word' id='word_1_170' title='bbox 463 3103 613 3171; x_wconf 83' lang='lat' dir='ltr'>temperies,</span> <span class='ocrx_word' id='word_1_171' title='bbox 633 3103 746 3156; x_wconf 83' lang='lat' dir='ltr'>ninonunu</span> <span class='ocrx_word' id='word_1_172' title='bbox 766 3103 883 3168; x_wconf 85' lang='lat' dir='ltr'>sonitus,</span> <span class='ocrx_word' id='word_1_173' title='bbox 900 3106 992 3156; x_wconf 71' lang='lat' dir='ltr'>uentus</span> <span class='ocrx_word' id='word_1_174' title='bbox 1010 3103 1097 3158; x_wconf 81' lang='lat' dir='ltr'>eniunn</span> <span class='ocrx_word' id='word_1_175' title='bbox 1115 3106 1142 3155; x_wconf 89' lang='lat' dir='ltr'>et</span> <span class='ocrx_word' id='word_1_176' title='bbox 1159 3101 1249 3157; x_wconf 76' lang='lat' dir='ltr'>norun</span> <span class='ocrx_word' id='word_1_177' title='bbox 1268 3101 1337 3156; x_wconf 79' lang='lat' dir='ltr'>olle·</span> 
     </span>
     <span class='ocr_line' id='line_1_23' title="bbox 298 3198 1337 3272; baseline 0.001 -18"><span class='ocrx_word' id='word_1_178' title='bbox 298 3205 371 3266; x_wconf 60' lang='lat' dir='ltr'>etun</span> <span class='ocrx_word' id='word_1_179' title='bbox 405 3198 510 3256; x_wconf 83' lang='lat' dir='ltr'>lontibus</span> <span class='ocrx_word' id='word_1_180' title='bbox 533 3205 619 3255; x_wconf 77' lang='lat' dir='ltr'>tanuen</span> <span class='ocrx_word' id='word_1_181' title='bbox 644 3200 733 3256; x_wconf 83' lang='lat' dir='ltr'>floreis</span> <span class='ocrx_word' id='word_1_182' title='bbox 750 3198 884 3255; x_wconf 78' lang='lat' dir='ltr'>colonibus</span> <span class='ocrx_word' id='word_1_183' title='bbox 902 3198 1015 3255; x_wconf 87' lang='lat' dir='ltr'>obteotie</span> <span class='ocrx_word' id='word_1_184' title='bbox 1033 3202 1072 3254; x_wconf 85' lang='lat' dir='ltr'>sio</span> <span class='ocrx_word' id='word_1_185' title='bbox 1085 3201 1192 3270; x_wconf 78' lang='lat' dir='ltr'>junonie</span> <span class='ocrx_word' id='word_1_186' title='bbox 1210 3201 1337 3272; x_wconf 68' lang='lat' dir='ltr'>ungitur,</span> 
     </span>
     <span class='ocr_line' id='line_1_24' title="bbox 300 3295 1336 3372; baseline 0.001 -19"><span class='ocrx_word' id='word_1_187' title='bbox 300 3305 328 3353; x_wconf 90' lang='lat' dir='ltr'>ut</span> <span class='ocrx_word' id='word_1_188' title='bbox 345 3295 464 3354; x_wconf 83' lang='lat' dir='ltr'>menibus</span> <span class='ocrx_word' id='word_1_189' title='bbox 484 3297 526 3353; x_wconf 82' lang='lat' dir='ltr'>vel</span> <span class='ocrx_word' id='word_1_190' title='bbox 543 3298 656 3369; x_wconf 82' lang='lat' dir='ltr'>pedibus</span> <span class='ocrx_word' id='word_1_191' title='bbox 675 3315 704 3355; x_wconf 86' lang='lat' dir='ltr'>ee</span> <span class='ocrx_word' id='word_1_192' title='bbox 719 3300 816 3370; x_wconf 74' lang='lat' dir='ltr'>juvene</span> <span class='ocrx_word' id='word_1_193' title='bbox 835 3315 886 3354; x_wconf 87' lang='lat' dir='ltr'>non</span> <span class='ocrx_word' id='word_1_194' title='bbox 905 3306 1005 3370; x_wconf 75' lang='lat' dir='ltr'>posset.</span> <span class='ocrx_word' id='word_1_195' title='bbox 1045 3297 1129 3356; x_wconf 77' lang='lat' dir='ltr'>Adest</span> <span class='ocrx_word' id='word_1_196' title='bbox 1146 3296 1276 3370; x_wconf 73' lang='lat' dir='ltr'>quaedem</span> <span class='ocrx_word' id='word_1_197' title='bbox 1290 3303 1336 3372; x_wconf 81' lang='lat' dir='ltr'>ju·</span> 
     </span>
     <span class='ocr_line' id='line_1_25' title="bbox 298 3396 1336 3469; baseline 0.004 -19"><span class='ocrx_word' id='word_1_198' title='bbox 298 3396 409 3452; x_wconf 80' lang='lat' dir='ltr'>neeoulo</span> <span class='ocrx_word' id='word_1_199' title='bbox 426 3410 537 3467; x_wconf 74' lang='lat' dir='ltr'>cornone</span> <span class='ocrx_word' id='word_1_200' title='bbox 560 3396 735 3468; x_wconf 80' lang='lat' dir='ltr'>pulcherrime</span> <span class='ocrx_word' id='word_1_201' title='bbox 757 3404 785 3453; x_wconf 89' lang='lat' dir='ltr'>et</span> <span class='ocrx_word' id='word_1_202' title='bbox 802 3397 934 3469; x_wconf 76' lang='lat' dir='ltr'>impudice</span> <span class='ocrx_word' id='word_1_203' title='bbox 951 3413 982 3452; x_wconf 83' lang='lat' dir='ltr'>eo</span> <span class='ocrx_word' id='word_1_204' title='bbox 1001 3397 1130 3468; x_wconf 76' lang='lat' dir='ltr'>inpudice</span> <span class='ocrx_word' id='word_1_205' title='bbox 1146 3404 1244 3455; x_wconf 81' lang='lat' dir='ltr'>treotet</span> <span class='ocrx_word' id='word_1_206' title='bbox 1257 3400 1336 3469; x_wconf 80' lang='lat' dir='ltr'>june-</span> 
     </span>
     <span class='ocr_line' id='line_1_26' title="bbox 299 3495 1337 3571; baseline 0.001 -20"><span class='ocrx_word' id='word_1_207' title='bbox 299 3495 423 3571; x_wconf 13' lang='lat' dir='ltr'>uentqlloi</span> <span class='ocrx_word' id='word_1_208' title='bbox 441 3510 530 3551; x_wconf 79' lang='lat' dir='ltr'>annone</span> <span class='ocrx_word' id='word_1_209' title='bbox 549 3495 685 3567; x_wconf 78' lang='lat' dir='ltr'>repletum.</span> <span class='ocrx_word' id='word_1_210' title='bbox 737 3496 800 3552; x_wconf 80' lang='lat' dir='ltr'>(lunt</span> <span class='ocrx_word' id='word_1_211' title='bbox 818 3501 904 3553; x_wconf 81' lang='lat' dir='ltr'>outoni</span> <span class='ocrx_word' id='word_1_212' title='bbox 922 3496 967 3552; x_wconf 90' lang='lat' dir='ltr'>ille</span> <span class='ocrx_word' id='word_1_213' title='bbox 986 3499 1011 3551; x_wconf 92' lang='lat' dir='ltr'>in</span> <span class='ocrx_word' id='word_1_214' title='bbox 1029 3511 1109 3552; x_wconf 72' lang='lat' dir='ltr'>mnne</span> <span class='ocrx_word' id='word_1_215' title='bbox 1126 3503 1211 3552; x_wconf 83' lang='lat' dir='ltr'>notus</span> <span class='ocrx_word' id='word_1_216' title='bbox 1231 3503 1337 3552; x_wconf 80' lang='lat' dir='ltr'>eontra-</span> 
     </span>
     <span class='ocr_line' id='line_1_27' title="bbox 299 3594 1337 3667; baseline 0.001 -17"><span class='ocrx_word' id='word_1_217' title='bbox 299 3598 353 3651; x_wconf 84' lang='lat' dir='ltr'>nion</span> <span class='ocrx_word' id='word_1_218' title='bbox 369 3595 467 3649; x_wconf 84' lang='lat' dir='ltr'>notioni</span> <span class='ocrx_word' id='word_1_219' title='bbox 484 3597 628 3661; x_wconf 79' lang='lat' dir='ltr'>sensisset,</span> <span class='ocrx_word' id='word_1_220' title='bbox 647 3601 699 3650; x_wconf 81' lang='lat' dir='ltr'>non</span> <span class='ocrx_word' id='word_1_221' title='bbox 715 3594 817 3651; x_wconf 76' lang='lat' dir='ltr'>hebens</span> <span class='ocrx_word' id='word_1_222' title='bbox 834 3611 921 3661; x_wconf 80' lang='lat' dir='ltr'>erne,</span> <span class='ocrx_word' id='word_1_223' title='bbox 945 3596 1040 3667; x_wconf 80' lang='lat' dir='ltr'>quibus</span> <span class='ocrx_word' id='word_1_224' title='bbox 1057 3595 1091 3650; x_wconf 86' lang='lat' dir='ltr'>ub</span> <span class='ocrx_word' id='word_1_225' title='bbox 1110 3595 1187 3652; x_wconf 83' lang='lat' dir='ltr'>leste</span> <span class='ocrx_word' id='word_1_226' title='bbox 1202 3611 1232 3652; x_wconf 83' lang='lat' dir='ltr'>se</span> <span class='ocrx_word' id='word_1_227' title='bbox 1251 3603 1337 3664; x_wconf 80' lang='lat' dir='ltr'>erunt,</span> 
     </span>
     <span class='ocr_line' id='line_1_28' title="bbox 298 3691 1335 3767; baseline 0.003 -19"><span class='ocrx_word' id='word_1_228' title='bbox 298 3695 414 3767; x_wconf 79' lang='lat' dir='ltr'>linguon</span> <span class='ocrx_word' id='word_1_229' title='bbox 438 3693 572 3764; x_wconf 79' lang='lat' dir='ltr'>proprian</span> <span class='ocrx_word' id='word_1_230' title='bbox 596 3691 718 3749; x_wconf 78' lang='lat' dir='ltr'>dentibus</span> <span class='ocrx_word' id='word_1_231' title='bbox 741 3697 797 3750; x_wconf 84' lang='lat' dir='ltr'>onis</span> <span class='ocrx_word' id='word_1_232' title='bbox 809 3695 905 3750; x_wconf 80' lang='lat' dir='ltr'>inuidit</span> <span class='ocrx_word' id='word_1_233' title='bbox 922 3701 949 3750; x_wconf 89' lang='lat' dir='ltr'>et</span> <span class='ocrx_word' id='word_1_234' title='bbox 966 3697 993 3749; x_wconf 91' lang='lat' dir='ltr'>in</span> <span class='ocrx_word' id='word_1_235' title='bbox 1013 3694 1105 3750; x_wconf 81' lang='lat' dir='ltr'>sociem</span> <span class='ocrx_word' id='word_1_236' title='bbox 1125 3694 1271 3764; x_wconf 75' lang='lat' dir='ltr'>inpudicae</span> <span class='ocrx_word' id='word_1_237' title='bbox 1288 3711 1335 3751; x_wconf 89' lang='lat' dir='ltr'>ex-</span> 
     </span>
     <span class='ocr_line' id='line_1_29' title="bbox 298 3791 1336 3867; baseline -0.001 -18"><span class='ocrx_word' id='word_1_238' title='bbox 298 3795 370 3864; x_wconf 79' lang='lat' dir='ltr'>spuit</span> <span class='ocrx_word' id='word_1_239' title='bbox 386 3799 412 3848; x_wconf 91' lang='lat' dir='ltr'>et</span> <span class='ocrx_word' id='word_1_240' title='bbox 435 3794 474 3845; x_wconf 80' lang='lat' dir='ltr'>sio</span> <span class='ocrx_word' id='word_1_241' title='bbox 498 3794 668 3846; x_wconf 73' lang='lat' dir='ltr'>tentationem</span> <span class='ocrx_word' id='word_1_242' title='bbox 695 3791 772 3849; x_wconf 82' lang='lat' dir='ltr'>dolor</span> <span class='ocrx_word' id='word_1_243' title='bbox 796 3793 901 3867; x_wconf 70' lang='lat' dir='ltr'>legeuit</span> <span class='ocrx_word' id='word_1_244' title='bbox 916 3799 943 3848; x_wconf 91' lang='lat' dir='ltr'>et</span> <span class='ocrx_word' id='word_1_245' title='bbox 959 3792 1113 3864; x_wconf 76' lang='lat' dir='ltr'>trophaeum</span> <span class='ocrx_word' id='word_1_246' title='bbox 1131 3793 1210 3847; x_wconf 80' lang='lat' dir='ltr'>leude</span> <span class='ocrx_word' id='word_1_247' title='bbox 1229 3792 1336 3865; x_wconf 75' lang='lat' dir='ltr'>dignuin</span> 
     </span>
     <span class='ocr_line' id='line_1_30' title="bbox 298 3889 1337 3964; baseline 0 -18"><span class='ocrx_word' id='word_1_248' title='bbox 298 3894 449 3964; x_wconf 82' lang='lat' dir='ltr'>pnonnenuit.</span> <span class='ocrx_word' id='word_1_249' title='bbox 500 3889 596 3945; x_wconf 84' lang='lat' dir='ltr'>llonuiu</span> <span class='ocrx_word' id='word_1_250' title='bbox 618 3895 645 3947; x_wconf 92' lang='lat' dir='ltr'>et</span> <span class='ocrx_word' id='word_1_251' title='bbox 669 3891 780 3948; x_wconf 75' lang='lat' dir='ltr'>alionun</span> <span class='ocrx_word' id='word_1_252' title='bbox 804 3895 895 3964; x_wconf 81' lang='lat' dir='ltr'>poenis</span> <span class='ocrx_word' id='word_1_253' title='bbox 913 3897 1020 3948; x_wconf 71' lang='lat' dir='ltr'>ednotus</span> <span class='ocrx_word' id='word_1_254' title='bbox 1036 3890 1134 3948; x_wconf 72' lang='lat' dir='ltr'>Paulus</span> <span class='ocrx_word' id='word_1_255' title='bbox 1152 3895 1258 3946; x_wconf 82' lang='lat' dir='ltr'>territos</span> <span class='ocrx_word' id='word_1_256' title='bbox 1277 3908 1337 3946; x_wconf 85' lang='lat' dir='ltr'>ene-</span> 
     </span>
     <span class='ocr_line' id='line_1_31' title="bbox 298 3988 1337 4062; baseline -0.002 -16"><span class='ocrx_word' id='word_1_257' title='bbox 298 4008 365 4048; x_wconf 81' lang='lat' dir='ltr'>nutu</span> <span class='ocrx_word' id='word_1_258' title='bbox 384 3993 468 4062; x_wconf 80' lang='lat' dir='ltr'>petiit.</span> <span class='ocrx_word' id='word_1_259' title='bbox 515 3988 554 4045; x_wconf 80' lang='lat' dir='ltr'>llo</span> <span class='ocrx_word' id='word_1_260' title='bbox 573 3995 691 4062; x_wconf 78' lang='lat' dir='ltr'>tenpore</span> <span class='ocrx_word' id='word_1_261' title='bbox 710 4006 766 4047; x_wconf 82' lang='lat' dir='ltr'>unni</span> <span class='ocrx_word' id='word_1_262' title='bbox 790 3992 919 4047; x_wconf 78' lang='lat' dir='ltr'>Antonine</span> <span class='ocrx_word' id='word_1_263' title='bbox 936 3992 1044 4060; x_wconf 75' lang='lat' dir='ltr'>prinnini</span> <span class='ocrx_word' id='word_1_264' title='bbox 1062 4005 1092 4044; x_wconf 85' lang='lat' dir='ltr'>se</span> <span class='ocrx_word' id='word_1_265' title='bbox 1110 3991 1179 4045; x_wconf 81' lang='lat' dir='ltr'>luter</span> <span class='ocrx_word' id='word_1_266' title='bbox 1196 3989 1337 4045; x_wconf 76' lang='lat' dir='ltr'>noneelos</span> 
     </span>
    </p>
   </div>
   <div class='ocr_carea' id='block_1_6' title="bbox 299 4269 1338 4464">
    <p class='ocr_par' dir='ltr' id='par_1_6' title="bbox 299 4269 1338 4464">
     <span class='ocr_line' id='line_1_32' title="bbox 349 4269 1338 4328; baseline -0.004 -10"><span class='ocrx_word' id='word_1_267' title='bbox 349 4275 373 4326; x_wconf 83' lang='lat' dir='ltr'>l)</span> <span class='ocrx_word' id='word_1_268' title='bbox 386 4272 427 4317; x_wconf 77' lang='lat' dir='ltr'>et.</span> <span class='ocrx_word' id='word_1_269' title='bbox 441 4277 494 4318; x_wconf 75' lang='lat' dir='ltr'>neo.</span> <span class='ocrx_word' id='word_1_270' title='bbox 508 4273 575 4326; x_wconf 66' lang='lat' dir='ltr'>lenito</span> <span class='ocrx_word' id='word_1_271' title='bbox 588 4287 663 4328; x_wconf 78' lang='lat' dir='ltr'>que</span> <span class='ocrx_word' id='word_1_272' title='bbox 676 4286 753 4318; x_wconf 84' lang='lat' dir='ltr'>nuno</span> <span class='ocrx_word' id='word_1_273' title='bbox 766 4279 812 4316; x_wconf 83' lang='lat' dir='ltr'>est</span> <span class='ocrx_word' id='word_1_274' title='bbox 824 4269 949 4314; x_wconf 75' lang='lat' dir='ltr'>deutrum</span> <span class='ocrx_word' id='word_1_275' title='bbox 962 4269 1076 4314; x_wconf 76' lang='lat' dir='ltr'>ordinis</span> <span class='ocrx_word' id='word_1_276' title='bbox 1089 4271 1200 4322; x_wconf 76' lang='lat' dir='ltr'>nostrl,</span> <span class='ocrx_word' id='word_1_277' title='bbox 1214 4270 1338 4316; x_wconf 83' lang='lat' dir='ltr'>seilicet</span> 
     </span>
     <span class='ocr_line' id='line_1_33' title="bbox 299 4336 1337 4397; baseline -0.003 -13"><span class='ocrx_word' id='word_1_278' title='bbox 299 4339 421 4385; x_wconf 71' lang='lat' dir='ltr'>destrunt</span> <span class='ocrx_word' id='word_1_279' title='bbox 433 4339 684 4397; x_wconf 70' lang='lat' dir='ltr'>praedictionum.</span> <span class='ocrx_word' id='word_1_280' title='bbox 783 4341 808 4392; x_wconf 78' lang='lat'>2)</span> <span class='ocrx_word' id='word_1_281' title='bbox 826 4343 887 4381; x_wconf 77' lang='lat' dir='ltr'>lineo</span> <span class='ocrx_word' id='word_1_282' title='bbox 905 4343 952 4382; x_wconf 84' lang='lat' dir='ltr'>tote</span> <span class='ocrx_word' id='word_1_283' title='bbox 965 4337 1074 4394; x_wconf 76' lang='lat' dir='ltr'>periodus</span> <span class='ocrx_word' id='word_1_284' title='bbox 1087 4336 1152 4384; x_wconf 82' lang='lat' dir='ltr'>deest</span> <span class='ocrx_word' id='word_1_285' title='bbox 1167 4337 1190 4380; x_wconf 87' lang='lat' dir='ltr'>iu</span> <span class='ocrx_word' id='word_1_286' title='bbox 1204 4337 1246 4385; x_wconf 76' lang='lat' dir='ltr'>td.</span> <span class='ocrx_word' id='word_1_287' title='bbox 1258 4337 1337 4391; x_wconf 71' lang='lat' dir='ltr'>drino..</span> 
     </span>
     <span class='ocr_line' id='line_1_34' title="bbox 299 4403 927 4464; baseline -0.005 -11"><span class='ocrx_word' id='word_1_288' title='bbox 299 4423 358 4464; x_wconf 73' lang='lat' dir='ltr'>quoe</span> <span class='ocrx_word' id='word_1_289' title='bbox 370 4409 414 4452; x_wconf 79' lang='lat' dir='ltr'>hoo</span> <span class='ocrx_word' id='word_1_290' title='bbox 427 4423 477 4464; x_wconf 73' lang='lat' dir='ltr'>sep.</span> <span class='ocrx_word' id='word_1_291' title='bbox 489 4407 616 4453; x_wconf 72' lang='lat' dir='ltr'>uocabulou</span> <span class='ocrx_word' id='word_1_292' title='bbox 629 4405 821 4462; x_wconf 75' lang='lat' dir='ltr'>requiescunt</span> <span class='ocrx_word' id='word_1_293' title='bbox 835 4403 927 4450; x_wconf 79' lang='lat' dir='ltr'>eleudn&#39;t.</span> 
     </span>
    </p>
   </div>
   <div class='ocr_carea' id='block_1_7' title="bbox 0 0 1418 5302">
    <p class='ocr_par' dir='ltr' id='par_1_7' title="bbox 0 0 1418 5302">
     <span class='ocr_line' id='line_1_35' title="bbox 0 0 1418 5302; baseline 0 0"><span class='ocrx_word' id='word_1_294' title='bbox 0 0 1418 5302; x_wconf 95' lang='lat' dir='ltr'> </span> 
     </span>
    </p>
   </div>
  </div>
 </body>
</html>
