2902 5310
264 433 339 516 Cup.
368 431 453 497 CLli.
495 435 540 497 Do
558 444 660 497 usuris
680 435 783 498 'l'lsslsl
804 439 965 500 neustrios.
1067 437 1130 504 670

96 594 167 654 iisne
188 600 297 668 psoouta
322 610 379 653 sua
412 593 446 652 iis
469 599 578 652 narratu
600 609 683 652 osnsa
699 603 806 656 aureius
830 599 959 656 nnuonn
975 602 1132 658 eourooatis

96 691 236 767 disoipuiis
259 695 315 751 anis
341 696 550 768 praecepistis,
576 701 605 750 nt
627 694 676 750 ilia
694 701 773 754 noeto
794 697 935 770 uigilantes
959 702 987 756 in
1010 703 1132 757 oratione

95 795 282 866 persisterent,
309 793 463 869 singillatim
486 778 589 867 ntique,
614 801 742 866 qnatenus
767 795 846 852 alieni
872 813 905 854 ex
922 795 964 853 luis
983 798 1132 856 declararet

93 892 165 951 llens
188 909 309 962 causan,
334 910 383 966 pro
406 908 460 966 qua
485 894 570 950 obbas
592 891 730 950 l’nlunilus
756 901 871 952 uenerat.
907 896 970 953 Curi
989 899 1072 971 igliur
1088 900 1129 954 in·

93 1000 230 1052 demutor
252 999 388 1064 orassent,
420 992 504 1052 sibun
528 992 625 1049 Paulus
653 997 738 1067 major
760 993 906 1068 diseipnins
932 995 1040 1052 Antonii
1064 996 1131 1054 uidit

94 1093 182 1150 subito
204 1096 232 1149 in
254 1092 329 1149 eoeio
352 1093 446 1150 leston
468 1094 594 1166 pretiosis
616 1093 733 1150 restibus
751 1102 884 1162 ornaturi,
907 1111 982 1167 onon
999 1101 1055 1152 tres
1075 1099 1129 1152 uir-

92 1194 170 1266 ginea
195 1191 268 1248 olsra
293 1192 361 1250 isoio
384 1191 577 1248 custodiebant.
614 1191 684 1249 'ires
708 1195 777 1250 istor
795 1195 912 1267 uirgines
929 1194 1034 1250 inerunt
1051 1197 1129 1251 iinon

92 1307 195 1364 poenae
221 1292 339 1360 iuturus,
364 1306 433 1363 quae
457 1294 541 1363 ipson
565 1292 668 1348 anulo
687 1295 811 1360 retraxit,
835 1293 922 1364 psdor
944 1293 1038 1364 onlpso
1056 1309 1127 1350 oon-

92 1393 206 1460 nsissuo‚
229 1407 298 1464 quae
324 1394 349 1449 sl
371 1393 472 1447 renisus
493 1395 653 1462 promeruit,
678 1406 752 1448 unior
772 1391 911 1464 institiae,
938 1395 984 1464 qui
1008 1407 1065 1450 esni
1090 1395 1126 1450 ad

90 1505 204 1565 superus
228 1493 384 1550 transvexit.
418 1489 533 1562 Campus
559 1488 657 1547 Paulus
678 1491 733 1546 illis
764 1491 880 1559 diceret,
910 1493 1023 1564 gratian
1053 1493 1125 1548 illarn

89 1595 187 1646 tantm
206 1605 266 1646 osso
284 1590 407 1660 Antonii,
427 1605 479 1646 ror
496 1589 585 1648 dirius
602 1591 756 1662 respondit:
780 1605 832 1645 non
851 1597 893 1646 est
911 1593 996 1662 porris
1014 1596 1053 1647 tui
1069 1595 1125 1648 An-

89 1693 169 1759 tonii,
184 1689 233 1746 sed
250 1689 388 1746 Thaisidis
407 1691 563 1747 ueretriois.
598 1688 673 1754 Quod
692 1705 749 1745 uun
770 1688 855 1745 abbas
872 1687 970 1746 Paulas
987 1706 1063 1748 naue
1081 1707 1123 1748 re-

87 1789 209 1858 tulisset,
232 1791 340 1862 cognita
362 1788 412 1846 liei
435 1788 570 1846 volontate
592 1787 678 1844 dhas
701 1788 838 1845 i’sisniius
861 1804 918 1846 sun
942 1789 1041 1863 gaudio
1067 1791 1121 1848 dis-

88 1892 169 1946 eessit
196 1895 222 1944 et
246 1904 306 1943 suos
328 1889 464 1960 proiectus
489 1887 524 1943 sd
548 1891 734 1945 monasterinm
757 1889 853 1945 ustinus
871 1889 956 1945 eoliae
973 1889 1122 1961 dissiparit

87 1986 137 2044 llla
163 2003 228 2042 sero
254 1987 384 2060 rogabat,
417 1994 447 2044 ut
476 1986 562 2042 mine
592 1993 711 2042 maneret
734 1987 844 2044 lnelnsa.
878 1971 951 2044 ii'ixn
971 1994 1058 2044 autern
1080 1990 1123 2047 ela

79 2085 230 2160 'egredere
249 2088 370 2159 quonian
388 2088 489 2142 reuisit
505 2084 554 2141 illul
573 2085 643 2142 Dens
657 2091 766 2158 peecata
779 2093 833 2142 tua.
867 2083 900 2142 Bt
911 2085 959 2141 iiia
971 2087 1121 2160 rospondit:

83 2186 284 2253 sessonensi,
303 2187 374 2257 quia,
393 2200 426 2242 eu
445 2200 497 2257 quo
515 2184 566 2240 inno
582 2187 705 2259 ingressa
721 2200 793 2253 sun,
816 2200 850 2241 sa
869 2184 988 2241 omnibns
1003 2187 1121 2257 poenalis

86 2284 140 2342 ieet
164 2285 236 2342 volnt
259 2287 388 2340 surelnarn
413 2291 440 2340 st
461 2286 541 2340 statui
559 2290 620 2340 suis
639 2282 732 2339 oeulos
752 2298 840 2351 nisos,
866 2290 892 2340 ot
910 2284 977 2340 siout
994 2301 1046 2340 non
1064 2284 1118 2341 dis-

87 2381 158 2441 oedit
175 2383 307 2440 suleiiins
324 2382 357 2440 de
375 2383 482 2438 nuribus
500 2384 579 2448 nois,
603 2385 641 2438 siu
664 2398 715 2439 non
738 2382 917 2440 discesserunt
935 2390 1045 2454 poeonia
1062 2399 1121 2440 nea

86 2483 121 2540 ab
145 2484 229 2538 oeulis
255 2485 336 2551 unsis,
359 2481 409 2538 sed
434 2481 528 2537 ilobnrn
551 2497 655 2554 sempor
678 2481 725 2537 illa
746 2483 926 2542 considerans.
963 2483 1012 2538 Cui
1034 2482 1119 2540 albas

85 2582 221 2638 l’aiuntins
246 2582 327 2636 dixit:
351 2597 403 2636 non
426 2589 535 2654 proptor
557 2584 743 2654 poeniteutiam
767 2588 838 2638 tusus
862 2583 963 2638 remisit
981 2581 1118 2640 nisinen

86 2687 197 2752 peooaia
219 2687 281 2749 tna,
313 2679 362 2736 sed
395 2683 458 2754 quta
488 2682 606 2739 tinorens
630 2695 735 2752 senper
758 2679 877 2737 habuisti
901 2683 928 2736 in
953 2683 1052 2740 anino.
1085 2679 1119 2737 lit

86 2796 142 2838 uun
172 2781 234 2838 iude
266 2777 338 2835 illan
370 2780 521 2847 eduxissem
550 2779 599 2836 1111
627 2778 685 2835 dios
715 2783 864 2851 superuixit
892 2786 919 2838 et
947 2783 1069 2854 pausavit
1091 2783 1119 2836 ln

83 2893 160 2955 pano.
194 2878 285 2936 Albas
309 2895 413 2952 quoqne
436 2877 531 2936 Eiiren
558 2877 636 2934 alian
658 2881 819 2937 meretrioen
843 2880 923 2936 sintii
951 2896 1013 2938 rere
1039 2879 1118 2936 ruodo

85 2984 239 3036 oonrortero
252 2977 342 3036 roluit.
377 2978 443 3035 Nous
453 2994 509 3034 onon
524 2978 571 3033 ilis
582 2980 704 3035 meretrix
715 2983 833 3034 sanuun
845 2978 940 3036 illirern
955 2979 990 3036 ad
1005 2993 1115 3051 proesu-

84 3079 143 3135 dnn
161 3079 281 3136 aiiioeret
299 3076 478 3150 inpudenter,
504 3076 572 3132 dixit
593 3079 619 3131 oi
642 3075 751 3134 Elison:
774 3093 887 3152 sequere
911 3094 959 3135 uuo.
995 3076 1052 3142 ilua
1072 3093 1116 3136 se·

83 3185 179 3250 queste
204 3195 261 3235 eun
292 3177 326 3233 ad
355 3177 485 3251 quendum
515 3176 617 3245 locum,
646 3178 692 3232 ubi
720 3181 778 3234 ersi
806 3177 945 3234 nuiiltndo
975 3176 1116 3244 lominum,

83 3279 216 3346 venisset,
240 3277 306 3334 dixit
323 3279 363 3334 ei:
387 3275 452 3334 sedo
471 3275 537 3343 inno,
556 3282 585 3331 nt
602 3280 772 3334 nonnisoesr
786 3284 881 3336 tronus.
914 3276 948 3333 Ei
963 3278 1024 3334 iiis:
1048 3295 1115 3352 qao·
1180 3297 1182 3302 ¹

83 3377 160 3432 ruodo
181 3392 288 3447 possm
305 3376 355 3432 iuno
372 3377 478 3445 insere,
504 3381 580 3432 unta
604 3377 766 3434 multitudiue
791 3377 835 3433 nio
859 3379 967 3434 stantol
1000 3376 1034 3434 Et
1056 3378 1116 3434 iiie:

82 3477 107 3532 si
131 3475 250 3532 nonnos
274 3475 425 3543 omisssis,
449 3490 534 3531 nonne
560 3475 645 3546 nugis
669 3481 739 3532 tounu
760 3474 841 3532 debes
865 3476 1023 3533 erubescere
1039 3491 1114 3533 ores·

81 3581 174 3646 toron,
192 3577 237 3649 qni
250 3575 351 3634 renotat
361 3573 464 3630 osculis
478 3572 666 3630 tenebrarunt
700 3572 748 3629 iiia
767 3579 852 3632 auten
866 3574 976 3632 ooniosa
995 3576 1114 3634 reeesstt.

496 3871 699 3885 m
