2798 5302
319 473 359 534 26
580 476 654 555 Cup.
676 474 726 536 tit.
775 477 820 538 De
842 490 941 540 nuncto
962 481 1094 542 Niesiau.

319 635 481 706 prehendisti
499 640 525 691 st
542 639 619 692 sturti
637 639 695 695 siue
713 639 819 692 crimine
841 639 867 709 ¹)
885 637 1032 697 addixisti?
1058 638 1145 714 Surge
1163 641 1241 698 retus
1260 658 1355 717 susque

319 739 473 806 quantocius
491 735 585 792 dimitti
598 736 701 808 Jubstu.
728 737 757 792 st
777 739 806 807 ¹)
823 753 876 793 nou
893 745 989 807 suiuus,
1006 756 1055 798 ιιι
1073 741 1164 808 diuum,
1184 748 1213 799 ut
1232 743 1281 799 tibt
1298 761 1353 801 sus

317 837 380 890 citet
396 835 507 904 beilum,
542 839 569 893 in
587 852 641 908 quo
657 843 686 892 tu
704 851 813 895 ιιιιιιι
831 846 857 895 ct
875 837 969 896 bestiis
987 841 1061 900 citus
1079 841 1136 896 tes.
1172 840 1222 898 Cui
1242 845 1353 916 tnpcru

316 940 372 990 ter:
390 937 434 1008 qui
452 953 482 993 ss
497 942 541 1004 tu,
560 939 605 1008 qut
622 935 672 992 huc
691 943 767 1010 uuctc
786 937 912 1010 puiutiunr
932 954 1015 997 neuin
1033 943 1170 1014 ingressus
1188 942 1258 998 tetis
1273 945 1352 1000 sudes

235 1037 237 1042 ⁴
317 1034 418 1105 tepuit*
446 1037 494 1092 (ιιι
510 1037 572 1093 itte:
590 1051 716 1110 egesuu
730 1035 854 1096 Niculsus
872 1039 975 1096 Missus
991 1042 1106 1096 eiritetis
1124 1043 1276 1115 episeopus.
1310 1043 1352 1102 Sis

316 1143 343 1191 ut
359 1135 519 1206 praetectum
535 1137 656 1193 similiter
673 1141 767 1194 terruit
784 1154 832 1209 per
851 1141 879 1210 ³)
898 1143 982 1196 risun
1000 1139 1105 1196 diceus:
1122 1149 1208 1200 ruente
1231 1150 1258 1200 et
1273 1159 1349 1202 sensu

316 1235 431 1306 peritis,
455 1253 502 1293 eur
518 1240 544 1292 iu
566 1251 655 1294 uuesus
677 1241 851 1296 innocentium
870 1242 1050 1297 consensisti?
1085 1240 1169 1313 Perge
1187 1245 1242 1298 sito
1261 1250 1289 1300 st
1305 1261 1349 1301 sus

315 1333 428 1393 itbsrure
445 1336 530 1396 stude.
584 1339 613 1394 Si
630 1353 683 1394 uun
699 1345 802 1407 ιιιιιι,
828 1355 923 1412 cerpus
941 1347 1012 1396 tuum
1030 1340 1162 1399 securibus
1179 1348 1308 1402 scaturiet
1324 1353 1348 1401 et

315 1434 406 1490 domus
423 1443 470 1492 tus
491 1439 567 1496 citius
586 1438 742 1495 destruetur.
776 1439 825 1495 Cui
844 1439 906 1497 itte:
930 1441 989 1510 quis
1008 1455 1037 1497 es
1054 1448 1099 1509 ιι,
1119 1445 1165 1512 qui
1182 1443 1261 1498 nobis
1277 1451 1349 1500 tants

315 1537 443 1594 miusrtsi
478 1538 564 1607 Scite,
582 1541 682 1611 inquit,
706 1556 747 1598 ιιι
763 1553 823 1598 csse
840 1537 974 1596 Nicolaum
994 1540 1095 1597 Miresu
1112 1544 1229 1598 ciuitatis
1248 1548 1347 1616 spisse

276 1671 279 1674 -
314 1653 381 1708 pum.
432 1637 554 1711 Utrisque
578 1639 765 1711 evigilantibus
784 1642 872 1696 stanin
890 1647 978 1697 ututuu
996 1657 1046 1696 sus
1062 1644 1164 1698 sumriu
1183 1645 1305 1714 psuduut
1324 1654 1348 1702 st

314 1755 362 1809 pro
387 1739 440 1794 iiiis
466 1741 636 1797 incarceratis
660 1743 784 1797 contiuuo
804 1743 916 1795 mittunt.
968 1740 1067 1805 Quibus
1088 1748 1174 1798 autern
1192 1745 1348 1816 inpensus:

313 1855 379 1912 quas
396 1841 513 1912 magicas
531 1846 603 1896 untes
621 1842 714 1908 uestis,
733 1846 762 1895 ιιι
777 1842 858 1896 tuentis
876 1857 923 1896 uos
942 1841 1060 1897 iiiudstis
1078 1844 1206 1899 somniis?
1242 1843 1292 1900 eui
1308 1860 1347 1900 rc-

312 1940 488 2011 spouderuut,
529 1955 559 1997 su
582 1955 675 2012 unges
698 1955 750 1996 nou
774 1955 833 1999 esse
859 1956 908 1998 nec
932 1944 1022 1998 nortis
1040 1945 1195 1998 seutentiam
1211 1946 1347 2001 ιιιιιὶιιι.

312 2041 385 2097 Tune
402 2044 558 2112 imperatur:
582 2043 683 2106 nostis,
703 2044 797 2113 inquit,
816 2041 954 2110 homiuem,
974 2045 1015 2096 eui
1033 2059 1126 2099 nomeu
1145 2050 1187 2098 cst
1202 2042 1347 2100 Niceisnsi

311 2144 347 2199 At
364 2143 403 2198 iili
422 2142 511 2198 auditu
529 2140 578 2196 inec
596 2144 700 2197 nemine
717 2157 808 2198 munus
827 2143 1000 2198 extenderunt
1019 2143 1053 2197 ad
1071 2143 1187 2210 eoelum,
1220 2151 1347 2218 negantes

310 2243 407 2308 lieun,
442 2249 471 2298 ut
488 2257 535 2297 ess
551 2243 636 2296 saneti
654 2241 756 2297 Nieeiui
773 2246 872 2298 neritis
890 2257 907 2298 u
925 2246 1056 2314 prseseuti
1075 2244 1192 2314 periculo
1209 2243 1346 2301 liberaret.

310 2341 345 2399 Et
361 2359 417 2399 cunr
435 2344 578 2413 inperator
594 2348 675 2397 tetum
693 2344 772 2397 ritum
784 2345 842 2412 ejus
853 2350 878 2398 et
888 2343 1020 2400 mirabitis
1034 2344 1067 2399 sb
1079 2347 1112 2400 iis
1124 2343 1272 2411 didicisset,
1282 2345 1348 2401 dixit

299 2447 359 2501 tis:
385 2446 421 2499 ite
438 2448 465 2498 ct
481 2441 537 2498 Dee
554 2445 656 2516 gratiss
674 2444 761 2515 ugitu.
781 2445 825 2514 qui
844 2459 890 2500 rus
907 2445 967 2516 ejus
984 2446 1106 2515 precibus
1125 2443 1259 2501 iibcrsrit.
1296 2445 1347 2501 ssd

310 2553 338 2602 st
354 2544 386 2601 dc
406 2545 504 2599 nestris
521 2541 604 2598 eidem
623 2543 715 2598 sitente
734 2543 867 2615 guudieiis
885 2551 1012 2617 rogantes
1031 2559 1099 2612 eum,
1117 2552 1147 2599 ut
1162 2545 1274 2601 ulterius
1288 2546 1347 2600 milri

310 2649 392 2701 minus
417 2660 469 2698 nun
492 2643 605 2708 interut,
643 2641 690 2698 sed
708 2659 757 2714 pru
776 2659 816 2698 sne
835 2651 861 2699 et
880 2659 1036 2717 reginenses
1056 2645 1090 2700 cd
1106 2644 1237 2700 dominun
1255 2663 1346 2717 preces

310 2745 409 2802 iuudst.
461 2743 526 2800 Post
548 2756 646 2813 paucus
672 2742 728 2798 dies
755 2743 883 2815 praedicti
909 2743 1010 2799 riri'ad
1030 2743 1076 2800 liei
1096 2745 1219 2799 samnium
1236 2763 1268 2802 se
1286 2763 1346 2818 pre·

308 2853 428 2904 steruuut
454 2843 582 2902 diceutes:
618 2859 680 2898 sere
704 2843 816 2899 tumulus
842 2844 889 2900 Dei
914 2860 960 2911 es,
998 2860 1060 2901 sere
1084 2846 1169 2901 cuitus
1193 2851 1221 2901 et
1244 2854 1347 2903 unctor

309 2949 415 3004 Christi.
438 2947 566 3015 'titumque
583 2945 635 2998 sibi
652 2946 740 3000 omnia
757 2944 938 3016 perordinem
958 2945 1126 3012 retulissent,
1162 2945 1208 3002 iiis
1233 2946 1345 3002 ederetis

308 3052 335 3103 iu
352 3047 451 3107 eueiurn
471 3045 589 3099 matribus
608 3048 746 3101 immensus
764 3041 820 3102 Dee
842 3045 934 3101 denudes
959 3045 1048 3101 retudit
1068 3061 1099 3099 ιι
1116 3045 1184 3102 bene
1201 3049 1345 3104 instructus

307 3149 438 3220 principes
462 3145 496 3199 ud
521 3149 632 3218 propria
653 3151 761 3203 remisit.
785 3175 821 3190 -
837 3175 872 3190 -
888 3151 917 3205 7.
940 3145 1108 3201 ΰιιιιιιιιι
1126 3148 1245 3202 domiuus
1266 3147 1345 3203 rediet

306 3265 363 3306 curu
382 3262 532 3312 assuescere,
549 3250 656 3319 rogarit
673 3247 818 3314 deminum,
845 3253 874 3302 ut
890 3245 1000 3318 angelos
1019 3259 1081 3301 sues
1099 3237 1151 3301 sibi
1167 3250 1300 3314 mitteret,
1318 3255 1345 3304 et

307 3349 430 3404 inclinate
456 3347 542 3416 cupite
560 3348 670 3418 srngcius
689 3345 724 3401 ud
745 3363 775 3403 ss
791 3349 883 3403 venire
902 3345 968 3401 sidit
987 3353 1014 3402 ut
1031 3345 1100 3400 dictu
1114 3345 1235 3416 'pssiuuet
1271 3351 1298 3401 iu
1315 3354 1343 3404 tc

306 3450 409 3505 domiue
435 3449 541 3518 sperari
558 3461 657 3518 usquc,
692 3449 719 3501 in
736 3463 827 3503 nunus
843 3454 904 3502 iuss
923 3454 972 3502 etc.
1003 3445 1112 3501 tradidit
1135 3449 1254 3518 spirituus
1274 3463 1343 3505 suus

254 3596 256 3600 .
306 3551 401 3606 demini
413 3548 486 3605 CCC.
498 3547 553 3603 XL.
563 3546 615 3616 iit,
632 3547 677 3603 ubi
687 3549 837 3604 coelestium
848 3545 963 3603 melodis
975 3545 1065 3601 auditu
1079 3554 1128 3600 cst.
1161 3547 1342 3612 tiuidutuse-

306 3651 393 3724 puitus
411 3649 548 3704 fuissetis
566 3648 832 3715 sensumsensurn,
866 3659 884 3703 s
899 3649 986 3718 cupite
1004 3649 1063 3700 iens
1081 3646 1133 3701 uici
1151 3647 1342 3721 stapedibus

306 3752 364 3806 iens
382 3763 468 3821 uqsue
485 3749 610 3823 proderit
627 3755 655 3804 et
672 3765 754 3818 usque
773 3747 855 3804 itudic
875 3765 908 3803 ex
928 3749 986 3819 ejus
1005 3745 1127 3802 membris
1144 3764 1246 3803 suerunt
1265 3765 1341 3805 resu-

305 3853 351 3908 dut
370 3851 454 3907 eleum
471 3850 563 3904 sciens
579 3851 607 3904 in
626 3849 736 3904 suiutm
756 3849 901 3903 ruultoruuu.
937 3847 1069 3903 Successit
1087 3854 1172 3902 nutem
1193 3851 1217 3904 ei
1235 3849 1341 3922 quidun

306 3955 346 4007 sir
362 3953 460 4017 hunus,
499 3952 544 4021 qui
560 3956 647 4004 tanen
664 3948 697 4005 dc
721 3948 785 4004 sede
806 3963 855 4003 suu
873 3945 907 4002 uis
926 3946 1021 4003 invidis
1040 3955 1080 4004 est
1098 3948 1232 4020 depulsus.
1284 3949 1341 4014 Ωιι

203 4111 205 4113 .
305 4053 390 4124 ejecte
410 4050 494 4106 uleuur
513 4049 594 4104 nuere
613 4047 700 4114 desiit,
718 4047 766 4103 sed
784 4063 817 4103 so
834 4053 959 4104 rerueutu
977 4052 1096 4121 protinus
1113 4051 1252 4105 emanavit.
1278 4049 1343 4106 Post

305 4153 409 4208 metitum
428 4163 491 4205 suro
510 4149 635 4218 temporis
654 4145 734 4202 ΤιιιιΙ
759 4148 870 4206 nitrum
895 4148 985 4206 urben
1010 4147 1209 4215 destruxerunt.
1245 4147 1342 4205 XLVII

301 4302 707 4319 w

355 4403 377 4458 i)
391 4402 430 4448 Ed.
444 4401 513 4446 t'rinc.
525 4402 596 4446 ursle.-
617 4399 778 4444 abdicasti.
851 4400 873 4451 2)
886 4399 955 4452 ruine
969 4399 1028 4452 sin,
1042 4401 1072 4443 itn
1088 4413 1114 4444 ex
1129 4399 1299 4451 ernendstieneu
1314 4399 1344 4444 si·

304 4473 388 4517 utiliter
399 4470 468 4529 lininio
480 4477 541 4527 pc'st.
604 4470 626 4522 3)
639 4476 693 4525 pust
704 4467 801 4512 visurus
814 4466 911 4512 intrudit
924 4467 965 4512 ud.
980 4474 1013 4512 Pr.
1026 4468 1131 4512 verbum:
1150 4467 1267 4512 circuit.
