2842 5286
292 106 365 188 Cap.
386 105 486 168 xiva
531 107 576 168 De
597 115 697 168 saneto
721 107 871 187 Gregorio.
1036 107 1094 174 tia

58 269 127 326 heae
146 274 215 326 orat
247 265 312 340 Ejus
329 269 408 324 ritem
423 267 529 340 scripsit
546 257 644 324 Paulus
659 267 896 345 Langobardorum
911 270 1092 346 hystoriogra-

57 367 138 440 phus,
157 383 233 440 quam
247 366 381 424 Jehauues
397 367 530 439 dyaconus
547 367 699 441 diligentius
718 369 879 442 postmodum
896 372 1055 442 compilavit.

127 473 157 528 1.
172 467 316 541 Gregorius
324 471 467 524 senatoria
483 469 566 539 stirpe
585 471 747 542 progenitus,
764 472 839 542 euius
856 476 933 542 pater
946 468 1093 529 Gordianus

58 575 87 623 et
106 575 191 624 mater
208 568 293 623 Silria
310 565 454 636 dicebatur,
470 583 526 623 eum
544 582 668 624 summum
686 568 870 642 philosophiae
889 572 1094 643 epiceminlpas

59 671 101 722 sui
127 666 308 723 adulescentis
331 669 464 740 attigisset
488 681 519 722 ac
536 683 621 722 rerum
639 673 666 724 ιι
690 667 839 724 divitiarum
862 672 941 740 copia
956 671 1092 742 plurimum

58 766 223 830 abundaret,
255 769 384 838 cogitarit
405 771 490 822 tamea
516 764 582 820 haec
607 769 695 822 emnia
711 766 833 824 deserere
853 773 880 826 ιι
895 771 921 823 ιι
939 769 1092 844 religionem

58 881 90 920 se
107 865 260 922 translerre.
300 863 353 920 Sed
371 865 429 920 dnm
445 865 550 937 lougius
566 868 761 922 couversionem
779 865 946 938 protraheret
963 875 990 925 ot
1007 875 1035 925 ut
1050 876 1092 926 ιι-

59 969 114 1021 ιιιι
132 981 162 1022 ιι
182 963 287 1021 Ghriste
304 963 488 1020 famulaturam
504 969 620 1036 putaret,
638 966 662 1020 st
679 963 727 1020 sub
746 968 878 1036 praetorto
896 967 989 1023 urbani
1001 968 1092 1026 hahita

60 1065 157 1120 mnndo
175 1067 262 1135 specie
279 1071 356 1120 temus
373 1063 527 1130 deserviret,
544 1069 687 1135 coeperunt
703 1064 797 1119 multra
814 1072 904 1121 contra
921 1083 978 1122 eum
989 1083 1091 1127 exeae-

60 1165 113 1218 euli
130 1179 194 1219 cura
210 1178 385 1230 succrescere,
404 1165 442 1217 ita
456 1168 483 1216 ut
501 1177 551 1218 non
569 1168 668 1216 tantum
685 1165 789 1233 specie,
807 1163 854 1220 sed
871 1167 898 1221 lu
915 1181 947 1222 eo
965 1169 1091 1226 retinere-

60 1272 104 1319 tur
127 1270 154 1319 et
178 1271 271 1320 mente.
320 1261 437 1318 'landem
461 1268 536 1332 patre
559 1259 668 1316 orbatae
695 1277 742 1318 ιιι
765 1267 926 1320 monasteria
948 1269 975 1321 im
999 1267 1091 1324 Sicilia

60 1366 221 1430 construxit,
255 1363 391 1434 septimum
415 1365 485 1416 intra
506 1362 608 1416 moenia
632 1359 705 1416 urhis
728 1359 777 1416 enh
804 1359 904 1419 honere
927 1369 1011 1422 saucii
1036 1366 1091 1424 hu·

60 1463 142 1519 dress
158 1463 274 1534 apostoli
292 1466 318 1518 iu
335 1465 443 1533 proprio
462 1459 565 1516 domate
583 1457 739 1527 fabricarit,
769 1461 795 1516 ln
814 1477 865 1532 quo
883 1463 980 1520 relictis
998 1469 1090 1524 sericis

59 1579 126 1619 aare
148 1565 309 1635 gemmisque
336 1560 498 1616 radiantibus
520 1560 566 1614 rili
592 1562 734 1614 monastice
752 1557 843 1614 habitu
860 1561 1006 1633 tegebatur.
1040 1565 1091 1623 ilbi

58 1663 95 1720 ad
114 1669 212 1718 tantam
228 1662 416 1735 perfectionem
433 1663 459 1714 iu
478 1657 552 1715 brevi
572 1655 691 1726 devenit,
726 1664 755 1714 ιι
773 1663 799 1715 ιι
816 1661 875 1731 ipse
895 1675 960 1718 suae
979 1677 1090 1722 conver·

59 1765 144 1818 siouis
170 1763 245 1817 luitio
271 1766 362 1834 posset
382 1761 439 1832 jam
461 1760 487 1814 lu
506 1757 678 1830 perlectorum
697 1775 804 1815 numero
821 1763 974 1832 computari.
1010 1763 1090 1836 Cujus

60 1861 164 1935 quide·
183 1861 311 1933 perfectio
330 1875 362 1916 ιι
380 1857 468 1915 verbis
486 1860 556 1924 sois,
593 1871 661 1929 quae
687 1860 712 1912 ιι
730 1860 842 1933 prologo
859 1875 940 1932 super
957 1860 1090 1936 dialogum

59 1965 143 2034 pouit,
161 1960 313 2034 aliqualiter
328 1958 454 2032 perpendi
471 1963 569 2030 potest,
589 1956 634 2012 ιιι
651 1959 689 2013 ιιι
706 1956 784 2014 dicit:
800 1958 892 2014 inlelir
904 1963 1005 2017 animas
1017 1977 1090 2019 meus

60 2063 241 2134 occupationis
263 2075 329 2114 suae
353 2057 472 2130 pulsatus
493 2055 602 2113 uulnere
626 2059 754 2125 meminit,
791 2057 877 2131 qualia
901 2059 1045 2132 aliquando
1063 2065 1090 2118 ιι

59 2163 220 2217 monasterio
239 2158 297 2225 luit,
316 2157 445 2229 quemodo
455 2159 479 2213 ei
489 2156 606 2212 labentia
616 2162 709 2212 ιιιιιι
717 2155 893 2224 subtererant,
912 2165 1033 2230 quantum
1047 2177 1091 2218 re·

59 2261 110 2317 ιιι
127 2259 261 2327 ιιιιιιιι,
280 2273 349 2331 quae
366 2258 519 2324 rolruutur,
538 2253 683 2324 eminebat,
700 2253 771 2327 qued
789 2255 875 2325 nulla,
895 2261 946 2314 nisi
964 2261 1091 2318 coelestia

58 2363 179 2434 cogitare
196 2363 385 2424 consueverat,
410 2356 574 2429 quodetiam
593 2360 709 2412 retentus
727 2369 838 2426 corpere
855 2357 914 2429 ipsa
928 2359 984 2430 jaer
1002 2362 1089 2417 caruis

57 2459 176 2515 claustra
192 2457 410 2530 contemplatione
425 2454 565 2520 transihat,
582 2452 651 2526 quod
669 2459 775 2510 mortem
793 2470 906 2526 queque,
924 2471 1088 2530 quaepaeue

56 2563 159 2616 eunctis
176 2573 264 2632 poena
281 2563 331 2625 est,
349 2555 470 2612 uidelicet
488 2561 516 2608 ut
532 2556 678 2626 ingressum
696 2555 766 2610 ritae
784 2559 811 2610 ιι
828 2557 970 2626 praemium
990 2555 1090 2614 laberis

59 2663 101 2717 sul
120 2658 235 2715 amabat.
269 2657 357 2713 Tanta
372 2655 484 2726 denique
501 2645 664 2708 districtione
680 2667 776 2724 corpas
791 2669 864 2708 sunm
882 2652 986 2722 alilixit,
1003 2662 1033 2711 nt
1050 2658 1089 2714 iu·

58 2759 171 2816 iirmato·
193 2755 327 2814 stomacho
355 2754 500 2810 subsistere
524 2755 567 2808 nin
595 2751 696 2806 caleret
726 2759 753 2808 at
783 2753 933 2810 incisionem
962 2755 1088 2824 vitalium,

59 2875 139 2934 quam
158 2858 251 2915 Graeci
269 2856 402 2928 syncopin
417 2860 527 2926 vocant,
560 2853 663 2923 patiens
680 2849 780 2908 crebris
797 2855 927 2924 augustiis
946 2871 993 2926 per
1010 2853 1089 2910 hora-

59 2975 116 3015 ιιιι
138 2964 266 3014 momenta
289 2955 323 3011 ad
345 2957 442 3011 exitum
466 2955 663 3026 propinquaret.
685 2982 719 2994 —
735 2979 768 2994 -
785 2981 820 2994 -
842 2957 874 3010 i.
899 2952 1015 3016 Quadam
1034 2956 1090 3012 rice

59 3058 121 3113 duur
141 3058 252 3130 quedam
270 3058 296 3110 lu
314 3057 472 3110 monasterio
491 3067 555 3120 ιιι,
586 3050 631 3107 ιιι
650 3048 735 3108 ιιιιι
753 3057 888 3124 praeerat,
919 3055 1088 3124 scriptitaret,

59 3157 171 3230 augelus
189 3140 285 3211 domiui
303 3157 329 3211 ia
346 3155 435 3227 specie
453 3153 576 3225 uaclragl
593 3151 645 3208 sibl
663 3151 738 3208 alluit
754 3152 858 3224 sibique
874 3155 992 3209 misereri
1005 3152 1089 3226 lacry-

58 3257 192 3312 mabiliter
208 3256 360 3326 postularit.
401 3253 449 3310 Cui
464 3267 529 3308 cum
548 3251 693 3326 Gregorius
711 3268 759 3309 sex
776 3259 918 3326 argenteos
936 3253 994 3308 dari
1012 3252 1089 3309 lecis-
1143 3255 1144 3258 ’

57 3361 100 3411 ιιι
118 3361 146 3412 ιι
162 3354 287 3422 abiisset,
325 3353 415 3410 eadem
435 3354 478 3408 die
495 3355 587 3409 iterum
606 3350 701 3417 rediit,
735 3367 817 3424 seque
834 3353 914 3408 multa
933 3352 1088 3424 perdidisse,

57 3469 143 3527 panca
162 3470 227 3509 rere
244 3456 378 3526 accepisse
395 3447 537 3524 perhibuit.
578 3453 628 3516 lini
644 3465 700 3506 cum
719 3449 752 3506 ah
770 3467 802 3506 eo
821 3453 928 3508 totidem
947 3459 1088 3525 argenteos

57 3557 219 3626 recepisset,
238 3555 330 3610 iterum
349 3554 501 3608 nicetertia
518 3565 641 3607 reversus
659 3549 845 3606 misereri'slhi
863 3553 1015 3622 importunis
1033 3551 1087 3606 cla-

58 3653 174 3707 moribus
198 3652 365 3723 postulsbct,
400 3649 448 3708 sed
466 3648 611 3723 Gregorius
628 3665 684 3705 cum
702 3665 718 3705 a
735 3658 905 3721 procuratore
924 3653 965 3705 sui
984 3666 1088 3706 monas-

57 3753 116 3806 terii
134 3751 286 3818 didicisset,
315 3750 380 3806 mihil
399 3748 510 3806 dandum
530 3755 635 3820 praeter
651 3751 785 3806 scutellam
806 3756 973 3822 argenteam,
1011 3764 1087 3822 quam

56 3857 139 3906 maier
157 3865 207 3906 ssa
223 3866 279 3906 cum
297 3849 471 3923 leguminibus
487 3852 589 3905 mittere
613 3847 729 3914 solebat,
765 3853 791 3904 ln
810 3850 968 3904 monasterio
986 3865 1088 3904 reman-

53 3953 138 4016 sisse,
174 3951 244 4005 illam
262 3953 349 4006 ιιιιιιι
373 3949 430 4005 dart
450 3951 599 4021 praecepit,
634 3963 710 4020 quam
727 3949 840 4004 libenter
855 3951 986 4018 accipiens
1003 3948 1088 4004 laetus

52 4049 193 4105 abscessit.
229 4049 376 4105 llicactem
395 4049 507 4121 angelus
523 4047 619 4104 domini
638 4049 702 4110 init,
735 4049 803 4104 sicut
821 4063 850 4104 se
868 4049 952 4118 ipsum
972 4053 1087 4119 postme-
