2842 5286
319 479 383 542 238
526 479 600 561 Cep.
622 478 697 540 niv.
739 479 784 539 De
805 479 1154 540 resurreetione-domini.

321 641 402 698 iieurn
421 646 508 696 tumen
525 637 645 711 quotidie
663 639 808 708 exorabat,
840 646 869 698 ut
885 640 1066 698 combustione
1091 639 1208 714 quadum
1232 643 1359 700 amborum
1401 703 1403 710 ,

321 740 397 795 simui
413 738 654 794 immisericorditer
670 736 838 810 abrumperet
852 742 929 796 uitus.
947 739 981 796 Et
996 755 1056 796 ecee
1066 743 1235 796 circunoetis
1245 742 1361 821 nediu,
1404 715 1412 758 u,

321 838 381 894 dum
401 839 542 911 evigilaret
568 846 594 893 ct
613 837 680 892 bane
702 839 848 894 orationem
873 839 990 907 taceret,
1021 839 1110 895 subito
1129 839 1239 906 domus,
1267 843 1294 896 tn
1313 858 1361 914 qus

320 946 395 1005 erut,
422 939 449 992 in
468 936 520 991 duo
538 936 625 992 diviso
642 937 692 992 tuit
710 942 738 992 et
760 937 889 1008 quaedum
909 938 1003 992 ioruex
1021 941 1147 993 inmensa
1163 939 1263 994 suiten
1282 955 1360 1013 uppu-

320 1040 374 1094 ruit
390 1038 588 1107 respiciensque
611 1051 713 1090 sursum
737 1037 804 1091 vidit
827 1037 928 1092 eoelum
952 1043 1071 1109 opertum
1099 1044 1126 1092 et
1152 1037 1250 1094 ibidem
1275 1039 1359 1099 Jesuru

318 1135 505 1190 cimurndaturn
533 1133 696 1189 inultitudine
720 1136 883 1208 ungeiorunr.
918 1135 1020 1191 Deinde
1034 1137 1113 1208 Juxta
1130 1137 1267 1194 tornacen
1286 1155 1359 1212 prse-

319 1234 384 1288 dicti
406 1233 458 1288 duo
473 1235 525 1289 riri
541 1233 643 1288 tremuit
660 1241 733 1289 sture
749 1242 898 1302 cernuntur,
918 1237 964 1306 qui
982 1251 998 1290 u
1014 1235 1183 1307 serpentibus
1203 1235 1237 1292 de
1255 1237 1359 1293 t'orssce
1396 1249 1397 1252 ’

318 1332 524 1404 procedentibus
542 1335 672 1387 morsibus
691 1338 718 1386 et
740 1333 945 1389 involutionibus
964 1336 1093 1390 sicienter
1112 1337 1139 1390 in
1156 1335 1293 1392 iorusoeur
1306 1345 1357 1393 trt-

317 1431 450 1488 lrebantur
465 1447 567 1487 necnon
592 1431 781 1503 aquibusdam
806 1433 867 1488 aitis
887 1435 950 1488 stris
976 1433 1195 1506 impingebantur.
1231 1435 1305 1490 Haec
1321 1440 1358 1492 rt-

318 1530 384 1586 dens
402 1533 504 1602 tlemus
520 1530 588 1585 adeo
613 1531 639 1585 tn
659 1534 768 1586 tutonem
787 1531 903 1586 vindicta
926 1531 1123 1598 delectabatur,
1148 1542 1178 1589 ut
1195 1537 1356 1606 superiores

318 1629 423 1700 quidem
443 1631 569 1685 visionem
588 1631 685 1684 intueri
701 1633 880 1685 contemneret
892 1639 919 1685 et
935 1633 961 1686 in
975 1630 1067 1686 borum
1081 1631 1305 1690 rtndictunrtotus
1319 1639 1357 1691 in-

317 1734 405 1782 tentus
415 1735 541 1795 maneret,
560 1730 598 1783 ite
610 1729 681 1799 quod
694 1729 830 1799 pinninum
849 1729 959 1785 moleste
978 1729 1089 1797 ferebat,
1109 1731 1177 1803 quod
1189 1735 1217 1787 in
1229 1733 1358 1790 tornacen

318 1844 370 1881 non
388 1830 441 1883 cito
459 1827 597 1886 cadebant.
640 1825 759 1882 Tandem
783 1844 840 1882 oum
858 1827 1000 1885 diiiicuiter
1023 1832 1050 1884 tn
1074 1831 1174 1886 coetum
1196 1837 1359 1904 respexisset

315 1934 345 2003 et
361 1927 522 1996 praedictum
543 1929 669 1983 risione·
687 1933 715 1982 ut
732 1929 805 1998 prius
825 1927 951 1994 vidisset,
975 1943 1039 1984 ecoe
1055 1928 1133 1984 iesus
1150 1931 1283 1986 boninum
1301 1933 1358 1987 itto-

298 2038 373 2082 'rum
396 2029 575 2096 miseriores
603 2026 793 2096 supercoelesti
815 2025 910 2082 tbrono
934 2029 1050 2084 surrexit
1081 2036 1108 2084 et
1131 2045 1215 2102 usque
1239 2031 1275 2085 ed
1298 2032 1357 2086 illos

316 2142 374 2181 eun
400 2123 564 2182 multitudine
585 2126 738 2198 enatorum
765 2125 928 2182 descendens
958 2141 1060 2181 sumtum
1084 2127 1203 2183 extendit
1230 2137 1257 2185 et
1285 2133 1357 2202 ipsos

316 2225 414 2295 eripuit
433 2223 551 2296 dixitque
569 2223 647 2281 Jesus
665 2223 751 2296 Carpo
768 2242 845 2280 nunu
861 2233 988 2281 extensu:
1006 2229 1136 2297 percutite
1154 2235 1247 2283 coutrs
1265 2246 1309 2286 ure
1326 2230 1357 2286 do

315 2333 438 2388 caetero,
464 2331 573 2394 paratus
592 2341 648 2378 snm
668 2327 736 2380 enisu
754 2341 846 2380 rursus
866 2342 914 2396 pro
936 2325 1084 2381 bominibus
1102 2327 1239 2383 salvandis
1258 2333 1314 2399 pati
1333 2339 1357 2384 et

315 2424 367 2494 boo
385 2423 447 2478 mibi
466 2425 582 2489 antonus,
601 2439 663 2490 uon,
683 2423 753 2494 quod
772 2425 818 2478 stit
836 2431 947 2494 peccent
964 2424 1092 2486 borsines.
1123 2425 1194 2480 tiene
1211 2434 1300 2483 sutem
1317 2431 1355 2485 ri-

317 2524 427 2589 sionem,
446 2535 523 2595 quant
541 2523 636 2578 recitat
652 2522 804 2594 Dpontsius,
822 2526 911 2595 grstia
927 2523 1006 2595 hujus
1025 2523 1100 2580 verbi
1117 2528 1261 2595 posuisses.
1281 2526 1358 2584 cirea

315 2629 443 2694 quartum,
461 2636 544 2693 quare
558 2637 613 2675 non
631 2623 795 2692 exspectarit
809 2635 866 2676 euru
884 2622 945 2677 aliis
962 2638 1112 2695 resurgere,
1130 2623 1238 2694 quando,
1255 2626 1357 2680 setiieet

314 2721 360 2776 iiot
373 2720 507 2793 gesseratis
524 2721 690 2775 resurreetio.
726 2720 872 2776 Secundum
891 2729 941 2789 est,
959 2721 1027 2792 quod
1041 2728 1150 2792 propter
1164 2729 1220 2777 tres
1239 2726 1357 2780 rationes

315 2819 396 2873 votuit
414 2819 531 2875 differre.
561 2820 647 2875 Prisno
666 2825 774 2890 propter
790 2821 910 2890 corporis
923 2820 1084 2892 dignitatem.
1121 2821 1183 2874 Cum
1203 2823 1272 2877 enim
1292 2823 1357 2879 titud

315 2931 410 2988 eorpus
429 2926 502 2974 essct
518 2918 716 2991 dignissimum,
740 2934 823 2975 exeo
843 2920 914 2990 quod
938 2926 997 2975 eret
1017 2918 1162 2976 deificatum
1181 2923 1240 2977 sire
1256 2919 1356 2976 disint-

312 3020 493 3084 immunitum,
521 3033 572 3072 non
592 2995 641 3073 ¹iuuit
658 3017 765 3085 decens,
784 3025 813 3072 ut
829 3017 928 3072 tamdiu
943 3017 991 3072 snb
1010 3018 1117 3089 putrere
1132 3021 1246 3090 jaceret
1281 3019 1356 3076 Unde

312 3115 423 3171 essin:
442 3117 587 3172 mundabis
605 3121 812 3183 sanotnntuum,
830 3115 858 3170 id
875 3121 918 3172 est
932 3132 1028 3186 corpus
1046 3117 1246 3180 reedificatum,
1264 3118 1292 3173 td
1312 3125 1355 3174 est

313 3213 480 3282 deificatum,
498 3215 589 3271 ridere
606 3217 807 3285 corruptionem.
831 3213 893 3270 item
912 3215 1025 3271 Psalms
1043 3231 1131 3290 surge
1142 3217 1247 3271 domiue
1264 3219 1292 3271 tn
1310 3233 1353 3271 re·

301 3297 397 3386 'quiem
422 3321 493 3369 tuen
516 3322 545 3370 tu
575 3321 601 3370 et
626 3313 708 3368 archo
732 3313 946 3370 sanctificationis
964 3321 1035 3371 tuse.
1075 3313 1109 3370 Et
1136 3321 1249 3370 uocetur
1271 3316 1356 3372 arcius

311 3415 528 3470 sanctificationis
548 3428 644 3482 eorpus
663 3412 737 3479 iliud,
756 3412 827 3485 quod
849 3412 899 3468 isit
919 3415 1094 3469 contestinum
1107 3413 1263 3470 divinitatis.
1301 3416 1352 3472 Se-

309 3512 395 3569 cundo
416 3521 525 3585 propter
542 3511 603 3568 ndei
620 3509 782 3567 firmitutenr:
808 3514 831 3567 st
852 3515 920 3568 entus
938 3519 1002 3567 tuno
1018 3529 1070 3567 non
1089 3517 1264 3580 surrexisset,
1285 3514 1353 3570 ides

310 3616 435 3685 periisset
452 3629 502 3670 neo
520 3627 607 3666 verum
624 3609 706 3665 lienus
724 3613 821 3682 utiquis
840 3610 1005 3667 credidisset.
1048 3611 1123 3675 Quod
1141 3619 1215 3683 putet
1240 3628 1273 3668 ex
1290 3613 1352 3678 boc,

309 3711 379 3782 quod
398 3713 424 3766 in
442 3713 568 3782 passione
585 3715 697 3779 excepta
713 3708 793 3764 beata
811 3713 915 3782 virgine
933 3726 1023 3766 omues
1042 3709 1118 3766 tidem
1136 3714 1287 3778 emiserunt,
1302 3711 1351 3768 sed

309 3813 417 3883 cognitu
436 3811 628 3866 resurrectione
647 3810 731 3880 ipsam
750 3817 981 3878 recuperaverunt,
995 3807 1016 3863 i.
1031 3811 1089 3864 tior.
1105 3809 1167 3865 XV:
1185 3812 1209 3864 si
1228 3810 1350 3866 (ibristss

308 3925 360 3966 non
378 3909 578 3974 resurrexisset,
598 3921 665 3962 runa
681 3914 723 3962 est
740 3905 806 3962 iuer
819 3913 919 3961 nostra
945 3906 1038 3962 Tertio
1050 3916 1160 3978 propter
1178 3916 1287 3964 nostrae
1305 3925 1347 3966 re·

306 4009 478 4062 surrectionis
496 4007 727 4077 exemplaritetem.
757 4004 827 4061 Raro
839 4011 907 4061 enirn
925 4007 1094 4071 inveniretur,
1113 4010 1157 4078 qut
1175 4009 1348 4062 resurrectio·

306 4121 365 4160 ncrn
385 4105 497 4160 futuram
513 4111 650 4177 speraret,
669 4107 719 4160 nisi
739 4121 795 4160 ean
814 4107 840 4160 in
863 4105 982 4176 exemplo
1000 4109 1166 4175 praecessise
1186 4104 1305 4170 videret,
1322 4113 1348 4161 et

306 4210 416 4276 propter
433 4204 484 4259 hoc
502 4204 565 4258 dicit
583 4204 734 4274 apostotus:
760 4207 824 4275 quis
841 4206 865 4258 st
888 4203 1007 4258 cbristus
1025 4207 1171 4260 resurrexit
1191 4209 1218 4258 et
1237 4219 1286 4258 mos
1305 4221 1348 4259 re-

306 4319 460 4374 surgemus,
486 4307 548 4376 quia
572 4307 630 4374 eius
654 4305 814 4357 resurrectio
832 4308 875 4357 est
896 4317 978 4357 causa
1002 4302 1161 4374 exemplaris
1179 4308 1287 4358 nostroe
1304 4319 1348 4358 re·

306 4403 486 4462 surrectionis.
528 4401 686 4475 Gregorius:
718 4400 837 4472 excerpto
864 4400 984 4456 domiuus
1001 4405 1172 4462 monstrarit,
1197 4402 1267 4472 quod
1284 4417 1348 4473 pro-
