2798 5302
318 505 357 566 tie
607 502 680 585 Cap.
704 505 739 564 X.
788 505 833 564 De
857 507 1063 566 innocentibus.

320 673 407 721 essent
431 662 540 720 emittes
559 666 628 721 etin
647 665 777 722 mandatis
793 663 839 722 Dei
859 661 991 724 ferventes
1010 672 1105 722 essent.
1158 663 1224 722 Post
1239 665 1292 721 iios
1307 664 1342 720 in-

320 781 391 822 ream
404 766 429 836 ¹)
450 764 602 838 quadratam
616 767 695 838 Juxta
712 763 796 822 eitrire
814 764 947 822 teretium
968 773 994 822 et
1011 772 1105 822 terrem
1124 771 1202 823 exies
1215 767 1341 824 emtum

313 869 410 940 jactari
429 867 641 940 descendensque
660 868 686 920 iu
706 865 809 921 iuream
834 869 959 938 expansis
978 865 1012 921 ad
1029 865 1109 922 Deum
1128 865 1250 924 inanibus
1271 861 1342 924 dixit:

317 969 441 1022 inritatus
459 967 493 1022 ad
510 969 655 1022 convivium
673 973 753 1034 tuum,
771 965 873 1022 domine
890 965 953 1026 Jesu
973 965 1092 1034 Christo,
1113 981 1173 1023 eece
1191 970 1270 1025 renio
1286 981 1343 1046 gn·

318 1071 368 1123 tina
386 1083 484 1141 egene,
520 1069 584 1139 pute
600 1063 722 1140 dignatus
741 1083 769 1122 es
788 1083 828 1122 me
846 1067 881 1122 nd
897 1073 957 1122 iuna
975 1067 1067 1139 epulas
1085 1069 1216 1139 innitere,
1253 1063 1343 1133 adens,

317 1169 387 1240 quud
407 1180 442 1223 es*
457 1172 514 1232 toto
533 1165 612 1223 eorde
629 1183 687 1230 meu
705 1166 853 1224 desideravi
870 1173 905 1224 te.
934 1167 1051 1239 Cumque
1067 1171 1212 1224 orationem
1231 1167 1342 1234 iniisset,

318 1275 390 1324 tanta
415 1268 459 1323 iux
484 1283 563 1340 super
588 1285 644 1324 eam
670 1271 788 1333 enieuit.
825 1269 896 1341 pund
920 1267 1006 1323 nulius
1029 1285 1086 1324 eum
1105 1272 1239 1341 respicere
1256 1269 1342 1341 potuit.

317 1367 462 1425 Recedente
480 1375 565 1424 nutem
581 1367 677 1425 iumine
697 1383 791 1424 manna
810 1368 889 1425 turea
907 1369 983 1441 piena
1002 1371 1140 1435 invenitur,
1158 1366 1230 1442 pund
1247 1373 1274 1423 in
1291 1367 1344 1423 iam

316 1469 362 1523 iiio
375 1473 463 1539 'usque
481 1467 558 1524 hodie
576 1479 733 1542 generatur,
769 1472 807 1524 ita
823 1476 851 1524 ut
869 1471 894 1524 in
916 1467 995 1527 iuudo
1020 1470 1114 1526 ioreae
1133 1471 1220 1526 instar
1236 1471 1344 1524 ainaim

316 1584 415 1624 arenae
431 1560 696 1626 suaturiro'rideatur
720 1571 787 1625 sieut
804 1573 831 1625 tn
849 1570 963 1626 tontibus
978 1571 1035 1627 iieri
1050 1573 1195 1630 consuerit.
1214 1601 1248 1611 -
1265 1600 1297 1611 -
1314 1599 1344 1610 -
1396 1635 1397 1656 χ

317 1675 369 1729 la.
390 1669 502 1726 seruus
520 1667 686 1726 Eedmundus
704 1685 751 1725 rex
763 1669 876 1743 dngiiue
894 1670 969 1737 nulii,
988 1674 1086 1742 petenti
1103 1673 1129 1726 ia
1150 1665 1343 1727 neminemneti
1396 1691 1397 1694 ¹

316 1767 443 1826 lobannis
462 1768 658 1842 evangelistae,
677 1769 777 1843 niiquid
795 1770 958 1844 denegabat,
977 1771 1044 1827 ande
1061 1773 1180 1845 contigit,
1201 1769 1273 1844 qnod
1290 1772 1342 1841 qei-
1396 1799 1397 1850 p

315 1869 373 1924 dam
394 1873 547 1942 peregrinus
562 1868 671 1926 absente
693 1875 837 1926 camerario
856 1873 883 1935 ip
901 1873 1003 1927 numine
1021 1875 1104 1928 sancti
1121 1870 1250 1929 Johaaais
1268 1883 1344 1924 eran-
1396 1855 1397 1920 ἕ

315 1969 427 2042 gelistae
447 1971 593 2042 importune
609 1985 626 2026 a
642 1985 705 2044 rege
723 1969 905 2026 eleemosinam
921 1955 1076 2044 postularet.
1118 1972 1167 2029 (ini
1183 1987 1232 2028 rex
1249 1971 1343 2042 pretio

315 2086 371 2125 sum
389 2069 525 2138 aemulum,
559 2085 616 2126 euru
633 2070 670 2124 nii
688 2067 759 2126 eiiud
777 2073 804 2126 in
822 2078 925 2143 promtu
944 2069 1070 2140 haberet,
1099 2072 1179 2129 dedit.
1216 2070 1270 2127 Sed
1287 2078 1345 2143 port
1379 2053 1381 2057 ’

315 2171 404 2243 piures
422 2169 480 2226 dies
497 2170 602 2242 quidam
620 2171 696 2227 miles
718 2171 832 2245 Angites
852 2173 879 2226 in
906 2174 1086 2230 transmarinis
1110 2173 1231 2248 pertibus
1250 2174 1344 2228 eonsti-

214 2276 215 2279 ’
315 2273 385 2328 tutus
405 2273 438 2327 ab
465 2269 555 2327 eedem
584 2272 725 2344 peregrino
741 2271 862 2327 mmulam
879 2274 936 2346 regi
954 2271 1116 2329 referendum
1134 2276 1161 2330 in
1179 2271 1247 2330 iieee
1266 2272 1344 2329 verim

315 2374 429 2445 recepit:
447 2371 502 2440 iiie,
522 2373 564 2427 eni
581 2379 608 2428 et
625 2388 674 2443 pro
693 2373 767 2445 ouius
785 2387 874 2428 nmore
889 2371 1013 2428 annulum
1029 2372 1096 2430 inune
1112 2373 1218 2442 dedisti,
1236 2363 1343 2429 tiiri're-

315 2472 429 2529 mandet.
465 2470 537 2528 Unde
554 2471 654 2543 liquido
673 2475 772 2545 patuit,
797 2471 866 2544 qnod
884 2472 977 2530 beatus
994 2473 1128 2532 iohannes
1145 2473 1230 2532 eidem
1247 2476 1274 2530 in
1294 2473 1344 2528 ior·

316 2581 358 2630 m'a
375 2573 499 2645 apparuit
516 2575 658 2646 peregrini.
678 2603 711 2616 -
727 2604 761 2615 -
777 2605 811 2616 -
835 2579 890 2635 18.
911 2571 1038 2630 isidorus
1061 2575 1094 2631 de
1112 2581 1171 2630 omn
1187 2581 1215 2630 et
1231 2575 1287 2632 vita
1305 2573 1344 2629 rei

315 2675 388 2731 obitu
414 2679 561 2728 senmurum
584 2675 713 2745 priorum:
754 2676 863 2731 mutarit
884 2672 1018 2732 iohannes
1043 2677 1069 2729 in
1093 2680 1184 2730 aarum
1209 2674 1343 2731 silvestres

314 2774 443 2831 frondium
462 2777 569 2847 virgae,
593 2773 751 2846 iittoreaqae
768 2789 835 2830 saxa
853 2777 879 2828 in
898 2789 1014 2848 gemmas
1031 2778 1156 2844 mutarit,
1186 2789 1343 2849 gemmarum

295 2913 297 2916 -
315 2876 445 2948 fragmina
463 2877 488 2928 in
507 2876 638 2945 propriam
656 2874 808 2930 reformarit
824 2880 956 2940 naturam,
981 2882 1123 2948 praerepto
1140 2875 1246 2931 viduam
1262 2878 1343 2932 ansd-

303 2977 389 3043 'tevtt‚
407 2983 433 3032 et
451 2976 593 3032 redivivum
607 2975 713 3046 juvenis
731 2990 826 3045 eorpus
844 2981 974 3030 remeante
992 2979 1233 3048 animarepararit‚
1253 2975 1345 3031 iniinens

313 3077 443 3133 iettterum
461 3076 580 3132 haustum
599 3077 684 3130 erasit
700 3073 841 3146 perieulum
860 3080 887 3131 et
905 3076 996 3132 eodem
1014 3084 1161 3147 prostratos
1180 3079 1292 3133 inritae
1303 3091 1343 3132 re-

313 3179 420 3247 pararit
434 3182 536 3232 statum.
573 3175 643 3232 diaeo
661 3173 794 3230 isidorus.

724 3415 934 3425 m-

741 3659 835 3758 tii.
867 3659 908 3755 d.

589 3815 664 3885 lie
704 3808 1057 3884 immooemtdirue.

377 3979 530 4034 innoeentes
547 3978 609 4033 dieti
625 3985 686 4034 sunt
704 3976 800 4049 tripiici
818 3979 935 4044 ratione,
953 3973 1054 4033 seilicet
1071 3977 1172 4029 ratione
1193 3975 1279 4041 ritae,
1298 3990 1344 4031 re-

310 4084 381 4136 tione
401 4093 501 4151 poenae
520 4086 546 4134 et
564 4081 665 4134 ratione
685 4079 849 4132 innocentiae
868 4080 1014 4131 assecutae.
1058 4071 1168 4128 muare
1189 4076 1259 4130 ritae
1276 4073 1339 4130 dieti

309 4187 370 4236 sant
388 4182 537 4234 innoeentes
554 4194 586 4233 ex
603 4186 649 4245 ed,
669 4159 738 4250 ipuod
758 4179 835 4232 uitam
854 4177 1031 4239 innocentem,
1048 4172 1075 4226 id
1094 4177 1149 4238 eet,
1174 4188 1227 4226 non
1244 4183 1340 4228 nouem

309 4285 360 4332 tem
376 4276 530 4333 habuerunt.
567 4267 635 4332 ituit
655 4279 721 4331 enin
739 4289 850 4346 unquam
869 4277 1026 4331 nocuerunt.
1045 4285 1092 4326 nee
1111 4271 1165 4328 Deo
1185 4287 1234 4342 per
1250 4271 1340 4328 inobe-

307 4413 684 4429 ..η-..-

363 4499 382 4546 1)
396 4496 433 4540 sd.
449 4494 517 4540 i’rino.
532 4495 589 4539 maie
605 4494 666 4537 loeo:
681 4493 851 4547 quadratam
867 4492 918 4544 iepit
935 4491 1019 4546 eujus
1034 4489 1173 4536 dextram.
