2842 5286
234 465 307 542 cop.
327 461 403 522 Lvi.
446 461 491 521 De
511 469 609 521 saneta
628 458 720 520 Maria
739 458 921 540 Aegyptiace.
1031 453 1093 518 nio

52 625 214 681 vestimenta
238 627 324 678 aniani
347 634 407 674 urea
419 616 572 688 jamdudum
592 617 739 688 putreiuotu
756 625 832 686 soni,
849 613 921 676 xvii
932 617 956 689 ¹)
973 618 1049 673 annis
1066 619 1094 674 in
1173 647 1178 658 ·

52 723 106 780 iroo
126 722 234 778 deserto
254 735 271 778 a
288 717 479 776 tentationibus
497 717 647 773 carnalibus
665 721 806 774 rnoiostata
822 718 877 786 iui,
896 717 944 774 aod
961 734 1029 773 nuno
1047 734 1096 789 per

52 822 104 879 Dei
117 823 232 894 graiium
247 833 336 875 omnes
351 816 416 872 vini:
437 829 499 872 eone
512 817 601 871 omniu
618 830 701 888 opera
714 833 773 874 non
788 817 838 873 tibi
854 820 1001 874 narrarint
1017 832 1095 891 rogo,

52 929 151 993 ntpro
177 936 219 976 nne
236 918 269 974 nd
288 915 370 972 Deum
393 930 488 987 preces
507 915 611 972 duodus.
652 915 730 972 Tuon
752 932 834 974 amen
857 917 892 972 sd
916 923 1012 974 terrarn
1032 934 1096 988 pro-

53 1027 158 1078 stratus
177 1021 202 1074 in
218 1016 317 1072 innuis
332 1031 382 1071 eun
401 1015 531 1070 dominnm
548 1015 691 1085 benedixit.
734 1017 784 1072 iini
802 1016 861 1072 iiia:
877 1016 989 1072 obseoro
1008 1024 1049 1084 ie,
1068 1023 1098 1072 nt

55 1123 86 1176 iu
104 1119 150 1176 die
167 1118 314 1174 dominioae
332 1128 431 1170 ooerrne
447 1113 483 1170 od
500 1113 642 1171 iordanern
660 1114 755 1171 redeas
783 1121 812 1171 et
826 1129 922 1186 eorpus
942 1113 1098 1172 dominicum

55 1227 147 1276 teon·
166 1217 251 1284 ieras;
277 1231 329 1289 ego
346 1212 443 1269 ihidnnr
460 1213 512 1268 tibi
534 1229 668 1270 ooourrann
685 1221 712 1272 et
731 1214 764 1270 do
781 1229 856 1271 mann
872 1222 920 1270 ina
939 1227 1035 1285 eorpus
1051 1230 1097 1271 na·

56 1335 132 1375 orum
153 1317 313 1387 suscipiam,
338 1311 398 1370 nan
417 1327 434 1368 a
452 1311 511 1380 die,
540 1327 593 1386 qna
611 1313 662 1368 huc
679 1315 754 1381 oeni,
776 1315 978 1370 communionem
999 1313 1098 1370 donnini

56 1435 112 1474 non
124 1417 225 1488 aroepi.
260 1413 374 1486 Rediens
392 1414 475 1486 igitur
491 1427 572 1468 senex
589 1412 623 1469 ud
641 1414 826 1468 monasterium
843 1413 932 1468 rointo
943 1429 1020 1483 uno,
1038 1413 1098 1470 dnrn

59 1515 122 1574 dies
138 1531 238 1572 coenae
260 1517 499 1586 appropinquaret,
523 1513 585 1567 iniit
608 1527 704 1584 eorpus
730 1510 885 1568 dominicum
913 1518 941 1570 et
963 1513 1099 1586 usquead

59 1618 146 1689 ripanr
165 1613 290 1673 iordanis
309 1615 417 1668 veniens
442 1626 476 1668 eu
500 1611 555 1666 aiis
577 1605 636 1684 ripa
660 1609 794 1667 niniierenr
816 1617 929 1670 stantem
954 1615 1101 1685 prospexit,

62 1731 132 1790 qnae
156 1730 238 1787 snper
261 1727 344 1784 aquas
371 1710 442 1771 isoio
468 1711 553 1766 ornois
578 1708 719 1784 signaculo
742 1711 790 1766 iiii
810 1718 836 1767 st
853 1710 887 1767 ad
911 1727 1000 1768 senem
1019 1727 1102 1786 usqne

60 1815 193 1888 pertenit
228 1811 310 1877 Quam
328 1810 420 1867 ridens
437 1823 519 1867 senex
537 1793 674 1880 obstupuit
690 1816 717 1866 et
735 1808 770 1864 od
791 1809 873 1884 pedes
893 1811 951 1883 ejus
969 1809 1103 1868 horniiiter

61 1931 93 1972 ee
110 1914 262 1987 prostravit.
298 1911 346 1967 Coi
365 1910 425 1965 iiio:
445 1909 515 1978 ride,
533 1927 566 1967 rio
584 1907 696 1978 teneris,
715 1925 772 1965 ounr
790 1919 953 1968 aeramenta
971 1912 1103 1969 dominieu

60 2029 146 2087 penes
163 2019 191 2068 te
208 2011 308 2068 habeas
328 2018 355 2068 ei
373 2009 517 2068 sacordotii
541 2008 671 2082 dignituie
694 2009 839 2084 refulgens,
858 2012 907 2070 sed
925 2012 1057 2080 obseoro,
1074 2021 1103 2070 ut

64 2115 189 2188 sequenti
207 2127 275 2168 anno
298 2109 333 2167 ud
351 2129 402 2179 nne,
421 2118 508 2183 paier,
530 2110 618 2166 redire
636 2109 762 2186 digneris.
780 2113 855 2169 Tnno
874 2111 920 2168 iiia
938 2111 1008 2168 isoio
1026 2115 1104 2185 signo
1132 2179 1143 2190 ⁸

63 2214 154 2270 erneis
169 2229 251 2285 snper
266 2209 391 2269 iordanis
405 2225 488 2282 aquas
505 2211 553 2265 ivit
571 2215 598 2266 oi
615 2215 693 2266 orerni
708 2212 875 2269 solitudinem
888 2214 989 2284 potitii.
1017 2211 1104 2268 Senon

63 2327 130 2369 vero
149 2311 184 2367 ud
203 2327 276 2367 annin
296 2311 482 2366 monasterinm
498 2307 605 2365 rediens
620 2311 741 2382 sequenti
758 2325 826 2366 uuno
844 2309 879 2366 ad
895 2310 989 2378 ioooor,
1008 2313 1105 2384 inquo

64 2415 176 2487 primunr
193 2425 281 2467 seron
298 2409 401 2465 iornins
423 2407 524 2476 inurat,
548 2411 620 2465 venit
643 2416 670 2466 et
693 2411 757 2466 esur*
775 2408 871 2465 ibidem
891 2413 1044 2481 exspirasse
1062 2427 1105 2467 re·

66 2513 147 2585 perit.
182 2510 232 2574 oni
249 2509 387 2581 laerymari
406 2511 496 2580 ooopit
512 2516 540 2566 ei
556 2511 638 2580 ipsam
653 2499 824 2583 inoperosiori
841 2511 1008 2582 praesumsit,
1026 2509 1105 2565 dixit·

66 2627 119 2684 quo
137 2611 268 2666 intrare:
294 2625 345 2684 ogo
366 2608 471 2681 quidem
496 2607 678 2679 eorpnsruinnr
701 2616 809 2666 sanotae
835 2609 951 2681 sepelire
974 2607 1106 2680 solebam,

66 2709 116 2767 sed
132 2712 222 2776 tineo,
241 2723 274 2766 ne
290 2707 342 2763 hoo
360 2707 413 2762 sibi
432 2705 581 2781 dispiiooai.
616 2707 672 2765 Hoo
688 2725 720 2765 eo
733 2710 868 2784 rogitante
884 2709 951 2765 sidit
963 2691 1106 2780 Juxta'oa·

67 2817 116 2887 put
133 2825 207 2866 annun
226 2809 329 2864 iitteras
348 2809 374 2863 in
400 2814 473 2864 inrra
491 2807 640 2879 descriptas
664 2809 703 2864 ita
725 2809 903 2865 eontinenies:
928 2809 1029 2881 sepeli,
1053 2807 1108 2864 Zo-

68 2912 146 2977 sirna,
163 2907 267 2964 Marias
287 2908 485 2981 oorpnsouinnr,
504 2907 585 2963 reddo
602 2915 690 2963 terroe
706 2900 840 2979 puiro'roni
859 2923 933 2964 suom
951 2913 978 2964 ot
995 2923 1043 2964 ora
1058 2923 1108 2979 pro

68 3025 110 3064 rus
127 3007 161 3062 ad
180 3006 327 3075 dominon,
351 3009 386 3063 nd
406 3010 481 3080 onius
504 3013 672 3078 praecepium
696 3006 813 3063 seeundo
834 3008 878 3063 die
894 3007 995 3079 iipriiis
1014 3007 1110 3080 reliqui

69 3108 123 3163 iroe
141 3106 282 3163 neonium.
317 3094 394 3162 'douo
412 3121 493 3162 nonen
511 3123 559 3180 pro
576 3111 648 3161 oerto
666 3107 805 3179 cognovit,
831 3103 902 3178 quod
920 3121 996 3172 uror,
1016 3111 1044 3161 ut
1061 3105 1110 3160 do-

69 3209 132 3263 nrini
150 3212 340 3263 auennentnin
352 3207 457 3276 arrepti
474 3211 501 3261 et
517 3204 551 3260 ad
569 3203 700 3261 doserturn
720 3201 808 3272 rediit,
833 3207 914 3260 sitnon
930 3203 1013 3260 dnirit
1029 3203 1111 3259 iiind·

70 3323 123 3381 qne
141 3305 289 3374 doarium,
316 3302 389 3378 qnod
410 3303 532 3360 Zosimus
550 3320 597 3376 per
613 3301 688 3358 XXX
708 3301 808 3359 dieronr
827 3305 941 3375 spatium
959 3305 1001 3359 rix
1020 3303 1111 3360 ambu-

70 3405 146 3473 larit,
162 3404 212 3460 iiia
228 3406 256 3460 in
274 3421 327 3461 uos
343 3405 411 3460 horu
427 3403 559 3475 percurrit
576 3408 603 3458 et
620 3401 654 3457 nd
673 3401 753 3458 iienrn
770 3403 901 3476 migravit.
935 3401 1049 3474 Cumque
1067 3421 1112 3462 se·

70 3519 123 3561 nex
143 3511 238 3563 terrsrn
255 3504 377 3573 inderet,
408 3501 456 3560 ned
478 3503 613 3573 nequiret,
640 3501 708 3556 nidit
724 3501 825 3558 leonem
850 3501 885 3557 ud
912 3517 943 3558 so
965 3503 1113 3558 venientem

62 3611 218 3672 numenoio,
239 3603 357 3676 dixitque
373 3601 430 3658 iiii:
454 3607 546 3657 saneta
564 3601 614 3655 irno
629 3599 723 3656 rnuiier
739 3603 875 3672 praesepii
889 3601 998 3672 sepeliri
1016 3617 1113 3674 corpus

72 3720 147 3760 sunno
166 3710 194 3759 ei
212 3719 274 3776 ego,
292 3719 349 3759 onon
366 3705 414 3758 sinn
430 3715 528 3770 sorex,
552 3697 644 3756 indere
661 3713 714 3754 nou
731 3713 837 3770 possum
854 3715 904 3756 noo
930 3701 1007 3756 etiarn
1026 3700 1113 3757 irsbeo

74 3804 315 3878 ’)ierrnrnentnn,
347 3807 376 3857 tn
400 3816 465 3874 ergo
491 3805 587 3854 terrani
615 3797 691 3866 iode,
727 3805 756 3854 ui
779 3803 911 3871 possimos
935 3801 994 3872 ojus
1017 3815 1113 3873 corpus

73 3904 267 3960 sauciissinrnnr
288 3899 409 3972 sepelire.
451 3898 527 3954 Turro
552 3897 595 3952 ieo
620 3897 824 3974 eoepitiodero
848 3907 876 3954 et
899 3905 985 3970 aptaro
1003 3899 1112 3956 *dovram

74 4002 260 4072 praepararit,
283 4015 335 4074 quo
352 4004 461 4072 peracto
479 3995 522 4052 ieo
539 4001 568 4052 ni
582 4011 667 4069 agona
686 4003 836 4054 mansuetus
853 3997 921 4054 abiit
936 4005 962 4055 et
978 3987 1060 4056 sonex
1077 3999 1112 4055 nd

75 4115 149 4156 ononi
168 4099 352 4154 nonasterium
368 4094 521 4173 gioridrans
538 4093 619 4152 Deum
631 4097 723 4153 uenit.

130 4307 151 4363 Ι)
165 4307 354 4353 descensorium
369 4306 481 4366 prioris.
558 4307 581 4359 2)
595 4304 634 4350 sd.
651 4307 684 4352 i’r.
699 4305 768 4352 molen
782 4303 1008 4354 iirnronrerrinnu.

488 4437 708 4454 m
