2842 5286
974 213 995 276 s

327 509 387 572 244
529 509 601 589 Cap.
625 508 700 571 le.
741 510 787 570 De
810 508 1017 572 resurreetione
1037 507 1158 570 domini.

328 671 474 744 agilitatem
492 668 591 740 saliens
607 669 689 746 exivit
709 683 727 724 a
743 668 821 725 nnlnla
837 675 873 738 et¹
895 683 952 725 eanr
971 669 1038 726 ineo
1055 667 1220 741 loqueretar,
1240 665 1311 724 laeta
1325 675 1359 724 eat

326 786 377 826 nox
395 777 424 826 nt
439 771 579 825 tonitrunm
596 769 701 824 dinone:
723 768 808 826 tollite
828 774 920 841 portae
944 770 1077 842 prloolpen
1102 773 1208 825 venires
1226 773 1256 824 et
1279 767 1358 824 olera

325 872 389 926 ‘mini
409 875 501 942 portae
511 869 659 924 aeternales
678 873 704 923 et
718 868 838 924 introibit
854 885 901 925 rer
912 867 1025 942 gloriae.
1059 866 1100 924 nd
1115 867 1185 924 hane
1199 882 1293 940 roenna
1307 883 1359 922 ear-

328 975 463 1027 enrrerent
479 967 620 1023 daemones
641 974 669 1022 et
685 969 756 1024 eolla
772 981 856 1025 aenea
874 985 931 1024 enea
951 967 1070 1026 reettbna
1093 967 1189 1025 demis
1208 968 1359 1023 olareenoot

328 1070 405 1126 Troe
423 1068 490 1124 dixit
510 1066 644 1137 ¹)David:
662 1082 747 1122 nonne
762 1077 814 1140 rgo
827 1067 985 1140 prophetari
1005 1068 1112 1125 deone:
1131 1067 1309 1124 eondleartrr
1320 1065 1359 1120 do

329 1171 398 1225 raino
417 1174 482 1234 ete,
510 1168 572 1238 qnia
590 1163 714 1221 contrivit
730 1173 821 1238 portae
839 1183 937 1224 aeneae
955 1174 1005 1225 ete.
1047 1165 1132 1224 Foeta
1145 1172 1190 1224 rat
1207 1169 1302 1222 iterorr
1318 1179 1360 1220 ror

328 1269 441 1324 nnaniona
464 1247 570 1322 dicens:
594 1265 680 1321 tollite
704 1273 796 1335 portas
817 1272 866 1324 ete.
903 1266 1140 1333 viderenturne,
1170 1263 1245 1337 qnod
1267 1262 1360 1319 duabu

327 1367 429 1424 ninias
448 1367 615 1432 elnnanerat,
628 1365 705 1436 quasi
723 1363 849 1438 ignorant
868 1365 949 1423 dixit:
968 1369 1028 1438 qaia
1045 1374 1088 1422 est
1106 1367 1156 1422 iste
1176 1380 1224 1420 rea
1240 1363 1360 1436 gloriari

329 1469 410 1536 ²)Cal
423 1465 533 1522 Daniel:
553 1464 671 1520 doninus
691 1463 767 1520 lontio
788 1471 816 1520 et
833 1471 941 1536 potone,
962 1465 1080 1522 dominon
1098 1472 1193 1538 potem
1209 1465 1237 1519 in
1257 1462 1361 1536 proelio,

327 1569 385 1638 ipre
403 1573 444 1621 est
461 1581 507 1621 rex
525 1565 636 1637 gloriae.
672 1563 749 1619 Tnno
767 1580 813 1620 rex
826 1566 929 1636 gloriae
947 1567 1101 1637 ropervenlt
1114 1571 1279 1622 etaetornaa
1297 1569 1361 1619 teor·

328 1665 390 1721 brae
416 1665 557 1720 illustrarit
580 1670 607 1720 et
630 1663 773 1720 extendent
804 1661 927 1720 dominon
948 1681 1050 1721 narona
1074 1672 1101 1722 et
1124 1671 1219 1721 lenem
1250 1662 1361 1719 dextra·

327 1765 402 1822 Adae
417 1765 498 1819 dixit:
516 1778 567 1835 pax
584 1761 634 1818 titi
653 1779 709 1818 eunt
727 1762 847 1820 omnibns
866 1763 929 1820 liliis
947 1768 999 1821 tola
1013 1763 1189 1837 insiluerit,
1208 1769 1236 1820 el
1254 1763 1361 1820 alnu-

326 1864 366 1921 dll
382 1864 500 1918 doninus
523 1862 557 1916 ab
576 1862 668 1918 interit
689 1870 716 1918 et
739 1877 828 1918 ennea
847 1865 931 1920 naneti
949 1871 1011 1920 sant
1034 1881 1091 1922 eon
1105 1865 1205 1923 recenti.
1241 1864 1361 1920 Βοιίιιιι

326 1970 411 2019 antenn
436 1969 527 2018 lenens
550 1975 651 2016 nanum
669 1960 743 2016 Adae
766 1961 876 2018 tradidit
899 1963 1026 2021 Mielraeli
1052 1962 1214 2038 archangelo
1237 1969 1266 2019 et
1284 1964 1362 2017 intra·

326 2060 400 2116 duxlt
418 2077 464 2118 eon
483 2063 510 2116 in
529 2059 698 2133 paradinus,
714 2059 810 2131 onibus
829 2071 1000 2119 oeenrreront
1016 2063 1068 2119 deo
1085 2065 1133 2120 nirl
1148 2061 1248 2121 retesti
1266 2060 1362 2117 dirra-

325 2167 352 2217 et
370 2163 526 2232 interrogati
546 2167 606 2216 rent
627 2161 773 2216 aeanotire
794 2163 844 2234 'qni
860 2163 926 2218 estio
952 2179 1014 2231 ron,
1038 2163 1083 2236 qol
1106 2161 1245 2218 neblaeern
1271 2162 1298 2215 ia
1324 2161 1362 2215 la·

326 2260 390 2316 leris
411 2261 506 2314 nortui
524 2258 636 2314 nondun
659 2259 746 2314 lointia
765 2265 793 2316 et
810 2261 837 2315 tn
860 2260 986 2332 paradino
1006 2276 1118 2333 corpore
1136 2261 1261 2317 oelloeati
1280 2259 1364 2316 orent

325 2359 358 2416 El
377 2358 514 2431 respondit
532 2375 598 2415 antra
616 2373 648 2416 en
666 2360 714 2413 iis:
733 2374 785 2433 ege
803 2375 860 2416 ιιιιιι
878 2358 988 2429 Knoell,
1014 2362 1060 2433 qni
1076 2360 1120 2417 lrle
1136 2361 1283 2416 trnnalalns
1301 2377 1363 2425 ιιι,

325 2459 368 2514 lrie
386 2465 471 2514 anteon
491 2464 532 2514 ost
549 2455 638 2526 Elias,
666 2459 711 2530 qnl
728 2456 781 2514 lrne
800 2472 877 2514 earne
894 2461 974 2533 lgneo
987 2467 1121 2520 maraton
1141 2466 1200 2528 eat,
1227 2467 1256 2518 et
1280 2460 1364 2516 adine

325 2567 433 2616 nnontrnt
451 2574 504 2613 nen
521 2560 699 2631 gratavinnia,
727 2556 776 2614 aed
799 2559 825 2613 in
842 2556 981 2614 adrentum
999 2559 1156 2617 Arrliehristl
1173 2563 1305 2617 merrae
1321 2574 1364 2614 aa·

326 2673 382 2712 mna
401 2671 456 2712 enm
475 2671 507 2712 ee
527 2658 682 2728 proellatnri
710 2639 786 2714 elale
808 2673 841 2714 eo
857 2656 996 2714 oeeidendi
1019 2665 1046 2716 ot
1063 2666 1123 2730 post
1146 2658 1261 2716 trldnnrr
1282 2667 1309 2716 et
1324 2658 1364 2712 dt-

327 2755 431 2812 nilion
449 2755 516 2811 dien
534 2759 561 2811 ln
578 2756 691 2812 nubibas
709 2757 868 2816 unonendl
901 2755 936 2814 Bt
952 2771 1009 2814 enar
1026 2757 1094 2815 liaeo
1112 2759 1223 2827 diceret,
1241 2773 1304 2816 eece
1321 2773 1364 2814 ae-

327 2857 448 2928 perneolt
471 2857 539 2911 alins
565 2859 606 2912 vir
629 2863 737 2927 nonani
762 2857 788 2911 in
813 2855 927 2913 homerio
956 2860 1043 2914 ennete
1066 2861 1187 2932 oignon,
1216 2860 1262 2930 ool
1286 2860 1367 2914 loter-

219 2941 220 2946 '
328 2942 448 3028 rogatas,
466 2959 526 3027 qaia
544 2964 625 3024 esset,
643 2956 724 3012 dine:
742 2973 793 3030 ego
807 2941 876 3014 latro
891 2957 929 3012 lul
943 2961 971 3012 et
987 2973 1044 3014 enm
1056 2956 1270 3014 lereemollxna
1287 2957 1324 3012 lai
1342 2964 1368 3014 el

328 3053 429 3111 eredidl
447 3057 530 3127 ipson
549 3071 610 3113 ease
626 3062 771 3112 erealerenr
789 3061 816 3113 el
833 3059 907 3111 orari
928 3055 1032 3112 dioenee
1050 3063 1223 3114 memoresto
1238 3058 1301 3124 rael,
1319 3055 1368 3112 de·

329 3157 411 3222 orior,
435 3155 540 3228 quando
560 3157 663 3212 veneris
680 3156 707 3210 ln
725 3160 831 3227 regnora
850 3161 939 3224 taeen3
957 3163 1019 3210 inne
1036 3154 1103 3211 dixit
1120 3155 1197 3212 nilne
1214 3172 1293 3212 arorrr
1309 3157 1369 3213 dien

327 3254 386 3322 tibi,
407 3253 486 3311 hodie
499 3269 597 3310 neonae
613 3257 666 3311 orie
677 3256 704 3310 lo
718 3254 852 3327 paradiso,
872 3262 900 3312 el
910 3253 982 3311 dedit
996 3254 1059 3309 nolhi
1078 3253 1148 3310 lntnd
1159 3257 1246 3311 eraclo
1264 3258 1367 3330 algnana

329 3353 436 3408 dicens:
454 3352 506 3410 hee
522 3359 630 3424 portora
647 3354 752 3409 ambula
768 3356 794 3410 lo
811 3353 962 3426 paradisum
981 3360 1007 3409 el
1023 3355 1048 3410 al
1064 3369 1117 3409 noa
1134 3353 1309 3413 doleantur
1326 3359 1368 3412 ln-

330 3452 406 3526 gredi
426 3453 537 3525 angelon
555 3459 645 3508 enema
660 3453 796 3525 noradini,
820 3453 931 3510 ostonde
953 3453 992 3508 illl
1016 3455 1119 3527 aignan
1136 3455 1222 3510 erneir
1245 3460 1274 3511 ot
1296 3453 1370 3512 door

330 3550 364 3606 ad
383 3552 463 3619 illurn,
481 3554 552 3625 qnia.
564 3551 696 3621 Christos,
714 3557 758 3625 qni
776 3569 844 3612 nnoo
861 3553 999 3611 ornoiixno
1018 3559 1068 3618 eal,
1090 3555 1234 3609 eartmlalt
1250 3569 1302 3610 nne.
1334 3553 1371 3610 tn

332 3665 387 3706 enno
406 3650 457 3706 lron
475 3651 595 3710 leeletenr
611 3660 637 3710 et
653 3653 778 3710 dixissent
796 3655 902 3729 angelo,
919 3655 1006 3709 atatlno
1022 3654 1145 3724 aperient
1165 3651 1314 3709 introduxit
1329 3669 1371 3710 nae

332 3757 359 3806 et
374 3750 408 3806 ad
426 3751 543 3806 dextram
561 3752 678 3822 paradirl
699 3754 841 3810 ooiloeonit
858 3770 906 3811 ne.
941 3751 1004 3810 Cum
1023 3745 1072 3806 hoe
1083 3750 1195 3807 Carinae
1211 3758 1239 3806 et
1256 3749 1371 3806 Larem

332 3850 414 3905 inentl
432 3851 558 3919 luissent,
587 3852 676 3908 andito
693 3851 873 3926 transligerali
892 3859 954 3908 aunt
980 3857 1007 3907 et
1026 3850 1137 3921 anolino
1156 3851 1207 3904 riri
1232 3865 1286 3905 aon
1301 3857 1370 3906 enat

225 4017 226 4020 Ἴ
334 3947 478 4022 Gregorius
502 3966 605 4024 queqw
627 3951 762 4023 Hyreanas
788 3954 830 4009 rel
855 3951 998 4008 noeandnn
1022 3948 1150 4023 qnondam
1174 3947 1297 4019 lllrroal)
1314 3946 1371 4003 ltn-

333 4051 455 4121 gnsliona
482 4049 514 4106 de
538 4050 590 4106 noe
614 4050 707 4108 eodeor
724 4054 763 4108 aie
785 4055 837 4107 all:
865 4050 1003 4108 eonlertlln
1021 4055 1131 4104 aetem
1152 4061 1205 4102 nox
1227 4045 1373 4102 inserere·

335 4143 439 4204 cinisio
458 4149 634 4206 descendente
652 4149 824 4222 resplenduit,
843 4165 903 4206 nox
922 4148 1068 4222 lerraglnel
1081 4147 1213 4220 janitores
1225 4144 1292 4200 talla
1305 4147 1374 4202 inter

339 4304 708 4323 Ἥ

388 4406 409 4456 Ι)
419 4405 461 4450 nd.
475 4407 509 4452 rr.
522 4405 587 4458 lenito
600 4403 712 4452 Daniel.
786 4405 809 4459 2)
821 4404 907 4448 Verban
921 4402 970 4447 (lui
983 4423 1006 4436 -
1020 4399 1136 4454 [leriae
1149 4398 1232 4444 &aunt
1245 4397 1269 4442 in
1282 4397 1325 4444 td.
1339 4401 1374 4440 t’r.

338 4471 359 4521 ὅ)
373 4470 413 4514 Ed.
427 4475 459 4518 i’r.
473 4472 546 4518 nino·
559 4481 631 4518 recten
645 4480 673 4518 rt
687 4471 866 4525 nunnreinua
880 4470 1040 4517 areundnnn
1057 4467 1199 4524 quendam
1213 4464 1319 4509 libros.
