2866 5310
290 485 352 550 870
442 485 513 568 esp.
534 483 690 549 Lxxxtx.
736 489 780 548 De
802 498 899 548 sancto
922 487 1007 550 Petro
1031 490 1171 570 apostolo.

291 649 343 703 mla
359 646 457 700 amoris
472 643 611 703 dulcedine
622 645 749 718 lacrymas
762 649 896 703 continere
911 663 963 702 oon
976 652 1089 717 poterat.
1125 645 1234 710 Quando
1247 648 1325 704 ctiam

290 747 392 817 culpan
406 746 556 817 negationis
570 743 604 799 ad
618 747 767 801 memoriam
786 744 938 813 reducebat,
958 745 1068 800 ubertim
1083 743 1212 816 lacrymas
1223 750 1326 803 emitte·

291 845 352 911 bat,
378 843 448 898 undo
469 843 537 900 adeo
556 846 584 898 iu
604 843 793 900 consuetudine
809 844 902 899 habuit
920 845 999 911 llere,
1023 853 1053 901 ut
1076 849 1135 918 ojus
1160 847 1244 902 latios
1271 853 1326 902 totu

289 943 386 1000 adusta
402 943 523 1016 lacrymis
540 945 687 1010 videretur,
712 945 780 999 sicut
805 943 869 1000 dicit
893 943 1023 1000 Clemens.
1057 945 1129 1002 ldon
1153 948 1231 1001 etiam
1252 947 1326 1008 dicit,

290 1043 361 1114 quod
380 1043 471 1099 audito
489 1045 517 1098 iu
534 1050 611 1099 nootc
630 1043 826 1114 gallicantusd
845 1045 991 1100 orationem
1011 1061 1123 1123 surgere
1144 1052 1327 1110 consueverat,

292 1149 318 1199 cl
331 1152 392 1198 tuno
404 1144 525 1198 simililer
537 1142 570 1198 ad
585 1143 672 1198 llelurn
686 1143 855 1214 prorumpere
870 1145 1014 1200 consuerit.
1040 1143 1130 1200 llelert
1145 1161 1249 1217 quoque
1265 1143 1325 1201 cle·

291 1257 374 1308 mcns‚
391 1241 532 1303 secundum
550 1241 621 1316 quud
641 1245 666 1297 in
686 1239 804 1314 hystoria
816 1241 999 1298 ecclcsisslicu
1014 1246 1153 1311 iuvenitur,
1172 1243 1253 1316 quod,
1268 1258 1326 1299 cum

291 1359 358 1398 uxor
375 1341 444 1398 Petri
464 1340 666 1413 adpersionem
684 1341 838 1408 duceretur,
862 1341 955 1398 l'etrus
970 1344 1071 1416 ingenti
1090 1345 1188 1416 gaudio
1207 1344 1326 1400 exsulta-

293 1447 331 1498 rit
348 1457 380 1500 ac
397 1457 452 1498 cam
472 1443 581 1514 proprio
608 1455 704 1497 rocuns
728 1443 847 1507 ricosine,
871 1448 932 1514 post
950 1457 1007 1498 cau
1025 1443 1162 1500 clamavit:
1186 1445 1328 1514 ocoujur,

292 1552 419 1600 memento
437 1541 543 1598 domini.
579 1540 696 1605 Quadam
715 1542 771 1597 rice
787 1540 847 1594 dum
866 1539 959 1596 Petnrs
977 1537 1115 1613 apostolus
1134 1545 1201 1597 duos
1219 1541 1252 1598 dc
1271 1542 1328 1595 dis·

292 1641 387 1712 cipulls
402 1645 459 1697 auls
476 1645 595 1698 misisset
611 1639 644 1697 ad
664 1638 874 1712 praedicandum,
893 1639 952 1696 dum
974 1645 1067 1714 viginti
1086 1642 1190 1698 diaetas
1207 1645 1329 1705 tuissent,

292 1757 358 1796 unus
377 1729 479 1796 illorum
499 1741 638 1798 defunctus
657 1747 713 1808 est,
741 1740 809 1796 alter
837 1757 899 1796 uero
919 1740 953 1796 ad
974 1741 1075 1796 l’etrum
1095 1741 1173 1798 rediit
1192 1753 1234 1808 et,
1256 1739 1328 1813 quud

292 1842 439 1904 acciderat.
458 1844 596 1898 nuntiarit.
631 1840 679 1896 llic
695 1839 791 1894 dicitur
809 1839 892 1895 luisse
909 1839 1003 1896 beatus
1022 1839 1154 1897 Martialis
1172 1842 1213 1898 rel
1232 1855 1330 1896 secun-

292 1941 351 1996 dum
371 1941 497 2013 quosdam
516 1941 662 1998 Maternus.
695 1939 768 1997 Altos
794 1940 907 2013 legitur,
933 1941 1004 2012 quod
1031 1943 1129 2013 primus
1156 1941 1206 1996 luit
1231 1940 1330 1997 beatus

292 2039 402 2103 Fronto:
422 2043 521 2107 socius,
539 2044 583 2113 qui
602 2041 741 2096 defunctus
759 2047 810 2104 cst,
827 2041 958 2096 secundus
971 2039 1019 2095 luit
1037 2041 1168 2111 presbiter·
1186 2037 1326 2112 Georgius.

293 2139 676 2196 'luncPctrusuuumlraculum
689 2139 1044 2212 sibltradiditprsecipiens,
1062 2149 1089 2195 ut
1104 2141 1137 2195 ad
1151 2143 1251 2196 socium
1266 2155 1327 2212 por-

291 2247 369 2316 peret
385 2248 412 2296 ct
429 2257 486 2296 eun
504 2257 586 2312 super
605 2240 675 2295 illum
695 2247 813 2311 poneret.
849 2239 924 2306 Quod
938 2255 994 2296 oum
1013 2239 1122 2297 lecisset
1136 2239 1190 2306 ille¹
1210 2242 1254 2311 qai
1271 2239 1326 2310 jan

292 2356 339 2411 per
362 2339 411 2396 xl.
434 2340 493 2396 dies
515 2338 627 2411 lucebat
649 2348 783 2408 mortuus,
804 2341 923 2411 protinus
944 2341 1060 2396 surrexit
1086 2341 1169 2395 virus.
1189 2345 1260 2400 -2
1284 2339 1327 2396 Eo

292 2449 408 2510 temporo
427 2447 486 2497 erat
502 2443 529 2495 lu
542 2440 688 2496 Jerusalem
701 2439 805 2512 quidum
821 2455 911 2512 magus
927 2442 1030 2494 nominc
1043 2439 1149 2510 Spmon,
1168 2439 1211 2512 qul
1227 2455 1255 2496 sc
1272 2442 1325 2507 pri-

292 2554 358 2594 mam
376 2543 510 2596 raritatem
530 2540 638 2597 dicebat
654 2546 681 2598 cl
698 2539 752 2594 sibl
769 2538 907 2595 credentes
927 2547 1069 2612 perpetuos
1095 2538 1164 2595 elllci
1187 2537 1328 2597 asserebat

292 2645 319 2695 el
338 2638 410 2694 nulls
428 2639 480 2694 sibi
499 2639 676 2712 inpossibilia
692 2637 807 2694 dioclsst.
841 2637 954 2711 Legitur
967 2641 1044 2695 ctiam
1059 2642 1086 2695 io
1095 2641 1164 2694 libro
1176 2637 1327 2704 Clementis,

293 2745 377 2809 ipsura
396 2738 512 2798 dixisse:
531 2740 672 2807 adorabor,
691 2746 719 2794 ut
733 2738 814 2805 Deus,
831 2738 945 2810 publice,
965 2737 1061 2794 divinis
1080 2739 1201 2796 donabor
1218 2739 1326 2794 honori·

293 2838 342 2894 bus
361 2847 402 2905 ot,
427 2840 557 2912 quidquid
581 2841 705 2908 volucro,
732 2838 822 2895 lacero
847 2845 949 2910 potero.
984 2837 1134 2912 Aliquando
1160 2853 1217 2894 cum
1244 2845 1329 2894 mater

293 2951 350 2993 nea
365 2937 463 2996 Rachel
477 2939 587 3013 juberet
603 2955 643 2996 me
661 2941 735 2994 exire
752 2937 787 2993 ud
806 2953 939 3010 campum,
958 2944 987 2994 ut
1003 2947 1140 3004 meterem,
1161 2954 1212 3012 ego
1233 2938 1327 2994 isicem

291 3037 384 3094 videus
403 3043 514 3110 positam
535 3040 658 3111 praecepi
678 3039 755 3107 laici,
780 3051 808 3094 ut
831 3055 879 3108 per
901 3049 932 3094 te
956 3045 1081 3102 maeret.
1104 3045 1130 3096 et
1151 3041 1261 3095 messuit
1278 3037 1324 3096 da·

292 3139 368 3206 cupio
386 3141 498 3210 emplius
517 3144 639 3196 cacteris.
675 3141 916 3212 assiduumque,
936 3139 1074 3194 secundun
1093 3138 1164 3212 quod
1182 3142 1248 3195 dicit
1263 3137 1327 3195 llic-

294 3253 428 3309 ronpnus:
446 3256 497 3312 ego
516 3255 572 3295 sum
588 3255 676 3297 sermo
693 3239 758 3307 lici,
777 3256 828 3312 rgo
846 3241 1002 3310 speciosus,
1020 3255 1071 3312 ego
1090 3239 1249 3311 paraclitus,
1274 3253 1326 3312 ego

292 3340 379 3392 omnia
396 3338 455 3393 liei.
489 3339 632 3412 Serpentes
649 3357 754 3413 quoque
770 3355 869 3399 aeuccs
894 3339 1010 3396 iuoielrst
1029 3353 1059 3394 sc
1082 3354 1204 3408 morere,
1222 3345 1328 3395 stetuss

291 3449 388 3494 sensas
407 3445 432 3494 et
452 3439 573 3510 lapideas
592 3441 693 3510 ridere,
720 3447 746 3496 et
764 3457 843 3496 osnes
859 3447 975 3496 eantare.
1010 3439 1056 3494 llic
1072 3441 1171 3514 igliur,
1198 3447 1227 3495 ut
1244 3437 1326 3495 Linus

290 3539 343 3606 ait,
371 3537 464 3594 volens
488 3539 625 3610 disputare
650 3556 706 3597 cun
727 3540 806 3597 l’ctro
827 3546 854 3596 ct
877 3539 1030 3596 ostendere.
1058 3540 1127 3612 quod
1146 3539 1215 3598 Deus
1243 3548 1326 3608 esset,

291 3645 391 3693 statute
408 3638 452 3694 dic
470 3642 540 3695 venit
557 3639 650 3696 l'cirus
668 3641 702 3695 ad
718 3639 801 3697 locum
820 3641 969 3695 certaminis
992 3648 1019 3696 et
1042 3639 1209 3696 adstantibus
1232 3643 1326 3700 l’etrus

290 3736 373 3793 dixit:
397 3751 447 3808 pax
467 3737 559 3806 rolris,
583 3739 694 3802 iratres,
720 3741 765 3812 qul
783 3742 916 3796 veritatum
938 3742 1043 3795 amatis.
1078 3741 1125 3798 Cui
1143 3739 1254 3813 Syuon:
1275 3759 1326 3801 noa

290 3843 335 3892 tua
352 3853 416 3908 paee
434 3852 501 3910 opus
519 3855 571 3894 non
590 3835 732 3907 habemus,
761 3841 786 3896 si
805 3841 871 3895 enim
890 3842 1040 3911 pensitet
1059 3840 1211 3910 concordia,
1230 3843 1263 3898 nd
1283 3845 1325 3899 ln·

288 3935 442 3993 veniendum
467 3937 601 3995 veritatem
626 3939 693 3996 nilril
718 3941 846 4012 proicere
869 3941 1019 4012 poterimus.
1052 3939 1155 3997 liabent
1171 3945 1238 3998 cniu
1257 3947 1326 4001 inira

289 4051 319 4091 se
337 4051 428 4108 pacem
446 4037 573 4104 latrones,
591 4040 786 4112 propterquod
806 4041 860 4096 noli
879 4043 1002 4096 invocare
1016 4055 1115 4113 parom,
1133 4041 1181 4098 sed
1196 4059 1325 4116 pugnam:

287 4135 391 4190 dnobus
409 4139 476 4192 enim
496 4138 681 4195 dimicantibus
699 4146 759 4195 luno
776 4141 825 4196 erit
845 4157 905 4212 pax,
924 4141 1068 4198 consitor
1083 4143 1326 4214 lueritsuperalus.

286 4231 320 4290 Et
337 4235 446 4292 Petrus:
476 4253 523 4293 our
540 4241 616 4294 times
634 4239 727 4295 audire
747 4239 856 4310 paccm‘l
890 4239 929 4298 Ex
952 4243 1070 4314 percutis
1089 4241 1156 4299 enim
1174 4241 1245 4299 liclia
1263 4259 1325 4299 nas-

287 4341 396 4404 cuntur,
416 4339 461 4391 ubi
485 4346 571 4394 autem
590 4346 723 4410 paccatum
749 4357 800 4396 non
820 4339 863 4411 it,
889 4356 942 4412 par
966 4349 1023 4409 cst;
1050 4343 1077 4398 lu
1100 4341 1324 4414 disputationibus

287 4437 399 4501 veritur,
420 4437 445 4490 in
463 4437 589 4509 operibus
604 4440 711 4510 iustitia
729 4443 867 4498 invonitur.
903 4435 938 4498 Et
958 4441 1066 4513 symon:
1087 4441 1150 4498 nliil
1169 4437 1254 4512 dicis,
1274 4443 1324 4498 sed
