2798 5302
251 527 327 608 Cep.
348 527 425 587 xttt.
468 527 514 587 De
536 527 752 587 circumcisione
770 525 889 588 tietuini.
1063 527 1099 589 st

57 685 189 745 saoerdsr
207 694 234 744 et
250 691 306 746 ris.
361 687 430 744 istus
453 687 521 743 enin
548 692 662 758 quntutu
685 703 816 762 personae
834 689 895 745 oiinr
912 697 1104 746 consueverunt

57 789 162 861 inungi.
197 785 258 844 Fuit
275 788 342 846 enin
361 786 492 861 propheto
510 788 537 840 in
555 784 692 842 doetrinae
709 787 874 856 eruditione,
898 789 972 862 pogii
992 791 1018 844 iu
1037 789 1085 861 tipo

58 885 116 941 boii
134 885 329 956 debellatione,
364 885 490 943 smerdes
509 887 537 940 in
555 885 639 956 patris
657 887 886 956 reconciliatione,
913 901 961 942 reu
977 889 1004 942 itt
1023 903 1100 959 prtu-

59 987 172 1040 ntiurrsr
191 983 372 1041 retributione.
413 983 455 1042 it
472 983 654 1041 introeundo
675 987 778 1040 neruiue
796 984 1004 1050 denominantur,
1040 991 1102 1062 quta

59 1081 201 1140 aciristo
218 1083 328 1141 dieirtur
345 1083 497 1142 ctttsutni.
538 1084 577 1140 Ite
595 1101 647 1157 qne
667 1083 769 1139 sunnine
789 1085 827 1137 sie
845 1083 909 1140 dieit
925 1085 1102 1158 Augustinus:

58 1181 223 1240 eirirtianns
238 1183 375 1255 justitiae,
405 1183 547 1250 bonitatis,
571 1183 751 1258 integritatis,
777 1183 936 1254 patientioe,
960 1187 1100 1253 eastitatis,

59 1279 215 1354 prudentiae,
233 1281 413 1349 humanitatis,
430 1284 606 1350 innoeentiae,
623 1283 732 1354 pietatis
750 1287 790 1338 est
807 1295 908 1337 nornen.
935 1280 970 1340 Et
986 1290 1014 1339 tu
1032 1285 1102 1342 istud

61 1382 197 1455 quomodo
217 1381 266 1436 tttt
284 1379 406 1462 deiendis
424 1385 451 1438 et
470 1379 605 1448 sindicus,
643 1383 685 1438 cui
703 1377 736 1436 de
753 1386 804 1434 taur
823 1379 942 1452 piurimis
959 1383 1038 1440 rebus
1054 1401 1102 1442 nee

60 1497 149 1553 panes
173 1480 340 1538 subantuntt
393 1479 558 1536 Chrisdanus
575 1486 617 1536 est
634 1480 695 1546 iiie,
730 1480 776 1552 qui
798 1496 851 1534 nort
871 1483 974 1537 senine
991 1489 1101 1550 tantun,

60 1579 110 1637 neti
128 1582 206 1636 etiam
224 1595 305 1652 opere
322 1585 371 1636 est.
408 1579 479 1635 iisse
495 1578 667 1651 Augustinus.
708 1577 826 1635 'i'ertiunt
846 1595 938 1636 uotuen
958 1588 999 1638 est
1013 1582 1102 1640 iesus.

60 1679 116 1736 iios
135 1685 222 1736 auten
239 1695 332 1735 nomen
349 1677 427 1736 iesus
446 1678 586 1733 secundun
603 1676 764 1733 Berrtarduru
787 1677 882 1734 dicitur
907 1677 996 1749 cibus,
1032 1681 1101 1751 iens,

59 1779 202 1847 medicina,
220 1785 247 1835 st
262 1779 317 1834 iux.
351 1777 397 1834 iiic
414 1783 499 1833 auten
518 1775 593 1832 citus
611 1777 779 1848 multiplicent
796 1775 878 1832 habet
897 1777 1031 1846 eiectum,
1059 1789 1101 1838 est

59 1881 130 1936 enirn
147 1877 222 1933 sibus
237 1877 438 1944 confortativus,
457 1877 678 1948 inpinguatirns,
697 1876 865 1934 roboratione
883 1883 909 1934 et
925 1883 1100 1951 vegetatione.

59 1977 100 2036 lie
119 1977 161 2033 his
178 1979 217 2033 sie
236 1975 299 2033 dicit
316 1976 481 2032 Bernartius:
517 1980 560 2030 est
578 1973 652 2030 ciitns
678 1973 729 2030 iroe
750 1991 843 2032 nonen
866 1975 954 2033 iesus.
989 1978 1029 2033 Au
1048 1993 1100 2035 nott

58 2080 142 2134 toties
159 2076 335 2142 confoderis,
366 2077 469 2147 quoties
487 2073 658 2132 recordaris?
692 2073 760 2139 uuit
785 2089 870 2148 usque
897 2082 1006 2132 ueniere
1024 2081 1099 2152 cogi-

59 2179 144 2232 tantis
154 2177 180 2246 ¹)
190 2177 358 2249 impinguati
376 2173 499 2237 Quiritis
516 2175 675 2230 eremitstos
692 2180 914 2246 reparstsensns,
930 2176 1038 2232 virtuter
1054 2193 1098 2234 ro·

60 2275 150 2342 iterat,
170 2281 279 2348 regeint
294 2273 378 2329 bonos
395 2289 481 2330 neres
498 2279 578 2344 atque
594 2279 683 2328 ossius
703 2273 959 2331 ioretuiisstiones?
978 2269 1099 2332 Sectrndo

60 2374 159 2430 dieitur
179 2373 247 2442 isos,
265 2373 334 2430 unde
351 2373 415 2428 dicit
433 2371 500 2429 idern
521 2371 686 2428 Bernartius:
701 2371 780 2429 iesus
798 2379 838 2428 est
855 2371 913 2428 iens
927 2376 1098 2450 ritsestgns·

59 2479 120 2542 tus,
139 2475 184 2546 qui
202 2477 227 2528 io
246 2480 371 2546 quattuor
387 2477 459 2529 riuos
477 2487 507 2528 se
524 2471 646 2528 diiiuntiit
664 2472 690 2525 itt
708 2471 821 2541 pitteus.
858 2469 932 2529 Unde
951 2477 994 2545 qui
1014 2475 1100 2531 iustus

61 2581 105 2629 est
124 2569 201 2629 noiuis
220 2575 367 2644 sapientis,
388 2574 511 2646 justitia,
537 2570 708 2627 sanctificatio
726 2577 754 2626 et
769 2571 932 2642 redemptio;
968 2576 1101 2645 snpientia

61 2674 88 2726 iu
108 2671 315 2743 praedicatione,
329 2673 435 2745 justitie
452 2673 479 2726 in
497 2677 662 2743 penesterutn
681 2669 863 2738 absolutione,
882 2671 1055 2728 sanctificatio
1072 2677 1099 2728 in

59 2773 263 2827 conuersatione
281 2772 323 2828 rei
338 2775 364 2827 in
382 2771 564 2837 conversione,
582 2769 728 2840 redemptio
745 2770 771 2822 in
789 2771 923 2839 passione.
955 2770 1099 2827 iiuesiier-

60 2869 169 2926 nardus.
204 2869 276 2926 Alibi
294 2886 398 2943 quoque
417 2869 582 2930 siudieitur:
611 2875 665 2924 tres
685 2867 735 2923 riui
752 2865 883 2922 tinxerunt
900 2883 917 2922 a
933 2867 1014 2938 iesu,
1040 2886 1098 2926 rer-

60 2969 122 3024 iuuru
141 2969 257 3037 doloris,
275 2972 302 3025 in
321 2986 373 3043 quo
392 2976 434 3025 est
451 2968 600 3036 euniessto,
617 2969 728 3040 sangnis
745 2968 924 3037 aspersionis,
943 2969 970 3022 tn
988 2985 1040 3041 que
1059 2977 1101 3026 est

59 3067 186 3136 uidistis,
222 3083 293 3140 suus
310 3067 516 3134 enuntiationis,
553 3067 650 3138 inque
668 3069 710 3120 est
728 3067 901 3136 compunctio.
948 3064 1041 3124 'i'ertiu
1059 3077 1101 3125 est

59 3167 206 3235 medicina,
231 3166 299 3224 unde
315 3170 354 3223 sis
372 3171 424 3223 ait:
450 3171 493 3222 est
510 3167 589 3220 etiarn
607 3163 657 3220 itoc
676 3179 769 3220 nonen
784 3162 863 3221 iesus
881 3165 1017 3222 medicina.
1052 3167 1097 3224 Ni-

59 3265 99 3322 iii
117 3267 186 3322 eninr
203 3269 242 3322 itu
258 3269 315 3324 irae
332 3269 453 3337 inpetunt
471 3264 591 3330 coiuibet,
617 3261 759 3334 superbiae
774 3237 900 3319 tumerent
917 3264 1004 3333 sedat,
1021 3274 1101 3323 sanat

59 3369 154 3426 iiruris
173 3367 282 3434 ninus,
301 3369 438 3438 restringit
454 3365 575 3420 inxuriue
594 3363 706 3429 iiuuntn,
726 3364 871 3434 exstinguit
888 3361 1007 3419 libidinis
1025 3365 1097 3425 datu-

59 3484 145 3537 ·snt,
185 3469 254 3524 sititn
272 3473 416 3538 temperet,
448 3465 567 3519 urnritee
586 3468 613 3518 et
630 3463 711 3516 totius
732 3461 869 3517 dedecoris
890 3462 965 3535 iugttt
983 3466 1097 3539 prurigi-

60 3585 129 3625 nent.
175 3567 275 3632 Quam
292 3570 334 3620 est
351 3563 406 3633 iux,
425 3563 492 3619 nude
510 3565 561 3617 sit:
587 3559 654 3616 unde
673 3567 761 3632 putus,
779 3561 806 3615 itt
823 3565 880 3615 toto
898 3561 963 3617 urite
980 3567 1055 3617 unte
1072 3571 1101 3621 et

60 3675 114 3724 tan
133 3664 222 3722 satira
240 3663 299 3720 idei
316 3665 371 3728 iun,
388 3665 439 3718 uiri
458 3661 491 3717 de
508 3660 706 3732 praedieatione
724 3660 766 3715 rei
784 3661 936 3730 praedicatu
953 3661 1028 3729 iesu,
1049 3663 1099 3718 itus

59 3772 218 3832 sstnunen,
236 3763 305 3837 qued
316 3761 412 3818 Patrius
430 3760 554 3830 portsitst
570 3775 657 3814 curato
676 3759 799 3833 gentibus
817 3767 947 3829 tsouquunt
966 3761 1100 3817 incernatur

59 3882 143 3937 snper
160 3861 354 3919 condelabrum.
390 3859 444 3914 iiue
461 3861 553 3916 iterntn
573 3873 666 3914 nonen
682 3856 760 3914 iesus
779 3865 820 3912 est
838 3858 935 3913 nouitas
948 3861 1097 3918 sustitutis'.

58 3963 129 4020 unde
148 3961 314 4019 iteruttrdns:
332 3963 354 4014 si
375 3957 493 4029 sortitu,
512 3973 563 4013 non
579 3959 650 4029 sepit
666 3955 744 4024 nriiri,
764 3959 815 4011 nist
835 3959 927 4028 tegern
944 3956 981 4010 iiii
999 3959 1097 4015 isson.

58 4063 89 4118 st
104 4061 223 4135 disputes
241 4075 272 4115 ac
289 4059 421 4126 conteres,
439 4073 492 4113 nen
508 4059 579 4127 sapit
596 4053 669 4122 uniiti,
687 4056 739 4109 nisi
751 4059 870 4112 sonuerit
884 4054 1014 4113 torturus.
1034 4056 1096 4114 itero

57 4161 205 4219 Riciufflur
226 4160 259 4215 de
282 4161 380 4216 Sancto
406 4155 525 4213 Victore:
555 4153 634 4210 iesus
652 4159 692 4208 est
710 4155 803 4212 nonsit
823 4153 913 4219 uiuite,
938 4169 1031 4211 uenter
1050 4155 1096 4212 de·

57 4259 193 4327 iectubiie,
211 4261 305 4315 nonen
321 4256 475 4313 coniortuns
492 4258 657 4327 peecutorern
676 4261 702 4308 et
720 4253 816 4309 beatae
833 4255 899 4324 spei.
943 4251 1016 4324 Ergo
1033 4253 1096 4309 iesu

107 4481 130 4534 t)
143 4481 236 4524 ncesse.
249 4477 326 4530 ierunt
339 4475 498 4532 inponunt.

871 4557 889 4608 ii
