2962 5302
392 493 464 572 Cap.
487 492 548 554 CL.
590 493 636 554 De
657 503 755 555 saucia
777 494 902 575 Peiugia.
1103 463 1164 564 tiit

130 652 272 712 ciuncuos
290 648 436 710 niunden
452 653 644 725 preecepieeet,
660 652 782 710 coiuube
799 651 930 724 disparuit
945 658 973 711 et
985 661 1045 726 poet
1057 659 1165 716 nissen

129 753 236 810 rediens
260 759 288 809 et
313 751 347 808 ab
370 754 429 824 ipso
452 754 580 823 episcopo
606 754 632 806 in
650 767 714 809 ruse
732 751 843 824 quodem
861 766 947 824 aquae
964 768 1052 816 mersa
1069 757 1167 816 nunde

132 857 159 909 at
176 850 292 908 candide
311 853 402 908 eniens
420 857 473 906 ten
491 851 545 906 uite
562 851 674 918 rotarii,
699 850 770 923 quod
790 849 874 910 rideri
898 866 951 910 uon
972 856 1066 924 potuit.
1100 855 1162 916 Eri-

128 951 216 1026 giians
235 953 325 1024 igitur,
344 949 402 1005 dun
421 947 532 1023 quadem
551 953 608 1004 rica
627 949 661 1006 td
678 949 817 1006 ecclesian
834 951 981 1026 procedens
997 954 1164 1025 praedicaret

128 1056 157 1108 et
173 1049 285 1122 Pelagio
307 1065 434 1121 praesens
458 1055 544 1116 esset,
568 1047 635 1104 adeo
660 1057 816 1122 cumpuncta
840 1058 894 1118 eet,
920 1050 992 1124 qaod
1015 1055 1040 1107 ei
1057 1053 1161 1110 litteras

127 1165 177 1222 per
193 1153 310 1206 nuntiurn
329 1151 399 1205 nisit
416 1148 522 1204 dicens:
540 1153 630 1202 sancto
649 1151 777 1221 episeopo
795 1148 924 1222 discipulo
943 1150 1040 1208 christi
1052 1151 1163 1227 retegis

127 1248 262 1320 discipula
279 1247 400 1320 dpeiuuii;
426 1250 450 1304 si
474 1263 536 1302 rere
554 1245 653 1304 christi
670 1247 816 1321 disciputus
835 1250 1030 1322 comprobaris,
1048 1255 1110 1323 qui,
1133 1261 1162 1310 ut

128 1349 232 1415 audiri,
251 1364 300 1420 pro
317 1346 502 1421 peecatoribus
520 1345 555 1403 de
572 1347 648 1403 coeio
666 1346 816 1417 descendit,
841 1365 881 1405 rue
900 1353 1088 1420 peccatricem,
1111 1353 1160 1410 eed

128 1451 304 1522 poenitentem
323 1449 459 1517 suscipere
476 1446 602 1518 digneris.
638 1445 685 1502 (iai
704 1445 749 1503 iiie
766 1449 881 1505 reuisit:
903 1465 986 1522 rogo,
1010 1458 1039 1506 ut
1056 1451 1159 1507 intuiti-

126 1553 205 1604 tatern
230 1562 312 1603 nean
340 1561 392 1601 nun
414 1549 517 1613 tenne,
540 1547 602 1617 quie
625 1544 705 1601 horno
727 1553 852 1617 peccator
874 1562 948 1615 sure,
977 1549 1026 1605 sed
1051 1551 1076 1606 ai
1096 1567 1160 1608 rere

127 1646 226 1707 saivari
250 1646 402 1713 desideres,
431 1644 515 1702 soirrn
538 1659 578 1700 rue
604 1644 694 1701 videre
715 1661 765 1701 nou
788 1647 905 1717 poteris,
929 1645 976 1704 sed
1002 1649 1070 1706 inter
1091 1649 1160 1707 aiios

127 1761 167 1802 use
191 1746 302 1803 ridebis.
338 1744 453 1815 Curaque
476 1743 511 1798 sd
537 1759 594 1800 euru
620 1758 707 1799 corun
738 1743 858 1816 pluribus
882 1743 1048 1818 advenisset,
1077 1749 1159 1820 pedes

127 1846 185 1917 ejus
207 1843 382 1916 apprehendit
405 1849 432 1898 et
455 1843 619 1898 amarissime
642 1841 709 1899 dene
730 1843 818 1900 dicere
839 1847 942 1916 coepit:
965 1861 1017 1919 ego
1034 1862 1090 1902 euru
1107 1847 1157 1906 Pe·

126 1944 200 2017 iagia
221 1943 333 2015 pelagus
357 1943 504 2013 iniquitatis
528 1941 664 1996 exundant
686 1941 807 1998 ductibus
828 1950 1008 2014 peccatores,
1032 1961 1084 2020 ego
1102 1963 1159 2002 sunu

22 2079 24 2084 ·
126 2043 284 2115 perditionis
303 2040 430 2112 abyssus,
449 2055 501 2112 ego
520 2055 621 2113 vorago
641 2046 667 2096 et
683 2040 794 2112 iaqueus
812 2044 971 2110 animarum,
996 2044 1091 2101 nuuitoe
1110 2045 1158 2104 de·

127 2149 219 2213 ceptus
236 2140 343 2211 decepi,
362 2155 429 2212 quae
448 2153 514 2194 nunc
532 2147 628 2195 nuncu
644 2140 789 2211 perirorrui.
826 2139 902 2196 'i'unc
919 2143 1059 2214 epiecopus
1077 2146 1158 2200 inter·

127 2241 232 2313 rogarit
255 2255 311 2295 earn
335 2238 439 2294 dicens:
464 2235 535 2309 quod
560 2237 608 2294 tibi
627 2254 719 2294 nonen
739 2239 801 2295 eati
835 2238 884 2294 Cui
902 2239 960 2294 iiie:
986 2245 1158 2299 suedritate

125 2338 234 2409 Pelagiu
253 2352 343 2406 rocon,
364 2338 410 2392 sed
431 2343 541 2409 proptor
558 2339 767 2394 vestimentorum
785 2351 905 2409 parspere
924 2353 965 2394 ure
983 2338 1160 2413 Margariteuu

124 2438 267 2511 appeliant
302 2436 379 2492 Tunc
403 2439 544 2508 episcopus
568 2438 710 2492 cienenter
732 2450 789 2492 eane
807 2437 954 2508 suscipiens
972 2441 1158 2507 poenitentiam

123 2539 150 2595 ei
167 2537 308 2592 satutarern
326 2537 440 2608 injunxit
457 2540 484 2591 ut
500 2536 526 2589 in
543 2534 593 2591 liei
609 2539 703 2593 tiruore
722 2533 866 2607 diiigenter
885 2536 1010 2593 instruxit
1031 2543 1058 2593 et
1079 2553 1158 2595 sacro

123 2635 284 2707 heptienate
306 2635 482 2708 regeneravit.
517 2632 651 2710 lipabuiue
675 2639 761 2688 auteur
785 2633 881 2688 iiidern
905 2635 1036 2692 denatat
1053 2635 1158 2696 diceus:

107 2727 142 2789 vo
168 2733 309 2801 violentia,
342 2746 419 2805 quatu
449 2734 538 2804 patior
560 2735 594 2787 ab
624 2732 675 2786 hoc
696 2747 760 2789 eene
785 2732 934 2805 decrepito!
970 2735 992 2789 0
1017 2736 1157 2804 tietantia!

125 2831 148 2890 0
173 2837 295 2889 seuerius
318 2833 402 2890 rusie!
437 2830 597 2890 Maledictus
621 2830 692 2898 dies,
724 2834 752 2886 tn
776 2847 828 2904 quo
857 2837 1004 2890 contrarius
1027 2841 1104 2892 uetus
1128 2851 1157 2893 es

124 2929 240 3004 ntiirique
264 2945 337 3002 epen
360 2943 442 2986 neen
465 2931 599 2984 naxirasre
624 2929 767 2986 abstulisti.
802 2931 919 2994 Quadam
945 2933 1055 3004 insuper
1070 2941 1157 3001 uocte,

123 3047 180 3089 eun
204 3030 315 3105 Pelagie
340 3029 482 3095 durruiret,
510 3025 639 3100 drausius
668 3027 703 3083 ad
730 3043 788 3084 cara
816 3032 936 3086 renitet
958 3046 1016 3089 earu
1039 3035 1158 3091 oscitans

124 3129 193 3187 dixit
209 3129 275 3186 eibi:
292 3129 400 3185 domiue
416 3127 579 3200 Margarita,
604 3127 667 3200 quid
685 3143 797 3199 unquan
816 3128 865 3184 tibi
885 3130 953 3187 nale
971 3132 1043 3190 iecit
1076 3131 1151 3192 Nutu-

123 3227 188 3300 quid
212 3245 265 3286 uon
287 3227 409 3286 cunibus
432 3226 533 3284 diuitiis
553 3231 581 3282 et
603 3226 692 3300 gioria
707 3233 734 3281 te
752 3230 868 3284 ornarit
902 3227 1008 3294 Queeeo
1024 3231 1066 3288 dic
1083 3233 1157 3300 nihi,

124 3330 158 3384 in
175 3343 227 3399 quo
250 3333 278 3383 te
304 3327 476 3392 contristent,
502 3331 529 3383 et
551 3327 671 3396 protinus
694 3325 743 3382 titt
765 3327 936 3388 satisfacient,
970 3325 1084 3386 Tantum
1107 3331 1157 3386 oir-

123 3439 217 3491 eecm,
246 3441 280 3481 ue
310 3439 350 3480 ure
372 3422 495 3492 deseres,
519 3439 553 3480 no
580 3423 749 3496 opprobrium
777 3424 928 3482 christianin
953 3426 1062 3483 eiiciar.
1096 3427 1159 3500 ipen

123 3531 209 3583 amen
238 3538 270 3579 se
295 3525 413 3595 signarit
441 3529 468 3580 et
496 3526 523 3578 iu
546 3523 684 3595 dyaboiun
711 3524 855 3582 insufflanit
879 3531 907 3581 et
926 3525 1016 3584 statius
1040 3528 1157 3588 creauit.

123 3623 174 3680 nte
197 3624 277 3682 tertio
300 3623 403 3688 οιιιίιι,
431 3637 499 3695 quae
526 3622 656 3690 habebut,
689 3626 858 3694 praeparauit
883 3629 910 3678 ct
932 3627 1107 3697 congregarit
1131 3631 1158 3682 et

123 3721 285 3795 pauperibus
307 3721 411 3781 tribuit,
445 3720 510 3777 Post
530 3721 633 3794 utiquot
656 3729 741 3778 auten
765 3721 823 3776 dies
846 3723 948 3778 cunctis
971 3723 1156 3796 ignorantibus
1266 3763 1267 3766 ,

123 3821 234 3893 Pelagio
258 3817 323 3876 inda·
341 3826 420 3874 noctu
440 3819 546 3892 autugie
569 3825 596 3875 et
614 3823 640 3876 tn
658 3826 745 3876 noete
762 3819 853 3877 uiiteti
872 3818 991 3888 deuenit,
1015 3820 1062 3876 utri
1079 3821 1157 3878 iradi-

123 3927 178 3976 turu
187 3920 314 3975 eremitae
325 3917 459 3989 accipiens
471 3919 497 3972 in
510 3932 593 3989 perra
609 3919 678 3975 caiis
697 3918 793 3974 thideus
811 3933 842 3974 se
859 3917 1001 3980 coiiucerit
1018 3925 1046 3975 et
1061 3919 1118 3976 lieo
1130 3923 1157 3977 iu

122 4018 205 4078 urite
213 4018 375 4076 abstinentia
385 4018 505 4074 eerririt.
523 4016 656 4073 Marinae
665 4022 751 4073 enten
763 4017 848 4072 ienae
860 4016 894 4072 ab
907 4016 1026 4075 onnibue
1038 4017 1157 4076 habeba·

123 4123 167 4174 tur
177 4121 205 4174 et
217 4117 301 4173 irater
313 4114 438 4189 Peiegiue
447 4114 591 4172 dioebetur.
609 4114 672 4171 Post
684 4114 735 4171 iroc
748 4114 853 4186 quidam
867 4113 999 4186 dpauuuue
1011 4118 1157 4188 supradicti

124 4218 244 4288 episcopi
256 4215 456 4272 Hierosoiirnana
469 4229 551 4271 uase
564 4213 688 4270 visitandi
700 4215 760 4271 ioue
771 4220 864 4270 seucte
875 4214 991 4274 aduenit.
1025 4215 1073 4271 Cui
1091 4216 1158 4274 dixit

35 4303 36 4308 ’
124 4317 281 4388 epiecopus,
298 4321 327 4372 ut
343 4321 406 4387 poet
422 4320 570 4370 sanctoruni
589 4314 705 4370 iocamur
723 4313 899 4370 uisitetieuen
915 4320 1056 4387 quaereret
1075 4331 1157 4393 quen-

124 4413 182 4470 dau
206 4413 358 4472 uomitu
383 4415 488 4472 nonina
510 4413 644 4488 Peiaginru
670 4419 697 4469 et
718 4416 803 4485 tpeunr
830 4395 963 4481 rietteret,
993 4429 1051 4474 uun
1080 4429 1157 4479 rarus

895 4509 930 4566 η
939 4509 954 4544 ἱ
