2842 5286
335 498 397 561 att
577 499 647 577 Cap.
670 496 746 555 [ΙΙΙ.
792 497 836 556 De
857 498 992 575 passione
1013 496 1131 555 domiui.

333 639 461 730 praebent
481 659 562 719 roret,
579 653 616 708 nii
635 655 659 710 ei
677 654 765 724 asperi
782 653 857 724 ioqui
877 660 977 725 portet.
1011 651 1131 708 Tandem
1148 650 1240 705 divino
1258 657 1320 706 nutu
1331 656 1364 708 rei

333 753 404 810 torto
421 755 535 826 aiicujus
558 752 696 808 ebrirtiant
714 768 795 808 suasu
814 753 900 823 iprum
925 750 971 807 ilia
988 753 1078 806 tunica
1101 748 1250 820 exspoliari
1269 749 1365 806 irritet

333 860 426 908 eontra
443 851 514 906 tttnm
532 854 668 923 pristinam
679 853 759 907 animi
773 851 938 906 serenitatem
950 852 1080 916 resumsit,
1098 865 1210 919 eumque
1219 849 1255 903 de
1264 848 1315 903 hue
1326 851 1364 904 in·

332 959 441 1023 perator
456 951 592 1022 plurimum
611 954 757 1014 miraretur,
776 949 872 1004 dictum
892 955 934 1004 est
950 947 1012 1014 sibi,
1031 947 1101 1019 quod
1115 946 1161 1001 iiia
1173 950 1266 1001 turrira
1281 947 1365 1003 trine

333 1049 431 1104 donini
448 1050 521 1107 Jeru·
549 1048 625 1104 Tune
643 1052 787 1120 imperator
800 1051 885 1120 iprum
903 1051 929 1103 in
950 1063 1057 1103 earcere
1080 1048 1164 1116 reeipi
1178 1047 1273 1118 jussit,
1292 1047 1365 1102 donee

331 1151 479 1219 uenientum
497 1148 609 1204 oonsilio
625 1147 794 1214 deliberaret,
816 1147 927 1219 quidde
946 1164 977 1203 ee
994 1148 1049 1201 tert
1067 1152 1212 1216 oporteret,
1247 1145 1317 1202 Data
1332 1152 1366 1201 ert

331 1249 416 1319 igitur
428 1247 580 1319 iul’siatum
592 1250 732 1314 sententia,
750 1239 779 1302 ut
796 1254 880 1301 morte
890 1248 1043 1316 turpissima
1060 1242 1238 1299 damnaretur.
1254 1243 1364 1300 Audiam

329 1345 494 1417 boePylatns
505 1346 611 1401 cultello
621 1348 770 1416 propriore
782 1348 888 1400 necavit
898 1351 924 1400 et
936 1344 983 1398 tait
1001 1344 1174 1398 mertoniana
1188 1342 1281 1397 tinirit.
1302 1341 1364 1416 Cog-

328 1447 386 1500 uitu
404 1444 504 1500 Caesar
520 1451 605 1500 morte
621 1443 707 1516 enan
723 1445 805 1500 dixit:
830 1460 893 1500 rere
909 1450 1026 1497 mortuns
1048 1448 1089 1496 est
1107 1448 1192 1496 morte
1209 1444 1365 1512 turpissima,

328 1546 480 1599 unimanus
499 1547 608 1616 propria
631 1561 683 1599 non
708 1547 834 1615 pepercit.
877 1542 944 1598 Moli
969 1543 1052 1614 igitur
1074 1541 1176 1612 ingenti
1200 1541 1328 1612 alligatur
1342 1547 1365 1597 et

327 1643 356 1700 iu
372 1642 496 1712 Tnberin
515 1642 609 1699 dunen
629 1645 797 1716 immergitur,
812 1645 920 1714 spiritur
939 1656 1001 1697 nero
1019 1638 1128 1712 maligni
1146 1647 1172 1695 et
1189 1640 1293 1694 sordidi
1311 1657 1362 1694 eor·

327 1743 386 1813 pori
404 1741 520 1815 maligno
540 1750 566 1800 et
579 1743 688 1800 sordido
707 1742 905 1816 congaudentes
925 1748 951 1798 et
968 1755 1035 1795 nuno
1052 1741 1079 1794 tu
1091 1741 1167 1811 aquia
1185 1757 1256 1796 nunno
1269 1743 1296 1795 in
1309 1749 1363 1797 atre

327 1843 461 1913 rapienter
474 1842 609 1898 mirabiles
621 1842 803 1898 inundationes
815 1843 840 1897 in
853 1843 930 1914 aqrrie
942 1837 1083 1895 movebant
1099 1845 1125 1895 et
1135 1839 1252 1912 fulguru,
1268 1848 1362 1912 tempe

326 1947 425 2008 states,
444 1944 561 1997 tonitrua
578 1948 605 1997 et
622 1939 765 2014 grandines
785 1943 812 1996 iu
828 1947 891 1996 abre
908 1939 1064 1995 terribiliter
1080 1938 1261 2011 generabant,
1286 1943 1324 1994 ita
1339 1945 1364 1995 ut

326 2043 411 2096 emnoti
428 2044 523 2096 timore
540 2039 663 2095 horribili
681 2047 840 2096 tenerentur.
884 2039 1051 2110 Quapropter
1066 2037 1177 2094 Romani
1202 2053 1262 2093 uum
1280 2054 1297 2094 u
1312 2038 1362 2110 Ty-

324 2140 397 2194 berir
416 2139 495 2194 durio
511 2139 679 2195 extrahentes
698 2139 840 2194 derisionis
861 2153 942 2194 cauta
955 2141 1038 2209 iprum
1062 2137 1219 2207 ¹)Viennam
1238 2138 1362 2208 deporta·

324 2246 417 2294 rerunt
435 2245 461 2294 et
477 2237 605 2294 Rhodano
629 2238 708 2296 durio
725 2241 915 2294 immerserunt.
956 2236 1058 2292 Vienna
1078 2237 1146 2293 enim
1171 2237 1271 2292 dieitur
1290 2241 1363 2310 quad

325 2338 369 2393 ria
387 2336 539 2404 Gebennne,
558 2343 620 2412 qnia
639 2345 696 2395 erat
712 2345 774 2394 tuno
789 2336 865 2393 ieeur
881 2336 1084 2402 maledictionis,
1103 2335 1146 2391 rel
1163 2339 1253 2406 potior
1269 2336 1364 2392 dieitur

323 2437 424 2493 Bierma
443 2454 474 2492 eo
493 2437 572 2510 quod,
592 2446 619 2494 ut
638 2438 742 2506 dieitur,
761 2439 868 2492 biennio
888 2439 924 2491 eit
940 2441 1098 2493 constructa.
1124 2434 1178 2492 Sed
1196 2435 1235 2490 nn
1253 2453 1363 2509 nequau

321 2540 431 2608 spiritns
449 2551 502 2592 noa
522 2535 675 2602 defuerunt,
693 2536 791 2592 ibidem
810 2536 902 2592 eadem
921 2544 1076 2607 operantes,
1103 2533 1224 2591 dominer
1241 2551 1308 2608 ergo
1326 2537 1364 2591 ilii

320 2643 418 2692 tantm
438 2637 633 2692 intentationem
653 2636 807 2692 daemonnm
823 2653 875 2692 non
893 2636 1071 2692 serratoriae
1092 2633 1156 2690 iliud
1168 2634 1364 2692 maiomenortr

321 2751 388 2793 ate
410 2742 576 2793 removerunt
602 2734 713 2790 utillud
736 2733 916 2806 sepeliendum
934 2733 1074 2790 Losannae
1097 2737 1211 2790 ciuitatis
1229 2713 1364 2791 territorio

320 2825 518 2891 commiserant'
556 2835 606 2898 nur
635 2850 692 2890 eunr
719 2835 797 2889 nimir
822 2833 952 2903 praefatis
974 2834 1188 2890 intestationibus
1216 2850 1363 2908 gravarem

319 2941 370 3000 tur,
389 2937 473 3004 iprum
498 2948 561 2989 are
579 2941 746 2989 removerunt
763 2940 791 2989 et
812 2934 840 2987 in
861 2930 973 3005 quodam
999 2941 1078 3003 puteo
1102 2934 1236 2988 montibus
1252 2937 1362 2990 eircum-

319 3040 396 3105 repto
416 3035 606 3100 immerserunt,
624 3032 669 3088 ubi
689 3032 775 3087 udbne
789 3031 918 3087 reiationo
935 3031 1096 3103 quorurrdam
1112 3032 1241 3104 quaedam
1260 3033 1363 3103 dyabu-

318 3131 387 3186 lieae
404 3131 612 3189 machinationes
638 3131 750 3188 ebrditre
775 3130 906 3187 videntur.
949 3129 1088 3202 lineasque
1112 3133 1138 3185 in
1162 3130 1303 3200 praedicta
1320 3130 1362 3186 bi-

319 3233 403 3286 rtoria
422 3231 573 3303 apocrypha
589 3232 721 3304 leguntur.
757 3230 831 3292 Quae
848 3235 935 3285 utrum
951 3228 1087 3300 recitanda
1104 3231 1173 3296 rint,
1191 3229 1302 3284 lectoris
1316 3233 1362 3300 ju-

320 3330 389 3387 dicio
407 3331 576 3402 relinquatur.
607 3328 677 3385 Nota
692 3336 788 3397 tamen
806 3327 877 3400 quod
895 3330 923 3384 in
939 3327 1060 3400 hystoria
1076 3327 1237 3384 robolastiea
1253 3328 1362 3401 legitur,

318 3430 389 3502 quod
408 3427 517 3500 Pniatnu
538 3427 681 3486 aJudaeir
705 3436 846 3484 aeenuatuu
872 3435 915 3484 ert
931 3427 1003 3500 opud
1022 3425 1165 3498 Tyberim
1190 3425 1225 3482 de
1244 3429 1362 3484 riobeutu

318 3531 492 3585 innocentium
501 3527 685 3584 interiectione
698 3533 724 3584 ut
737 3526 915 3599 quietudinem
929 3525 1132 3583 reclamantibur
1149 3527 1280 3598 imagines
1294 3544 1361 3601 geu·

317 3631 402 3686 tilium
417 3630 444 3682 in
461 3627 558 3698 tempto
576 3625 693 3696 ponebat
710 3632 738 3681 et
754 3629 817 3698 qnia
835 3629 971 3699 pecuniam
989 3628 1132 3697 mpositam
1148 3627 1175 3679 in
1187 3627 1362 3698 corbanum)

318 3731 346 3784 in
363 3743 426 3784 soor
444 3727 581 3800 redigeret
597 3741 675 3792 uuus,
701 3724 764 3781 inde
786 3727 888 3782 iaciens
907 3723 1100 3799 aquaeductum
1119 3727 1146 3780 iu
1165 3723 1268 3780 domum
1286 3741 1361 3780 ruam

319 3835 347 3884 et
364 3844 412 3898 pro
432 3825 474 3881 hir
491 3825 612 3880 erunibus
630 3825 784 3896 deportatus
804 3832 846 3882 ert
863 3827 890 3881 in
908 3825 1014 3882 exilium
1032 3823 1198 3897 Lugdunum,
1216 3823 1287 3879 unde
1304 3827 1360 3878 ori-

318 3926 402 3982 undus
420 3925 522 3989 morat,
550 3930 580 3978 ut
596 3923 635 3978 tbi
652 3926 680 3978 in
697 3924 867 3995 opprobrium
886 3927 974 3998 gentis
993 3938 1058 3979 uuae
1082 3931 1236 3978 moreretur.
1271 3923 1362 3978 Potuit

319 4041 395 4091 erse,
421 4027 445 4078 ui
469 4030 556 4079 muer
580 4022 628 4078 tite
651 4023 771 4096 hystoria
793 4025 911 4080 eorrtinet
932 4027 1085 4088 veritatem,
1116 4023 1180 4093 qnia
1197 4025 1281 4094 prim
1303 4025 1361 4094 jam

318 4123 430 4179 edietum
449 4121 575 4188 dederat,
594 4128 624 4176 ut
640 4121 796 4196 Lugdunum
812 4125 868 4195 jam
889 4125 916 4179 iu
934 4122 1056 4179 emnium
1073 4127 1224 4193 portaretur
1242 4127 1270 4176 et
1288 4121 1360 4194 quod

317 4228 379 4277 ente
398 4221 576 4276 teremiouem
598 4220 735 4276 Volusiani
759 4221 794 4277 ad
819 4224 1002 4295 imperatorem
1010 4223 1039 4293 ⁸)
1066 4219 1104 4275 tbi
1122 4220 1172 4278 init
1194 4222 1360 4292 deportatur.

369 4372 391 4424 Ι)
415 4369 654 4422 Aiiirvirenuunr.
718 4343 1081 4429 tudiiiernntreurbuuurrr.
1157 4375 1362 4428 tJDenutatuu

317 4437 382 4482 addit
396 4437 456 4482 uteie
471 4436 512 4482 td.
524 4442 558 4482 i'r.
