2984 5316
315 516 386 593 Cap.
410 515 511 574 xctx.
554 497 599 575 De
624 527 723 576 reneio
743 518 852 576 Jacobs
875 518 991 594 majore.
1105 515 1163 576 421

132 671 208 727 Touo
225 671 357 728 Clrrlstlnn
375 673 454 729 ileum
473 673 604 741 laudarit,
629 678 672 747 qul
697 691 753 730 enm
772 691 856 746 nuper
881 681 995 731 renotem
1013 675 1098 731 denuo
1118 690 1163 730 vo-

131 771 217 836 lebat,
240 778 269 826 ot
286 771 449 839 infantulam,
468 773 632 829 lneonnbulls
652 777 757 847 jactari.
792 773 867 829 Turro
891 775 974 847 judex
1000 778 1082 830 iratus
1101 775 1163 829 leeit

132 869 191 926 radi
215 879 294 942 oapnt
316 873 374 944 eJos
392 853 429 940 et
448 869 542 928 nudam
566 875 762 944 peretritatom
780 875 912 944 usquead
930 874 1076 945 Apollinem
1095 873 1163 940 duci,

131 969 175 1025 abl
192 968 272 1040 ydolo
291 973 428 1042 tmpornrit
445 978 476 1028 et
491 973 651 1042 ¹)eorroens
670 975 696 1028 lm
713 971 845 1043 pulsorem
864 979 906 1027 est
923 973 1064 1029 rednotnm.
1087 971 1161 1037 Qoorl

131 1075 216 1128 autem
237 1071 321 1140 judex
341 1072 445 1141 expavit
469 1079 494 1126 et
518 1074 636 1141 spirltum
660 1071 787 1126 tradidit*
812 1071 875 1128 lluie
891 1077 1019 1129 soenessit
1033 1073 1162 1136 lulianus.

132 1172 176 1244 pol
199 1169 328 1225 iomanem
354 1171 473 1248 suecendi
499 1170 610 1226 incitet
633 1169 789 1226 christinam
813 1173 881 1226 inlus
902 1173 1014 1244 jactari,
1043 1173 1086 1227 obl
1115 1189 1162 1243 per

131 1273 246 1343 quinque
268 1268 326 1325 dies
349 1285 406 1324 eom
426 1270 530 1342 angelis
548 1275 655 1334 oaotmrs
674 1276 700 1326 et
717 1269 886 1326 deambulans
903 1271 1162 1344 illoesopermonsit

131 1355 206 1433 ouon
223 1369 333 1424 audiens
349 1367 470 1431 lolianus
483 1361 518 1424 et·
531 1373 641 1443 magieis
659 1371 760 1425 artibus
777 1368 827 1425 boo
844 1371 997 1428 adscribens
1010 1371 1074 1426 duas
1088 1371 1160 1441 ospi-

131 1469 193 1535 des,
212 1467 415 1539 domineris,
439 1468 505 1523 dnos
525 1468 647 1526 oolobros
666 1469 699 1524 ad
718 1487 773 1524 eam
793 1471 857 1524 mitti
876 1469 954 1535 lenit,
981 1472 1027 1525 sed
1052 1457 1159 1542 serpen-

130 1575 171 1626 tes
196 1567 253 1640 ejne
277 1566 358 1639 pedes
382 1566 497 1640 lingunt,
529 1568 635 1639 aspides
664 1569 701 1624 nil
726 1575 849 1626 nocentes
877 1569 911 1624 ad
933 1571 1014 1626 obera
1037 1569 1158 1644 pendent,

129 1665 232 1725 eololori
255 1666 323 1722 eollo
348 1682 377 1722 se
400 1666 534 1722 rnlreotes
551 1667 673 1723 sudorem
691 1658 808 1742 lingant,
830 1667 950 1725 Julianus
966 1677 1051 1728 sotem
1071 1667 1159 1724 lncan-

129 1769 210 1823 tatori
236 1766 315 1820 dinlt:
340 1764 462 1837 numquid
486 1772 512 1822 et
528 1773 555 1821 to
574 1782 666 1840 mogus
688 1769 738 1824 est
764 1770 838 1822 irrita
863 1768 970 1825 bestias.
1005 1769 1079 1833 Quod
1102 1787 1159 1824 eom

130 1867 245 1935 lederet,
268 1873 405 1936 serpentes
431 1867 457 1949 in
481 1881 537 1922 euro
558 1868 678 1937 impetum
697 1865 817 1922 lecerunt
834 1873 860 1922 et
878 1884 933 1924 eom
953 1872 1071 1940 protinus
1088 1871 1158 1926 oeci·

129 1967 239 2036 dsunt,
257 1972 318 2021 tono
335 1964 502 2038 serpentibus
519 1951 657 2037 imperarit
674 1965 807 2021 Christian
827 1973 853 2023 et
872 1952 909 2022 'ed
928 1956 1057 2024 desertum
1075 1968 1158 2024 loeom

129 2070 168 2124 lre
187 2066 251 2124 ioolt
268 2072 294 2122 et
311 2072 437 2120 mortuom
455 2065 582 2120 bomlnom
601 2067 746 2122 suseitanlt.
780 2064 856 2122 'luno
870 2066 990 2124 Julieoor
1008 2069 1160 2122 mammillas

130 2169 188 2240 ejas
206 2164 321 2238 praeoldt
341 2163 486 2233 mandarit,
507 2164 540 2221 de
557 2165 652 2238 quibus
669 2164 712 2220 leo
730 2181 778 2236 pro
796 2161 924 2239 sanguine
944 2167 1026 2224 lloxit.
1060 2166 1161 2222 llelnde

129 2267 245 2340 linguent
271 2266 335 2338 ejus
353 2265 477 2337 praesidi¹
494 2265 573 2333 lectt,
599 2265 733 2321 Cbrlstino
756 2280 818 2320 rero
845 2280 1006 2337 nequaqnam
1030 2267 1158 2340 loquelam

129 2369 249 2423 amittens
267 2367 472 2438 praescissuram
491 2359 598 2438 linguae
615 2366 748 2436 soctptem
770 2366 797 2418 in
822 2365 914 2420 iontem
934 2365 1030 2421 loliani
1049 2367 1160 2437 projecit

128 2473 155 2523 et
176 2465 276 2522 oonlom
301 2466 359 2538 ejus
388 2467 448 2520 itero
478 2445 625 2536 percutiens
650 2481 707 2520 eom
736 2467 895 2520 exeaecavit.
930 2462 1015 2519 lretus
1038 2464 1159 2521 lolianus

128 2566 195 2623 does
212 2567 325 2638 eogittas
350 2566 420 2619 elren
444 2579 491 2619 eor
513 2569 571 2636 ejus
598 2571 624 2620 et
647 2578 722 2617 onam
746 2564 772 2618 lo
791 2563 859 2618 lotos
879 2565 937 2635 ejus
953 2563 1052 2618 dlmislr
1068 2571 1094 2620 et
1114 2565 1160 2618 illa

128 2680 256 2737 perorsos
280 2665 398 2736 splrltom
423 2659 478 2718 ndo
503 2663 613 2718 tradidit
637 2663 708 2718 einos
734 2673 817 2720 sonos
847 2663 943 2718 domini
971 2661 1158 2720 cclxxxvtt

128 2764 177 2820 sob
195 2763 373 2836 Dpoeletleoo.
401 2757 559 2835 'lleqoieseit
576 2769 661 2819 autem
680 2779 775 2835 eorpus
793 2765 851 2834 etos
874 2764 900 2817 ln
925 2763 1036 2834 quodam
1059 2769 1157 2830 eostre,

127 2862 196 2935 qood
220 2861 358 2918 baironam
384 2868 508 2928 vomatur„
534 2862 603 2916 inter
625 2858 718 2916 Urbem
743 2860 862 2917 Veterem
890 2868 916 2917 et
939 2860 1070 2917 Viterbom
1096 2864 1157 2916 slto.

129 2962 255 3034 ¹)'l'orris
274 2963 356 3030 enim,
375 2977 442 3035 qnae
456 2960 535 3032 josto
551 2965 665 3015 oestrum
685 2959 748 3015 lllod
766 2969 838 3029 eret,
858 2960 974 3016 lorrdttos
992 2969 1033 3017 est
1050 2977 1153 3018 eversa.

541 3118 742 3135 m

453 3267 549 3366 dtl.
572 3265 684 3368 llll.
718 3267 815 3370 (lb)

263 3421 361 3491 'lte
387 3422 557 3491 ‘saneto
578 3419 763 3494 Jooobo
792 3418 990 3512 majore.

189 3565 304 3624 laeobos
326 3545 375 3624 lete
393 3568 531 3640 apostolos
555 3568 640 3624 illotos
668 3575 709 3624 est
730 3567 846 3626 laoobos
864 3567 1015 3636 Zebednel,
1039 3567 1155 3625 laooboe

123 3668 206 3724 irater
228 3665 373 3734 lobannis,
402 3655 604 3739 noemmin,
629 3667 655 3722 id
682 3675 737 3736 est,
761 3666 829 3722 lllius
847 3670 971 3734 tonitrui,
997 3675 1023 3724 et
1039 3661 1156 3723 tirones

123 3767 216 3838 major.
253 3765 354 3821 llleltrrr
373 3767 439 3822 enlm
457 3764 573 3823 lacobus
592 3766 741 3834 Zebedaei,
760 3766 863 3821 sellleet
880 3765 961 3822 ditm.
989 3783 1039 3821 non
1057 3771 1154 3820 tanturn

124 3879 219 3933 earne,
236 3863 283 3919 sed
303 3866 380 3920 etlam
399 3867 510 3921 nominis
530 3867 755 3936 interpretatione.
790 3863 946 3921 zebedaeus
970 3867 1155 3942 interpretator

122 3963 223 4019 donans
241 3965 297 4019 slre
314 3961 444 4031 donatus,
467 3971 494 4022 et
517 3963 610 4021 beatus
629 3963 746 4022 lacobus
762 3980 795 4019 se
813 3967 896 4036 ipson
915 3963 1019 4020 cbristo
1046 3962 1154 4018 dormiit

122 4080 169 4135 per
193 4063 284 4118 mortis
309 4065 451 4118 martirium
476 4067 503 4120 et
526 4078 543 4118 a
566 4063 623 4119 Iino
647 4061 723 4118 nobis
748 4063 859 4118 donatos
884 4073 924 4118 est
948 4065 974 4117 ln
992 4060 1153 4130 spiritualem

122 4170 267 4236 patronam.
302 4162 403 4219 llioitor
424 4162 540 4221 lacobus
564 4162 646 4218 irater
661 4147 809 4228 lobannis(
831 4165 893 4234 qnia
917 4162 967 4217 luit
991 4162 1049 4232 ejus
1073 4159 1155 4215 irater

120 4278 171 4317 non
197 4268 295 4318 tontum
320 4277 415 4328 carno,
446 4261 493 4317 sed
525 4265 600 4317 ettam
633 4277 729 4317 morum
762 4259 939 4315 siroilitadine.
974 4259 1057 4316 tlrnbo
1086 4260 1153 4312 eninr

171 4414 193 4465 l)
206 4411 281 4456 verb·
294 4424 431 4456 eorraene
446 4432 468 4447 -
482 4419 508 4456 et
527 4409 610 4456 omittit
624 4412 663 4454 ad.
678 4415 710 4456 l‘r.
745 4411 768 4462 t)
782 4408 821 4456 lid.
835 4414 868 4452 l'r.
878 4413 969 4472 ¹'l'yrne
981 4407 1042 4462 lesit.
1075 4409 1096 4462 t)
1109 4405 1154 4452 atii

50 4507 54 4514 ·
89 4479 384 4536 pflonnaereslennnl.
