2828 5302
59 463 134 543 Cep.
151 459 334 522 CLXXXIX.
370 460 414 520 De
426 462 614 542 conceptione
629 463 731 522 beatae
742 460 850 523 blaciae
863 461 991 542 virginis.
1032 457 1094 525 873

53 691 274 765 sequntur
296 691 485 754 musculo
509 696 557 753 rte
576 695 828 769 conceptione
845 691 1092 756 oesnutnae

402 780 562 852 emtore
578 781 742 841 Mense·

129 893 166 937 Ad
179 891 359 940 intentationem
372 894 470 950 deniquo
484 897 549 949 trojae
561 895 666 940 veritatis
679 895 708 938 de
722 893 871 951 conceptione
888 877 1034 941 beatissimae
1045 898 1094 941 eir·

54 958 112 1010 siais
126 961 239 1011 genitricis
251 962 293 1007 oei
305 963 450 1008 iarerriaurtnr
462 965 527 1020 plura
540 964 624 1019 scripta
637 963 745 1008 miracuta
765 962 788 1007 in
802 964 873 1016 libro,
892 965 931 1018 qui
949 965 1033 1008 dicitur
1051 966 1093 1009 de-

54 1026 179 1074 lensorium
195 1031 300 1084 virginiis,
322 1046 423 1088 appenso
448 1031 533 1074 catenis
556 1031 579 1074 in
601 1030 705 1086 pluribus
727 1031 825 1075 librariis
846 1031 934 1086 fuitque
952 1032 1093 1087 compositos

56 1095 114 1140 circa
127 1111 208 1142 annam
223 1098 308 1143 domiui
322 1103 440 1144 ncccxc.
466 1099 509 1144 tibi
523 1099 556 1143 sic
569 1100 684 1144 scribitur:
699 1100 797 1156 Quidam
810 1099 969 1144 baccalaureus
983 1099 1093 1144 formatos

56 1162 85 1206 ric
98 1163 178 1210 oratius
191 1167 358 1212 carmelitarmn
371 1168 395 1211 iu
408 1167 505 1222 quiedam
519 1166 672 1222 disputatione
690 1167 749 1210 facta
764 1169 853 1212 t'arisiis
872 1168 895 1212 in
914 1167 997 1210 sobolis
1010 1167 1050 1211 nsi
1064 1166 1094 1211 ds

55 1231 136 1276 ordios
149 1234 328 1288 praedicatorum
340 1236 428 1289 retulit,
441 1235 556 1290 qaaomoato
570 1241 671 1289 tompore
685 1234 855 1278 cancellariatus
869 1235 969 1286 magistri
984 1234 1093 1280 sotunuis

55 1299 85 1342 de
102 1300 193 1354 Tolete,
212 1315 262 1346 cram
278 1302 302 1346 in
320 1303 438 1358 provincia
457 1304 580 1348 nehemiae
599 1302 622 1344 in
642 1301 735 1346 civitate
753 1303 896 1346 Gronoviensi
916 1302 1008 1357 qraidaru
1024 1303 1102 1348 irster'

54 1368 235 1424 praedicatorum
249 1370 272 1414 iu
284 1371 408 1414 moabiticae
420 1371 574 1426 praedicasset
586 1369 673 1426 populo
686 1369 798 1422 virginem
817 1371 938 1422 gloriosam
957 1371 980 1415 in
998 1377 1094 1428 peccato

56 1436 159 1489 originali
171 1446 311 1493 conceptam,
324 1440 400 1482 subito
414 1439 497 1482 corrrrit
511 1446 534 1482 et
546 1445 648 1495 portatus
663 1438 693 1481 ad
706 1438 780 1482 locum
793 1437 941 1482 habitationis
954 1451 1009 1482 sarae
1021 1438 1092 1494 petalo

55 1511 108 1561 post
127 1504 193 1552 ostie
218 1511 278 1550 ttaeo
296 1509 412 1551 asserebat
431 1505 581 1551 referentibus
599 1506 655 1549 viris
674 1505 846 1550 honorabilibus
864 1505 976 1557 menistris
990 1506 1013 1550 iu
1026 1508 1094 1551 rbeo-

55 1572 127 1625 lopis,
144 1573 231 1617 scilicet
250 1573 353 1619 tteiorieo
369 1573 399 1619 de
412 1574 491 1618 lisssia
508 1582 533 1618 et
544 1575 650 1627 magistro
664 1575 769 1618 Helorion
782 1575 811 1618 de
824 1581 883 1619 litata
896 1581 919 1618 et
932 1575 1039 1626 :nafistro
1053 1580 1094 1622 io-

55 1639 128 1684 hanne
140 1641 170 1684 de
182 1640 277 1686 Boionia
291 1642 385 1687 doctore
398 1643 421 1687 in
434 1643 545 1687 medicina
559 1651 582 1686 et
595 1643 742 1687 baccalaurao
756 1643 778 1686 iu
797 1641 921 1695 theologis,
940 1643 979 1696 qui
998 1645 1055 1688 baec
1067 1657 1093 1690 se

54 1707 141 1751 vidisse
161 1715 184 1751 et
202 1708 331 1756 interfuisse
348 1710 462 1756 dicebant.
488 1716 521 1754 Er
543 1710 579 1755 lrir
604 1711 715 1755 conclusit
739 1711 813 1756 dictos
835 1710 1009 1762 baccalaureus,
1030 1711 1093 1765 qood

54 1776 175 1829 credebat,
197 1776 265 1822 istam
287 1778 418 1835 opinionum
440 1778 470 1823 ds
494 1779 596 1830 orientali
614 1781 637 1824 ia
657 1781 744 1833 virgine
763 1785 814 1835 post
834 1786 895 1823 terrta
915 1779 1023 1823 miracula
1042 1790 1093 1823 esse

55 1843 205 1890 sarificientern
223 1845 246 1888 in
263 1845 317 1894 tide,
342 1851 399 1890 ltem
418 1848 556 1892 veaernbilis
576 1849 657 1892 doctor
669 1849 774 1893 (tiroldua
793 1848 822 1891 de
835 1846 937 1891 Piscariis
950 1845 1037 1889 ordinis
1049 1845 1094 1890 sai·

55 1925 134 1956 norom
147 1913 212 1966 iratius
225 1912 277 1969 piae
290 1913 441 1960 conclusionis
455 1916 596 1961 adversarius
610 1918 732 1969 exsistens,
751 1931 802 1960 cum
820 1914 889 1958 semel
908 1914 932 1957 iu
945 1927 1049 1960 sermone
1062 1915 1093 1958 de

55 1980 204 2036 conceptione
217 1989 293 2026 contra
307 1997 392 2027 sacram
405 1983 515 2036 sirpiarem
529 1985 613 2029 diutius
627 1985 792 2040 praedicasset,
805 1983 871 2027 finito
884 1995 987 2027 sennorre
1000 1983 1093 2026 missam

56 2059 120 2092 taam
133 2047 280 2093 devotissime
294 2050 411 2096 celebrans
424 2052 552 2097 elevatione
566 2055 666 2110 corporis
681 2053 762 2097 cbristi
775 2051 842 2104 lacta,
855 2050 935 2095 eadem
945 2050 1034 2102 virgine
1047 2050 1093 2095 sibi

56 2116 236 2171 praesentialiter
249 2127 380 2174 apparente,
397 2129 512 2177 correptus
526 2121 569 2165 latit
588 2129 610 2166 et
628 2123 748 2177 speciebus
768 2120 833 2176 pannis
852 2121 881 2162 ab
906 2118 973 2163 attari
997 2117 1094 2163 sublatis

56 2185 129 2238 inparis
142 2184 220 2236 virson
233 2200 277 2238 qna
289 2186 364 2232 leonte
377 2201 458 2244 corpus
472 2189 502 2232 de
515 2205 551 2234 me
564 2197 661 2234 suarntnru
675 2203 762 2234 sramerc
775 2189 823 2241 ais,
837 2187 907 2230 trater
918 2185 995 2239 inique
1000 2215 1009 2242 ,
1026 2200 1094 2240 qum

56 2253 125 2297 bodie
138 2260 184 2297 tarra
197 2253 273 2297 verbis
286 2269 353 2307 quarn
366 2255 432 2300 iactis
445 2257 573 2301 voluntarie
592 2259 725 2301 rnacrtlnstit
752 2263 805 2312 tpso
824 2261 899 2298 suniero
918 2255 1004 2308 mazeris
1023 2255 1094 2308 perci·

56 2320 119 2364 tibna
131 2327 223 2376 petente
236 2322 326 2366 veniam
340 2323 473 2369 eucharistia
487 2325 531 2369 sibi
544 2326 634 2368 reddita
648 2326 703 2376 tuit,
721 2326 813 2368 inissem
832 2322 906 2366 lirririt
925 2329 948 2367 et
963 2321 1095 2368 immediate

56 2387 182 2433 ascendens
195 2387 307 2445 1rnlpitnm
311 2421 319 2443 ,
332 2391 394 2444 quon
407 2392 429 2436 in
442 2392 516 2449 primo
529 2407 632 2437 serrnono
645 2401 722 2436 contra
735 2393 845 2443 virginem
858 2391 957 2444 dixerat,
976 2391 1095 2438 revomrit

56 2465 79 2500 et
98 2456 231 2500 miraculum
247 2457 346 2502 referens
364 2460 392 2502 ad
412 2460 502 2512 longina
517 2462 570 2504 iecit
584 2475 721 2513 sennonem,
741 2462 798 2504 sinui
815 2473 856 2512 ego
870 2460 920 2516 ipse
933 2458 1003 2503 habui
1016 2475 1029 2503 a
1042 2459 1096 2515 piu-

56 2526 119 2569 ribus
133 2525 178 2570 lide
191 2526 273 2576 dignis.
299 2532 355 2570 item
368 2527 392 2571 in
406 2528 498 2572 civitate
512 2530 597 2582 totoni,
617 2545 666 2573 mern
684 2530 775 2584 ‹pridarn
794 2527 865 2571 irater
876 2527 962 2571 ordinis
975 2527 1095 2583 praedicu-

56 2601 130 2638 tortam
149 2593 286 2638 wiennensis
305 2594 402 2640 notionis
420 2597 449 2640 de
467 2597 559 2641 rnaterin
579 2598 733 2654 conceptionis
752 2609 826 2640 corate
841 2595 930 2639 omnio
944 2597 1095 2652 carupaaensi

56 2661 142 2704 ordinis
156 2662 236 2706 beatae
248 2662 333 2706 Mariae
346 2665 484 2720 respondere
496 2666 590 2710 deberet
602 2678 684 2718 magno
701 2665 787 2722 populo
807 2672 942 2716 conpressio
960 2665 983 2708 in
996 2664 1092 2708 ccclesia

56 2729 179 2774 cathedrali
192 2732 350 2774 monaolrornm
365 2733 439 2778 diotae
457 2734 569 2788 civitatis,
588 2742 610 2777 et
629 2749 679 2777 cnm
698 2733 833 2789 positionem
853 2745 916 2776 snam
935 2734 1009 2777 dictus
1022 2733 1096 2778 trater

57 2798 132 2842 dicere
144 2797 222 2850 vellet,
234 2813 248 2841 a
261 2803 308 2842 Deo
322 2801 455 2846 mirabiliter
468 2809 541 2847 tactos
559 2801 624 2856 qnasi
637 2808 710 2846 ructas
724 2808 747 2845 et
760 2815 838 2844 amens
851 2799 924 2844 lamus
937 2807 980 2848 est.
1006 2805 1095 2856 Deper-

56 2873 116 2909 tntur
141 2873 216 2910 autem
238 2881 278 2923 pes
302 2867 383 2914 tratres
404 2883 459 2915 erres
482 2871 512 2915 ad
531 2871 605 2917 locum
623 2871 737 2923 religionis
757 2883 834 2914 eorurs
853 2876 934 2914 octava
956 2869 995 2924 die
1013 2869 1092 2913 eadem
1166 2897 1168 2900 -

57 2935 154 2978 amentia
167 2934 296 2978 continuata
310 2943 410 2981 mortuus
423 2945 465 2992 est,
478 2941 535 2984 sicut
550 2939 617 2983 lmbui
628 2940 656 2982 sb
667 2939 720 2991 illis,
733 2939 772 2993 qni
783 2937 963 2994 proesentialiter
975 2935 1096 2980 alluerant.

56 3008 113 3046 item
127 3002 151 3047 ier
163 3002 223 3047 vitta
236 3003 302 3046 lirino
317 3005 494 3052 beretoniseensis
508 3007 644 3062 dyoeceseos
663 3008 754 3061 qtrialnm
772 3008 843 3050 lector
862 3006 891 3050 de
908 3005 989 3049 ordine
1002 3004 1094 3060 praedi·

57 3079 157 3117 catorum
175 3070 243 3115 iatum
261 3073 379 3118 articulum
397 3077 552 3132 coemptionis
571 3079 601 3120 ita
620 3075 725 3120 odiosam
742 3077 839 3128 babone,
865 3082 890 3119 nt
914 3089 1028 3128 narapaam
1046 3089 1094 3119 ser·

56 3153 146 3184 tacerem
159 3138 250 3192 laceret,
263 3139 317 3194 qrrin
330 3140 440 3194 rirpineru
455 3151 585 3199 conceptam
600 3145 622 3188 in
637 3143 739 3196 originali
753 3152 846 3201 pecento
860 3144 945 3187 eliceret
958 3149 981 3186 et
988 3141 1095 3188 sauciaret

56 3209 80 3251 in
93 3221 134 3252 sno
147 3217 268 3262 conventu,
282 3211 381 3264 qaoetarn
393 3211 432 3254 «lie
446 3211 557 3264 sotternni,
572 3212 595 3256 in
610 3225 655 3266 qao
668 3227 795 3257 sermonem
809 3214 838 3256 ale
852 3213 913 3256 diota
927 3209 1018 3255 stratoria
1032 3209 1095 3262 tecit,

57 3277 108 3332 ipso
121 3277 179 3321 inter
192 3276 273 3323 tratres
290 3291 345 3324 suos
363 3293 444 3332 magno
463 3281 551 3336 populo
569 3288 687 3336 praesente
704 3281 733 3323 ad
751 3281 853 3324 divinum
872 3279 973 3324 olticinrn
990 3285 1095 3330 exeunte,

57 3345 149 3398 quidem
162 3345 230 3402 lapara
248 3361 261 3390 a
279 3347 345 3391 silvis
361 3348 457 3392 veniens
473 3362 545 3402 usqrre
561 3350 590 3392 ad
604 3355 740 3393 conventum
753 3349 821 3393 istum
835 3355 921 3392 secrete
934 3345 1044 3389 accedens
1057 3345 1096 3388 di·

57 3412 133 3457 missis
147 3413 223 3469 porris
237 3421 259 3458 et
272 3417 442 3468 maenianaque
456 3416 484 3459 ad
499 3416 590 3460 cbonun
604 3416 721 3460 adsccndit
734 3423 757 3460 et
771 3416 856 3459 dictam
870 3417 961 3460 tratrem
970 3427 1011 3469 per
1019 3421 1096 3465 entrare

58 3480 168 3537 arripiens
180 3481 307 3534 iraterieen't,
325 3482 383 3527 sicat
395 3483 485 3528 serisii·
504 3490 527 3526 et
539 3484 563 3526 is
576 3485 626 3540 ipsa
640 3493 698 3528 terra
713 3485 773 3527 clara
787 3483 882 3527 inanest
896 3483 989 3538 publiea
1000 3489 1096 3527 attesta-

58 3559 100 3598 tae.
127 3556 187 3594 llaec
199 3551 224 3594 in
238 3551 299 3595 dioto
312 3551 378 3604 libro,
392 3551 453 3605 pared
466 3551 619 3596 defensorimn
633 3551 727 3604 virginis
741 3551 832 3604 dicitur,
845 3551 934 3606 plenius
945 3550 1096 3596 eontinentur.

59 3617 118 3662 lllnd
131 3627 206 3662 antem
219 3619 277 3662 inter
291 3619 334 3662 alia
348 3619 453 3663 rniracnla
467 3622 548 3664 men'to
560 3621 686 3664 rnimndruu
698 3620 773 3673 reuit,
788 3619 953 3675 quodquidam
968 3618 1097 3662 Alexander

58 3687 87 3730 oo
100 3687 154 3731 are·
168 3686 249 3732 eonor
261 3688 284 3732 u
297 3687 410 3740 auctoru
423 3675 647 3734 tarraconensem
660 3688 771 3732 ascensu
784 3687 852 3731 aaran
864 3686 888 3730 a·
901 3687 961 3730 rrum
974 3687 1003 3730 as
1014 3685 1096 3730 accen

58 3755 195 3812 composito,
203 3756 248 3813 ,qui
260 3756 342 3801 dicitur
354 3757 457 3809 nauale,
470 3757 587 3802 continens
601 3771 641 3801 sea
654 3756 730 3800 libros
737 3757 852 3811 partiales,
869 3755 894 3800 in
907 3755 992 3808 peribus
1004 3754 1097 3798 diversa

58 3824 156 3878 capitula
170 3832 229 3872 sunt.
255 3829 321 3881 Cujus
334 3825 430 3882 primurn
444 3826 567 3881 capitulum
581 3825 709 3870 intitulatur
721 3825 750 3868 de
764 3823 894 3877 generatoris
906 3823 987 3866 beatae
1000 3821 1097 3873 rireiais

59 3897 81 3932 et
95 3891 183 3948 incipito
202 3900 278 3937 ssacta
292 3901 313 3938 et
329 3893 519 3949 superlaudabilis
533 3907 623 3950 semper
634 3893 700 3946 virgo
712 3893 754 3937 Dei
768 3891 863 3945 renitn'x
876 3890 948 3934 liaris
960 3891 988 3933 sb
1002 3895 1096 3933 aeterno

59 3958 160 4015 provisa.
184 3965 245 4006 inter
257 3960 302 4005 alia
315 3969 389 4006 autera
402 3961 460 4006 libro
473 3966 512 4008 ΙΙΙ,
526 3961 592 4016 bajus
605 3961 728 4006 voluminis
742 3962 817 4018 capite
831 3960 923 4012 ultimo,
942 3957 1004 4013 priori
1016 3957 1097 4002 intitu-

58 4028 118 4072 latur
130 4028 160 4072 de
174 4029 320 4084 conceptione
333 4031 413 4074 beatae
427 4028 521 4082 virginis
534 4037 557 4072 et
570 4029 662 4086 incipite
681 4029 721 4074 liat
739 4029 791 4081 lur,
810 4034 863 4084 post
883 4027 1054 4083 responsionem
1067 4023 1098 4069 ad

59 4096 171 4150 quandam
184 4095 334 4141 invectionem
349 4097 483 4150 dicentium,
503 4097 614 4150 virginem
633 4096 827 4153 conceptaculum
843 4095 924 4151 cnpnia
937 4093 1045 4146 maritali,
1063 4093 1097 4138 sic

59 4165 153 4210 dicituro
171 4178 245 4208 raonoe
258 4165 369 4220 possibile
382 4173 429 4218 est,
447 4174 472 4208 ut
485 4166 540 4210 talis
552 4167 612 4210 aerio
626 4166 656 4210 erl
668 4165 840 4220 inspirationem
852 4163 947 4220 spiritns
959 4161 1030 4206 uncti
1043 4175 1100 4217 per·

59 4242 146 4291 petrata
160 4241 183 4278 et
196 4233 288 4289 speciali
301 4241 421 4290 praecepto
431 4234 542 4290 completa
554 4235 639 4288 obsepire
649 4234 709 4278 omui
719 4240 811 4288 peccato
822 4239 967 4276 exerceatur-t
993 4229 1099 4284 sequitu

60 4310 111 4358 post
125 4317 209 4358 ptsnoar
222 4315 263 4353 ego
277 4302 339 4357 ipse,
354 4302 392 4356 qni
405 4301 460 4346 baec
474 4301 557 4354 scribo,
570 4301 624 4344 darm
638 4301 730 4357 publice
742 4300 840 4353 tegerem
854 4299 877 4344 itt
889 4299 1013 4351 theologia,
1028 4299 1100 4344 'selre-

59 4377 146 4415 menter
159 4370 233 4416 errari
246 4370 378 4422 asserendo,
393 4369 454 4423 quod
467 4369 517 4414 alies
530 4369 685 4425 conceptionis
698 4370 779 4414 beatae
791 4369 877 4414 Merite
890 4367 1040 4413 celebrandus
1053 4380 1098 4411 uns

59 4447 127 4488 esset.
153 4439 217 4484 Unde
231 4446 252 4483 et
267 4437 369 4494 quolibet
383 4449 441 4481 narro
456 4438 494 4480 illa
509 4437 547 4483 die
561 4438 636 4490 legere
655 4438 814 4490 decreveram,
833 4438 891 4482 sicat
909 4444 932 4480 et
951 4438 974 4482 in
993 4434 1101 4492 proiectis

832 4519 892 4576 55*
