2842 5286
192 495 265 574 Cup.
279 493 371 554 int.
414 494 461 554 De
481 493 591 574 virgine
611 495 735 575 quadam
757 495 944 558 Antiocheno.
1025 497 1086 563 275

41 667 112 706 asae
129 650 252 722 tenptuur
270 653 355 722 ipsura
372 657 529 708 attrectatur
546 658 632 721 tuum,
656 668 690 709 ue
714 653 825 723 patiaris
850 653 976 708 incestum
999 657 1084 710 saeri-

41 749 126 822 legii,
154 751 198 823 qui
221 767 274 805 uuo
298 765 393 820 passus
412 767 441 808 es
460 751 563 809 turtum.
599 751 776 810 Beuedtcatur
792 755 820 806 et
836 767 929 808 nomen
945 759 1033 821 tuurr,
1057 761 1086 810 ut

40 865 114 922 qaae
132 849 168 904 ad
185 849 342 906 adulterium
358 851 435 922 virgo
455 853 533 918 verri,
563 853 638 924 uirgo
660 850 803 906 discedam.
838 850 888 904 Vix
908 853 1086 922 compleuerat

40 952 188 1005 orationem
209 955 236 1005 et
255 965 315 1005 eece
327 950 403 1004 utiles
413 951 502 1020 speeie
512 949 640 1004 terribilis
651 951 758 1020 irrupit:
778 951 994 1020 quemadmodum
1007 955 1085 1024 virge

39 1052 158 1115 kemut,
174 1051 216 1103 cai
234 1049 346 1119 populus
365 1056 479 1104 tacturus
499 1049 597 1104 cessit!
633 1049 687 1104 Sed
704 1049 753 1103 iiia
769 1065 822 1104 ueu
840 1051 974 1105 irarucurer
990 1051 1084 1107 lectio-

38 1151 95 1202 rria:
124 1155 152 1203 et
168 1149 277 1213 Daniel,
300 1149 398 1220 inquit.
425 1150 580 1220 supplicium
600 1147 737 1204 Saraucae
755 1153 923 1218 spectaturus
941 1150 1085 1206 advenerat

39 1254 67 1302 et
87 1263 164 1318 quara
185 1247 298 1318 pepuius
316 1247 496 1332 damnauerat,
515 1264 581 1302 unus
601 1247 725 1320 absoluit.
760 1246 853 1302 Potest
870 1254 897 1304 et
914 1249 941 1302 iu
960 1247 1012 1304 hoc
1029 1249 1085 1319 lapi

38 1347 132 1402 traditu
157 1349 216 1401 eris
238 1347 330 1402 tatere.
366 1347 452 1402 Habet
469 1355 496 1403 et
514 1347 635 1402 Christus
654 1347 750 1402 ruiiitcs
776 1362 857 1414 sues,
880 1351 927 1420 qui
946 1350 1025 1404 etiam
1042 1350 1082 1406 ic-

38 1449 134 1518 gierres
152 1445 249 1504 tutet:
274 1453 320 1501 aut
343 1441 460 1503 tortasse
483 1461 626 1518 percussor
644 1447 765 1511 intrauit,
789 1461 822 1500 ne
845 1450 963 1502 rereads
984 1452 1082 1509 auius:

39 1552 65 1601 ei
83 1545 153 1602 tudes
172 1545 260 1600 soient
284 1548 407 1602 martires
427 1545 524 1601 iacere.
560 1544 582 1600 0
602 1548 695 1616 uirgo,
720 1543 786 1599 tides
808 1549 854 1600 tua
878 1551 905 1602 te
922 1547 1022 1604 saltatu
1042 1551 1083 1608 ie-

40 1649 85 1700 cit.
120 1645 170 1701 Cui
187 1645 277 1700 mites:
302 1659 419 1716 quaeso,
445 1661 478 1701 na
497 1660 598 1716 pareas
617 1661 710 1700 seror:
737 1641 790 1698 huo
815 1645 875 1700 verri
893 1645 999 1703 salvare
1024 1652 1082 1704 art-

39 1761 114 1812 maru,
133 1761 185 1800 aou
206 1743 326 1815 perdere.
361 1745 446 1800 Serre
463 1761 518 1811 rae,
547 1751 576 1799 ut
594 1747 654 1816 ipae
672 1746 804 1810 serveris,
822 1746 899 1815 quast
918 1745 1023 1803 adulter
1040 1752 1082 1806 iu-

37 1859 166 1916 gresaua,
186 1847 209 1898 ei
227 1848 284 1910 via,
312 1846 403 1898 martir
420 1843 558 1916 egrediar,
584 1847 739 1899 uestimenta
758 1851 901 1912 mutemus,
925 1850 1083 1905 conveniunt

38 1959 96 2000 raea
112 1943 164 1998 tibi
181 1950 208 1999 et
224 1952 270 1999 tua
287 1943 365 2004 mihi,
390 1943 437 1999 sed
464 1952 576 2015 utraque
600 1943 716 1998 Christo.
752 1943 812 1998 Tua
829 1947 910 1998 vestis
932 1961 973 2000 rue
993 1963 1081 2002 rerum

36 2044 146 2100 uiiitcn
176 2042 256 2102 ructet
279 2051 306 2098 et
328 2059 388 2098 mea
402 2050 430 2099 ta
447 2044 583 2114 virginem.
618 2041 691 2097 Beue
707 2048 736 2096 tu
755 2044 891 2104 vestieris,
916 2059 967 2116 ego
986 2046 1080 2101 meiius

37 2159 137 2208 exuar,
161 2149 191 2198 at
214 2160 255 2198 ure
273 2149 429 2214 perseeutor
447 2148 583 2214 agrruecat.
619 2141 698 2196 Sume
714 2139 849 2208 habiture,
874 2144 918 2212 qui
935 2143 1081 2200 abscondat

36 2241 176 2310 taurian,
194 2242 286 2309 trade,
311 2243 355 2315 qui
374 2247 511 2296 consecret
529 2243 668 2296 martirem.
703 2239 785 2296 ludue
807 2239 984 2312 cirtampderu,
1012 2261 1080 2316 quae
1108 2287 1112 2296 ,

35 2341 154 2396 occultet
171 2340 287 2416 membre
305 2342 416 2411 uirginis
435 2346 462 2396 et
480 2347 569 2396 seruet
586 2340 728 2412 pudorem,
747 2355 820 2394 eume
837 2339 949 2410 pileum,
974 2345 1018 2412 qui
1038 2351 1076 2400 te-

35 2449 85 2512 gat
102 2444 206 2506 crines,
230 2441 378 2496 abscondat
402 2455 464 2494 era:
492 2439 578 2494 sutcut
602 2438 777 2506 erubescere,
804 2441 849 2509 qui
867 2439 979 2510 iupurrar
996 2443 1077 2498 intra-

34 2547 137 2596 verant.
173 2541 243 2596 Suae
262 2557 318 2594 cun
338 2555 449 2612 egressu
469 2537 559 2605 tueris,
578 2555 612 2594 ue
636 2540 765 2610 respicias
782 2545 867 2592 retro:
894 2555 993 2595 mentor
1011 2559 1078 2598 uxo-

33 2642 72 2694 ris
92 2639 178 2704 Loth,
204 2646 516 2710 quartumdecimum,
542 2641 605 2709 quia
629 2637 776 2708 impudicos
799 2638 863 2692 iicet
887 2641 969 2694 castis
992 2642 1078 2697 creetis

33 2740 175 2810 adspexit,
194 2740 296 2806 arrisit,
320 2753 371 2793 uec
389 2753 514 2805 vereare,
532 2755 565 2792 ne
585 2737 646 2809 quid
666 2743 760 2807 pereat
778 2735 917 2792 sacrificio.
954 2737 1010 2812 Ege
1029 2757 1078 2812 pre

33 2845 62 2894 te
86 2838 200 2894 hostiam
222 2838 280 2894 lieo
298 2854 356 2893 ruee
382 2836 502 2894 reddetur:
529 2843 557 2892 tu
580 2853 629 2908 pro
653 2852 695 2892 ure
717 2835 825 2892 mititem
848 2835 954 2892 Christe
976 2838 1077 2896 iubeas

34 2937 130 2993 bonaur
150 2939 267 2994 militiam
287 2939 431 3004 eastitatis,
455 2952 523 3010 quae
540 2935 680 3007 stipendiis
704 2935 799 2990 militat
816 2938 993 3006 sempiternis,
1011 2937 1077 2994 iori-

33 3054 91 3094 curu
106 3040 239 3110 justitiae,
258 3053 327 3110 quae
345 3036 477 3108 spirituali
493 3039 633 3093 munimiae
649 3051 746 3107 corpus
765 3034 870 3102 induat,
888 3044 987 3094 scutum
1006 3037 1076 3107 fidet,

32 3155 86 3210 quo
100 3138 193 3193 saluus
204 3139 333 3208 repetitus,
351 3138 456 3210 galeam
474 3136 578 3192 salutis,
612 3135 653 3192 itt
665 3140 731 3192 euim
743 3143 785 3192 eat
793 3137 954 3206 praesidium
967 3147 1077 3194 austrae

32 3239 149 3302 salutis,
177 3236 222 3291 ubi
246 3243 287 3292 est
303 3236 437 3294 Christus:
456 3239 578 3310 quouiaru
591 3236 708 3291 mulieris
722 3242 802 3307 caput
814 3245 857 3291 eet
874 3239 925 3304 vir,
946 3239 1074 3310 virgiuum

33 3337 166 3393 Christus.
207 3335 242 3392 dit
265 3338 335 3392 iuter
358 3339 425 3392 iruec
443 3336 525 3392 rerba
542 3336 705 3407 eirisrupdeur
723 3339 810 3404 exuit,
829 3342 970 3408 suspectas
988 3343 1075 3392 tamea

32 3437 120 3495 adhue
135 3435 242 3491 habitus
253 3445 280 3494 et
292 3439 472 3508 persecutoris
482 3442 509 3492 et
519 3435 643 3492 eduitcrt.
655 3504 657 3506 Î™
670 3433 752 3507 Virgo
762 3437 898 3502 cervicem,
913 3435 1073 3508 chlamydem

32 3539 122 3608 coepit
135 3536 211 3592 nites
226 3536 331 3594 oiierru.
352 3538 425 3600 Quae
439 3549 536 3608 pompa
549 3533 610 3589 illa:
623 3515 796 3606 pergratis,
811 3550 868 3589 curu
877 3533 1031 3605 tulupauari
1041 3535 1075 3592 de

32 3637 150 3690 martirio
169 3641 309 3692 certarent.
339 3635 619 3706 Addaeturperseoae
628 3631 704 3688 mdes
717 3635 839 3706 etvtrge.
862 3633 918 3691 liae
930 3634 1073 3691 dtsetruites

32 3739 101 3791 iuter
115 3751 147 3791 se
168 3743 278 3792 nature:
296 3735 344 3792 sed
360 3737 409 3796 liei
422 3735 592 3794 miseratione
606 3732 772 3800 couuimtiee,
795 3740 824 3788 ut
837 3732 999 3805 conpleatur
1011 3750 1071 3790 ura-

32 3835 116 3890 cuiuur
125 3854 131 3890 :
140 3840 200 3888 tuac
211 3834 265 3905 lupi
279 3845 306 3894 et
319 3840 383 3910 agui
397 3836 473 3894 timul
481 3839 630 3906 pascentur.
647 3829 716 3888 Eece
726 3848 797 3906 agua
806 3839 832 3888 et
842 3831 1072 3904 iupusuousoiuru

32 3935 107 3989 simut
126 3941 282 4005 pascuntur,
308 3919 356 3988 sed
376 3935 453 3988 etiam
471 3932 645 3988 immutantur.
682 3930 750 3995 Quid
768 3931 867 4002 plura?
900 3932 1004 3988 Mutato
1022 3933 1072 3989 ira-

32 4033 88 4089 hita
107 4033 197 4089 euolat
212 4033 303 4105 puelia
320 4033 354 4090 de
371 4032 482 4106 laqueo:
498 4035 553 4104 jau
572 4047 625 4088 uon
642 4031 699 4087 auis
718 4030 778 4096 etia,
796 4035 888 4099 utpote
903 4046 970 4101 quae
990 4034 1071 4102 spiri-

32 4133 145 4189 tualibus
162 4133 298 4190 terebatur
325 4138 367 4201 et,
393 4133 463 4206 quod
485 4133 558 4187 cutio
574 4146 687 4204 uuquam
704 4131 825 4186 uiderunt
842 4128 966 4198 saecuta,
991 4148 1071 4204 egre-

32 4233 101 4289 dttur
119 4231 153 4288 de
171 4232 293 4304 lupanari
308 4235 385 4308 virgo
404 4233 512 4288 Christi.
547 4232 583 4288 At
598 4231 647 4296 rtii,
666 4230 711 4302 qui
727 4225 853 4284 ridebunt
871 4227 956 4284 oeulis
974 4236 1001 4285 et
1018 4247 1071 4286 aaa

32 4331 155 4388 ridebant
171 4331 261 4401 corde,
280 4348 329 4390 ceu
345 4340 466 4405 raptores
485 4332 520 4388 ud
537 4347 632 4405 aguam
650 4331 707 4401 lupi
723 4328 853 4384 fremuere
877 4327 912 4384 ud
935 4329 1068 4400 praedam.

32 4429 115 4500 Unus,
140 4435 186 4506 qui
208 4439 266 4490 eret
287 4433 483 4504 immodestior,
511 4433 643 4501 introivit,
673 4427 722 4486 sed
746 4428 791 4484 uhi
810 4428 899 4484 hausit
920 4430 1007 4486 oculte
1030 4433 1069 4486 rei

794 4528 828 4584 ts
845 4529 859 4560 'âµ
