2842 5286
276 471 348 550 Cap.
373 470 446 531 LlV.
488 469 533 534 De
554 475 762 534 resurrectione
784 470 900 534 domini.
1045 467 1106 539 aii

65 627 259 696 interpretatur
275 630 484 701 transmigratio,
509 628 628 687 Christus
647 647 712 704 ergo
730 631 835 705 quando
852 638 976 703 surrexit,
993 637 1020 690 ln
1034 634 1107 692 Gall-

58 723 154 780 laeam
174 729 330 796 praecessit,
348 727 576 799 quindenniscris
593 729 763 802 adglorians,
782 730 814 786 de
825 735 994 803 corruptione
1012 733 1046 789 ad
1065 739 1106 790 in-

66 829 265 896 corruptionem
291 828 426 892 trausirit3
461 826 517 884 Leo
540 844 628 899 popa:
651 836 713 898 post
731 831 880 899 passionem
900 829 998 888 Christi
1022 836 1107 904 ruptis

68 923 182 978 uinculis
195 926 287 979 mortis
297 924 433 980 infirmitas
448 927 475 980 ln
495 928 625 994 rlrlniem,
638 929 786 983 mortalitas
798 931 824 983 io
835 932 1028 1000 aeternitatem,
1046 948 1107 987 oon·

66 1025 178 1079 tumelin
187 1025 294 1080 transiit
307 1025 332 1078 in
345 1023 465 1096 gloriam.
486 1023 581 1080 Tertio
594 1024 702 1093 utiliter,
715 1029 778 1098 quia
795 1034 873 1098 capta
881 1028 991 1098 praeda,
1009 1030 1106 1088 ierem.

67 1121 132 1178 llll:
150 1121 287 1177 adscendit
304 1120 394 1176 leode
411 1121 553 1177 cubillsuo
572 1128 598 1178 ei
615 1124 716 1193 praedo
734 1129 850 1196 gentium
869 1142 897 1182 se
916 1126 1024 1184 levarit.
1043 1128 1108 1185 licre

65 1219 197 1277 dolonn:
212 1236 268 1274 cum
279 1221 412 1274 exaltatus
424 1220 508 1286 luero,
528 1227 627 1276 eterra
645 1224 732 1277 omnia
748 1223 850 1278 trainam
864 1223 899 1278 ad
913 1240 953 1280 me
969 1229 1063 1296 ipsum,
1078 1226 1106 1282 ici

68 1326 127 1376 cst:
144 1335 201 1374 cum
214 1319 346 1374 exaltatus
363 1319 438 1374 luero
455 1326 563 1384 eterra,
579 1321 691 1374 animam
703 1321 806 1376 scilicet
821 1320 956 1378 educendo
976 1324 1009 1380 do
1026 1325 1107 1381 limbo

67 1423 96 1474 st
112 1433 210 1490 eorpus
228 1417 261 1473 de
277 1417 418 1488 sepulchro
436 1419 523 1471 omnia
540 1416 641 1474 irslram
661 1423 710 1474 eto.
744 1418 844 1482 Quarto
861 1421 1026 1489 mirabiliter,
1045 1427 1109 1495 quio

68 1523 221 1572 remanente
244 1516 336 1570 oieuso
363 1515 512 1586 sepulchro.
548 1515 711 1571 sicutenim
734 1519 878 1574 exsistente
900 1520 992 1576 olsuso
1016 1525 1108 1577 metris

67 1623 145 1672 utero
165 1618 247 1686 exirit
264 1621 292 1671 et
307 1613 341 1668 sd
355 1612 499 1684 discipulos
512 1614 603 1685 januis
620 1615 718 1670 clausis
735 1618 852 1682 intmoit,
872 1619 911 1672 sio
924 1621 1042 1674 nimirum
1061 1636 1108 1676 ex-

67 1718 180 1772 sistente
197 1715 288 1771 olauso
305 1711 446 1783 sepulchro
464 1711 525 1768 inde
544 1714 616 1768 exire
634 1715 728 1783 potuit.
754 1711 971 1788 Undeleglturin
989 1717 1109 1788 lapsioris
1194 1737 1196 1742 ’

67 1814 244 1880 scholastice,
269 1813 340 1885 quod
357 1811 461 1867 cuidam
485 1810 611 1866 monacho
630 1813 716 1866 sancti
737 1811 909 1882 ¹)Lnurcntli
928 1821 1108 1873 extramuros

68 1911 375 1968 annoultlnearnatione
394 1909 492 1966 domini
511 1909 649 1966 millesimo
665 1909 729 1966 cxi
748 1914 852 1966 miranti
871 1911 904 1968 dn
922 1915 1029 1986 cingulo
1048 1931 1107 1982 suo,

69 2027 124 2084 quo
135 2013 266 2067 accinctus
283 2017 348 2076 orat,
366 2008 482 2064 insoluto
499 2011 619 2080 projecto
633 2017 693 2065 unte
706 2009 778 2064 illum
793 2025 844 2065 xox
858 2012 885 2065 in
894 2018 955 2068 nere
970 2020 1011 2068 est
1021 2014 1106 2068 inem:

68 2112 111 2166 sie
128 2113 216 2181 potuit
230 2109 349 2165 Christus
366 2109 457 2164 olauso
477 2107 709 2178 exirescpulolro.
736 2107 981 2177 Quintoreraoiier,
1001 2112 1064 2180 quia
1080 2112 1108 2166 ln

67 2225 183 2281 corpore
201 2225 262 2264 rsro
278 2215 305 2265 et
315 2209 434 2280 proprio.
460 2205 512 2263 Sex
528 2213 614 2262 autern
631 2205 715 2262 modis
727 2223 756 2263 se
771 2223 833 2262 rere
848 2210 1027 2264 resurrexisse
1044 2225 1108 2278 pro-

69 2308 157 2375 lrsrit,
171 2309 253 2378 primo
268 2323 317 2379 per
335 2307 467 2378 angelum,
487 2307 533 2378 qui
551 2322 604 2360 non
622 2307 759 2372 mentitur,
779 2289 894 2362 secundo
919 2321 967 2377 per
984 2305 1108 2378 impoen-

69 2414 122 2463 tem
146 2407 344 2477 apparitionem.
381 2405 409 2474 ²)
420 2404 471 2459 l’er
489 2403 555 2460 lusco
581 2403 634 2458 duo
651 2403 768 2459 ostendit
784 2420 814 2460 se
840 2421 902 2460 rere
919 2408 1108 2462 resurrexisse.

70 2505 166 2560 'l'eriio
180 2520 229 2574 per
245 2505 439 2570 comestionem,
452 2517 501 2574 per
518 2501 589 2574 quod
607 2501 740 2573 probarit,
759 2502 830 2575 quod
848 2519 901 2558 uon
914 2508 971 2557 eric
989 2505 1107 2574 ungium

69 2610 166 2674 quarto
183 2617 231 2672 per
246 2603 440 2672 palpationem,
465 2615 514 2671 per
530 2601 602 2671 quod
623 2600 747 2672 probarit
764 2602 835 2673 qnod
852 2603 878 2656 in
896 2619 959 2658 nero
979 2616 1109 2674 corpore;
1189 2623 1190 2626 ¹

70 2703 163 2774 quinio
192 2717 240 2771 per
262 2703 410 2754 cicatricum
443 2700 636 2765 ostensionem,
689 2714 737 2769 per
765 2699 836 2769 quod
865 2699 1002 2770 probarit,
1039 2701 1109 2772 quod

70 2800 99 2854 in
118 2798 212 2854 eodem
228 2814 355 2869 corpore,
382 2799 409 2851 in
429 2812 481 2868 quo
499 2803 615 2852 nonnus
639 2796 704 2862 iuii;
734 2802 811 2853 sexto
830 2813 878 2868 per
901 2799 992 2854 donnus
1010 2800 1109 2854 clausis

66 2898 159 2968 lenuis
178 2898 385 2968 ingressionem,
404 2912 453 2966 per
469 2894 539 2966 quod
558 2894 690 2962 ostendit,
715 2895 785 2967 quod
803 2895 968 2968 gloriiioaius
985 2900 1109 2953 surrexit.

71 2993 129 3050 llue
147 2997 214 3050 enin
235 3010 325 3048 omnes
347 2993 525 3048 dubitationes
557 2994 628 3046 circa
648 2991 748 3048 Christi
774 2988 992 3050 resurrectionem
1019 2995 1110 3050 videm

70 3099 115 3148 tnr
133 3093 217 3148 luisse
240 3093 267 3147 ln
290 3090 438 3162 discipulis.
473 3091 589 3162 Septimo
610 3093 724 3146 surrexit
739 3092 936 3159 immortaliter,
957 3095 1019 3163 qula
1042 3109 1110 3147 nun·

71 3206 149 3264 ςιιιι
175 3191 334 3246 decaetero
357 3191 507 3245 moriturus.
551 3187 724 3258 Romanii:
761 3189 882 3246 Christus
907 3193 1051 3246 resurrexit
1076 3207 1110 3246 ex
1228 3181 1232 3190 ’

71 3292 184 3344 mortuis
201 3292 257 3362 jorn
281 3305 332 3344 non
350 3289 498 3344 moriturus.
539 3287 613 3344 liixii
629 3293 716 3350 tannen
733 3286 876 3356 liponlsluu
894 3292 921 3342 in
938 3289 1053 3359 epistola
1076 3287 1111 3342 od

71 3388 269 3459 liemopiiium,
302 3386 431 3442 Christum
464 3387 544 3440 etiam
569 3391 632 3457 post
661 3384 858 3441 adscensionem
886 3385 989 3442 cuidem
1016 3394 1109 3442 scnoto

71 3489 129 3541 riro
158 3489 261 3542 nomine
292 3485 380 3556 (iarpo
406 3482 522 3540 dixisse:
557 3489 665 3554 paratus
692 3499 748 3538 sum
772 3499 864 3538 rursus
890 3499 939 3555 pru
962 3483 1112 3542 hominihus

71 3567 209 3641 selrandls
228 3587 300 3654 pati;
329 3599 378 3654 per
394 3580 466 3654 quod
485 3581 602 3650 uidetur,
631 3583 655 3635 si
672 3582 801 3652 possibile
827 3589 914 3650 esest,
950 3581 1036 3637 adhuc
1062 3597 1111 3653 pro

70 3682 222 3738 hominibus
239 3683 305 3736 mori
322 3685 431 3751 poneius
452 3687 531 3736 esset.
566 3678 665 3734 lietuiit
687 3681 754 3735 enirn
774 3679 924 3751 proedieinc
943 3681 1055 3752 Carpus,
1071 3682 1113 3736 rir

72 3785 155 3836 mirae
174 3782 339 3846 sanctitatis,
359 3779 438 3833 beato
454 3779 595 3849 liponisio,
621 3782 650 3832 nt
668 3778 695 3831 lo
713 3777 803 3834 eadem
823 3778 939 3850 epistola
955 3780 1112 3845 continetur,

73 3879 221 3952 quodsum
247 3877 352 3949 quidam
375 3875 517 3932 infidelium
544 3875 646 3931 ideleun
676 3874 808 3946 quendam
824 3879 1012 3946 pervertisset,
1042 3874 1111 3931 adeo

73 3979 176 4050 Carpus
192 3976 303 4032 moleste
320 3974 390 4041 tulit,
408 3980 437 4028 ut
454 3989 487 4030 ex
504 3974 555 4029 lroo
572 3972 745 4028 infirmitatem
755 3975 907 4029 incurreret.
943 3972 1047 4034 Tantae
1063 3989 1112 4027 nu·

71 4084 123 4133 tem
142 4076 292 4152 uastitatis
311 4079 379 4132 erat.
398 4078 427 4126 ut
444 4087 573 4144 nunquam
591 4070 754 4138 celebraret,
778 4074 840 4142 quin
856 4071 909 4126 sibl
928 4069 1051 4124 coelestis
1072 4069 1112 4123 ri-

71 4177 112 4230 sio
130 4174 282 4231 inferretur.
323 4170 379 4226 Sed
398 4184 522 4240 cumpro
545 4173 682 4242 utriusque
699 4171 871 4226 conversione
897 4182 974 4223 orare
992 4167 1111 4233 deberet,

121 4393 143 4444 1)
156 4388 299 4442 nitrionis
311 4387 477 4434 innurem-tio.
516 4387 619 4442 liverius
632 4392 684 4430 Per
698 4407 720 4418 -
734 4384 937 4429 resurrrexisse
950 4381 1110 4430 ermittlirll’r,
