2866 5310
264 98 338 174 Cep.
363 97 465 155 exiit.
509 99 553 156 lte
572 109 674 157 sancto
697 100 780 160 Petro
810 103 933 160 rnertire.
1059 104 1121 166 289

79 239 153 306 'exie
172 255 287 326 genibus
307 269 340 309 ae
357 256 382 308 si
400 256 616 326 praesentialiter
634 267 722 313 rorent
742 258 831 314 tumbe
855 261 989 330 edeteret,
1019 264 1118 334 psalte-

75 348 139 414 rirn
158 367 217 406 meu
237 354 380 408 deretiune
398 357 511 409 mesina
529 362 610 410 toturn
629 356 712 428 legit,
733 375 785 430 qen
804 360 910 430 explete
928 359 962 414 alr
982 360 1028 414 itta
1045 363 1119 418 inir-

71 455 191 507 aniene
207 451 278 506 adeo
296 451 436 508 liberatam
453 468 484 508 se
501 457 585 509 sensit
627 462 657 510 nt
672 459 728 527 jen
746 456 807 514 inde
826 458 954 514 netiern
972 461 1035 530 quid
1056 477 1115 516 sen-

67 549 139 604 tiree
179 550 298 607 Rediens
316 567 378 606 vere
397 567 430 608 ee
450 551 544 618 eredo,
571 570 623 625 que
642 556 743 620 iverat,
768 565 906 628 antequam
931 573 1022 612 onnes
1042 559 1117 614 diee-

63 651 105 704 tas
127 651 313 721 expiertssee,
340 655 444 721 penitae
462 657 504 707 est
520 660 624 707 serrata
642 683 675 696 -
698 686 719 694 a
743 685 774 696 ·-
808 660 877 718 20.
896 655 943 710 l'ir
961 656 1066 727 quiden
1085 657 1118 713 de

60 745 218 820 cmpielo
239 749 273 804 de
291 748 356 805 rttla
373 749 491 806 Mezeati
508 753 613 812 nemine
632 751 739 808 Reinue
756 769 863 826 preren
884 754 962 810 reite
978 754 1113 812 infirmita-

57 851 113 901 tere
138 850 271 916 taeduit,
290 863 350 902 esen
366 863 435 904 rena
452 849 537 904 treeta
552 852 583 903 ¹in
601 849 772 907 interioribus
789 853 908 924 pertibus
926 856 1044 910 euterius
1057 855 1117 912 sine

55 951 224 1003 martene
241 950 395 1020 sanguinein
413 947 563 1008 emittebat,
587 947 658 1019 quod
680 963 696 1002 n
719 950 791 1004 nullu
812 949 915 1007 perdire
935 951 1043 1024 eliqued
1062 954 1115 1010 sibi

54 1048 216 1103 remedium
240 1052 345 1118 peterat
369 1045 499 1100 adhiberi.
541 1045 604 1102 Cum
628 1063 693 1119 erge
718 1050 900 1120 sanguis-per
922 1067 969 1107 sex
1000 1053 1059 1109 dira
1090 1063 1115 1112 et

53 1155 162 1200 neeeee
182 1148 308 1201 eenttnue
324 1145 488 1211 effluxisset,
512 1145 557 1200 ille
578 1147 683 1200 bestuee
703 1145 807 1203 Petrum
824 1145 920 1204 devote
937 1152 964 1206 ir
980 1155 1022 1206 sui
1039 1155 1131 1210 auxi-'
1152 1175 1155 1182 Δ

52 1245 128 1300 lieren
151 1247 300 1310 irroravit,
326 1246 371 1317 pei
394 1251 447 1298 tnrn
473 1244 561 1299 subite
581 1253 690 1300 senatus
708 1252 765 1312 eet,
792 1239 820 1300 ut
837 1247 905 1303 inter
922 1247 1032 1306 etlusee'r
1052 1268 1112 1310 ore-

51 1345 167 1402 elenen
194 1353 221 1400 et
248 1353 382 1414 receptura
405 1342 589 1400 liberationem
616 1344 714 1399 nellurn
739 1359 824 1416 paene
842 1344 922 1402 luerit
938 1349 1105 1407 intervellere

55 1440 132 1500 Cane
143 1452 240 1504 ¹eateee
258 1458 289 1500 ee
306 1445 399 1514 superi
417 1442 545 1508 dedisset,
562 1443 628 1499 uidit
645 1442 773 1515 quendm
789 1445 897 1501 tratrem
914 1448 939 1501 in
959 1446 1051 1504 habitu
1069 1467 1112 1506 or·

56 1543 140 1600 dinis
165 1545 277 1598 tretrm
299 1541 510 1614 praedicatorum
534 1557 656 1616 gressum
684 1547 763 1614 utque
791 1543 860 1599 lseie
884 1543 1010 1614 brunner,
1036 1565 1112 1621 quere

57 1641 169 1699 eeeiere
187 1642 261 1698 beati
276 1641 348 1698 Petri
365 1644 480 1696 nertiris
497 1640 679 1704 existimabat,
704 1643 774 1696 siret
792 1658 859 1704 ¹rere
883 1650 910 1699 et
930 1643 994 1698 talie
1013 1626 1113 1704 tornes

59 1745 219 1800 exstiterat.
255 1740 305 1805 llui
328 1755 386 1796 eum
411 1742 574 1811 expensione
592 1739 693 1811 palmae
711 1741 804 1812 plenae
821 1743 951 1814 sanguine
968 1757 1024 1800 eurr
1043 1762 1108 1818 quo·

63 1845 134 1898 dean.
145 1843 224 1897 suari
241 1846 375 1914 unguento
393 1838 480 1896 ridear
499 1839 631 1895 ederelrat
645 1838 751 1896 dicens:
779 1841 890 1911 sanguis
912 1840 999 1896 adhue
1018 1858 1111 1900 reeens

64 1950 125 2008 est,
145 1941 208 1997 ueni
224 1941 308 2013 igitur
326 1938 361 1994 nd
379 1947 512 1994 recentem
528 1941 683 2010 eangetnem
700 1942 785 1992 seneli
800 1937 880 1993 l'etri.
917 1937 967 2002 Qui
978 1933 1111 2014 ertg'ilurrs

64 2041 236 2113 sepulchrum
254 2041 339 2094 saneti
356 2038 428 2094 Petri
441 2041 536 2093 statuit
552 2038 718 2094 visitares-
733 2067 770 2078 -
785 2067 819 2080 -
837 2031 893 2096 2'1,
912 2037 1045 2102 Quaedam
1063 2055 1103 2096 ω.

65 2145 187 2197 enitiseee
204 2139 238 2195 de
256 2145 345 2194 eastre
362 2136 489 2207 llaeepnn
505 2135 651 2207 lpeeeeeie
667 2136 788 2206 dpeeesle
812 2151 869 2192 eser
892 2137 920 2190 in
936 2136 1042 2193 treatarn
1058 2139 1095 2196 Pe

66 2249 133 2296 err·
159 2239 303 2312 speetaleer
326 2236 492 2294 devotionern
518 2233 646 2292 luberent
672 2244 700 2290 et
723 2235 782 2305 ejus
807 2235 925 2307 uigiliam
948 2237 1109 2306 jejunarent.

66 2357 124 2394 rnnr
149 2338 183 2395 ed
211 2355 286 2394 seen
309 2336 466 2400 eeclesieer,
490 2342 520 2388 nt
535 2333 658 2390 sudhent
674 2347 817 2405 vesperae,
840 2336 1034 2402 asuesireerrt,
1057 2353 1110 2392 une

65 2455 157 2501 earne
183 2438 318 2494 candelara
341 2433 473 2508 quendam
495 2434 521 2487 in
547 2431 673 2491 honorem
698 2433 783 2488 saneti
804 2431 880 2500 Petri
904 2433 1020 2488 martiris
1046 2443 1108 2490 ente

65 2539 198 2611 qneddeee
223 2539 308 2593 nitere
334 2537 407 2591 beati
429 2533 501 2590 l’etrt
528 2532 645 2603 apostoli
670 2532 760 2604 posuit
787 2530 998 2588 comburendam.
1035 2530 1109 2595 Quae

63 2653 123 2693 enus
141 2637 245 2692 dennuni
264 2635 418 2700 rediissent,
436 2631 563 2688 eeuerdes
581 2631 696 2686 avaritie
709 2629 803 2686 duetus
822 2632 849 2684 in
868 2632 953 2702 ipsun
973 2633 1107 2689 candelari

63 2737 179 2793 enitare
197 2752 253 2793 ean
272 2735 412 2800 exstinxit,
436 2735 486 2788 eed
512 2746 572 2786 nex
595 2730 680 2785 lunen
708 2728 787 2784 rediit
809 2736 836 2784 et
856 2729 942 2786 denne
960 2733 1044 2800 ipsane
1061 2747 1107 2788 ae·

63 2835 163 2894 cendit.
198 2834 322 2892 seeundo
348 2839 376 2888 et
398 2833 560 2887 tertte‘eeru
585 2831 756 2902 exstinguere
775 2828 873 2895 uoluit,
896 2830 946 2885 aed
969 2828 1056 2886 lunen
1079 2837 1105 2886 nt

63 2937 141 3008 prius
166 2933 253 2990 rediit
289 2931 363 2988 llede
389 2929 479 2986 taedio
505 2929 617 2984 allectus
641 2927 748 2982 elersen
766 2927 874 2982 intererit
899 2933 926 2982 et
942 2930 1106 2999 ante‘rnajne

62 3037 149 3090 uitare
166 3033 247 3088 alian
264 3030 400 3086 perdelere
420 3030 528 3095 iuverit,
546 3043 622 3099 quun
639 3027 749 3082 elertcue
766 3028 792 3080 in
813 3026 936 3082 honorem
953 3029 1041 3082 saneti
1056 3027 1106 3085 Pe·

64 3137 99 3188 trl
118 3140 260 3205 posuerat,
278 3131 323 3202 qni
339 3131 398 3201 ejus
415 3127 533 3202 vigiliani
551 3127 673 3182 similiter
687 3124 836 3196 jejunabat.
872 3125 953 3188 Quern
979 3127 1106 3182 sacerdes

62 3233 106 3288 bie
125 3234 296 3304 energrere
316 3229 416 3290 relutt,
441 3227 489 3283 sed
515 3227 638 3296 nequivit.
677 3223 751 3288 ered
777 3223 869 3279 uidene
892 3223 1004 3280 clericus
1022 3227 1105 3280 iratur

62 3333 147 3387 dixit:
165 3329 279 3402 dpelole
306 3333 426 3399 apertum
444 3324 594 3381 nireeulure
614 3339 666 3378 non
686 3322 780 3378 viderie
800 3327 827 3378 et
843 3321 914 3394 qued
933 3328 1039 3378 sanetus
1055 3323 1103 3380 l’e-

62 3438 121 3486 tree
145 3446 199 3484 een
220 3427 287 3488 uult.
315 3432 343 3484 ret
367 3441 439 3482 euers
469 3423 644 3496 exstinguetis
668 3421 827 3477 nendetanrl
862 3421 962 3476 Territi
980 3422 1062 3494 igitur
1079 3425 1106 3480 et

62 3535 202 3600 etepentee
220 3527 348 3586 seuerdee
367 3533 393 3580 et
412 3524 524 3579 clericus
542 3531 655 3578 castren
675 3518 868 3576 adscenderunt
891 3526 916 3574 et
942 3519 1103 3590 praedictum

62 3627 217 3684 anineeluee
233 3625 354 3682 nauibus
372 3628 552 3679 narraverunt.
573 3651 601 3660 -·
624 3651 655 3660 »—
674 3650 705 3660 =-
730 3623 790 3678 88.
817 3617 863 3673 llir
878 3617 983 3688 quidam
1001 3621 1104 3674 nemine

61 3725 137 3784 noer
167 3725 200 3782 de
224 3723 306 3784 llleda
328 3739 384 3786 eurr
412 3735 495 3792 usque
521 3719 555 3774 ad
580 3729 666 3774 restes
690 3720 718 3778 tn
739 3716 810 3772 ludis
828 3718 917 3772 onnia
932 3715 1104 3787 perdidisset.

61 3827 170 3882 dearum
190 3827 215 3878 in
236 3838 297 3880 aere
317 3821 422 3879 rediens
441 3823 498 3876 cre
516 3819 625 3874 leeerna
650 3831 765 3872 aceensa
787 3816 882 3870 leetnn
901 3829 975 3870 eunre
993 3814 1060 3869 editt
1078 3824 1105 3872 et

61 3925 156 3978 uidene
173 3937 204 3978 se
223 3931 277 3976 tarn
295 3921 361 3978 riles
381 3934 483 3990 pannos
502 3917 602 3980 nabere
623 3921 699 3972 etse
722 3911 821 3970 tanturn
839 3915 962 3968 anteisse
978 3913 1103 3972 seneida,

59 4035 125 4078 rene
142 4036 208 4093 pree
225 4021 305 4074 ninia
324 4018 511 4084 desperatione
529 4016 617 4086 eoepit
636 4013 777 4070 desereres
794 4017 959 4069 tneeeereac
970 4012 1118 4086 eeiiedent

820 4112 862 4166 tt
