2984 5316
266 471 339 551 Cep.
362 469 464 530 XCVl.
506 469 552 530 De
579 479 676 530 saneta
698 471 787 530 Maria
808 468 986 548 Magdalena.
1082 466 1145 532 409

109 633 219 683 mautarn
234 627 460 700 uidenslacrymas
475 629 610 684 ooniinero
621 643 673 683 ιιι
686 631 779 699 potuit.
800 629 880 702 cnjus
893 627 1145 700 dilectionequatri·

110 725 222 782 duanmn
235 728 343 784 ιιιιιιιι
358 731 616 797 suumresuseitsrit,
632 730 705 801 cuju
714 744 802 784 amore
810 729 1064 784 Murtbarosororenr
1072 743 1145 783 suasu

109 840 126 880 ι
143 826 213 883 buxo
225 831 373 902 sangoinis,
392 845 467 902 quens
485 835 585 900 sepiem
599 833 675 884 annis
694 843 823 900 perpessa
835 828 930 896 iuerat,
950 827 1082 897 liberarii,
1100 845 1146 884 eu-

106 928 152 998 jus
171 929 271 983 meritis
289 927 432 985 biantillaun
449 931 550 983 sororis
578 944 642 983 suae
664 928 803 998 famulam,
824 938 855 985 ut
879 930 943 985 illud
965 935 1017 984 tam
1041 927 1145 984 beatum

110 1033 138 1082 ιι
155 1031 206 1081 iam
227 1027 302 1084 dulce
320 1029 425 1088 uerbum
444 1029 592 1085 exclamans
610 1029 724 1085 dieoroi:
741 1029 835 1086 beatus
853 1037 957 1097 uenter,
978 1031 1020 1103 qui
1039 1037 1066 1085 te
1085 1046 1148 1102 por·

110 1130 192 1194 iarlt,
212 1127 317 1202 dignans
337 1130 408 1186 leeli.
442 1129 508 1184 Nam
525 1128 667 1186 secundum
684 1130 850 1186 Ambrosium
868 1130 915 1186 illa
934 1131 983 1187 luit
1000 1129 1107 1188 Mariba
1122 1135 1151 1186 ei

112 1226 178 1283 haee
195 1230 253 1300 ejus
273 1228 379 1286 lenuis.
413 1229 485 1286 lines
504 1235 561 1296 esi,
581 1230 703 1301 inquam,
721 1230 781 1297 illu,
807 1247 874 1303 quae
892 1231 989 1287 dornini
1007 1229 1091 1303 pedes
1108 1229 1149 1285 la-

113 1329 208 1398 oryuuis
227 1328 307 1398 larii,
326 1330 431 1402 capillis
446 1333 525 1386 tersit
542 1335 568 1384 et
585 1337 719 1404 unguento
743 1334 879 1402 perunxit,
903 1347 971 1403 quae
989 1333 1151 1402 intempore

113 1429 218 1500 gratiae
236 1429 385 1486 sollemnem
403 1431 589 1502 poenitentiam
609 1431 693 1503 primo
712 1430 790 1498 lecit,
816 1447 883 1502 quoe
907 1433 1030 1504 optimam
1050 1436 1152 1502 partem

116 1527 213 1600 elegit,
237 1542 305 1600 quae
324 1530 359 1585 ιι
376 1531 460 1601 pedes
479 1531 574 1586 sedens
593 1531 690 1585 domlol
709 1531 813 1586 verbnm
834 1531 934 1587 audivit
952 1537 978 1586 ιι
995 1531 1091 1585 donnini
1107 1543 1153 1584 ιι-

116 1633 162 1698 put
186 1630 324 1698 peruasit,
351 1645 418 1702 quae
442 1633 520 1702 juxta
543 1645 645 1685 erucem
669 1632 697 1685 ln
721 1629 819 1688 donnini
842 1633 969 1702 passione
994 1631 1057 1698 luit,
1085 1643 1154 1702 qnae

116 1734 251 1798 unguenta
275 1744 372 1801 parans
394 1747 491 1802 eorpus
518 1733 576 1802 elus
602 1746 703 1803 ungere
727 1731 824 1799 voluit,
851 1747 919 1803 qnae
947 1746 964 1786 a
990 1736 1154 1785 monumento

117 1827 255 1898 discipulis
271 1829 455 1888 recedentibus
472 1847 525 1887 nou
543 1836 668 1899 recessit,
695 1834 738 1889 eui
762 1829 882 1887 Christus
905 1847 1049 1904 resurgens
1071 1832 1155 1901 primo

117 1931 242 2000 apparuit
258 1938 285 1986 ιι
302 1932 483 2002 apostoloram
499 1933 647 2003 apostolam
669 1933 740 1988 lecit.
775 1931 840 1987 Post
858 1931 1056 1988 adscensionem
1074 1931 1157 2002 igilur

119 2028 232 2098 dodini,
252 2029 355 2086 seilicet
371 2047 439 2086 anno
459 2029 527 2088 aiv.
549 2048 565 2088 a
583 2037 708 2105 passione
726 2048 782 2089 eam
800 2031 894 2091 ludaei
912 2030 1072 2102 Stephanum
1087 2031 1156 2101 jain-

119 2130 165 2185 din
183 2129 343 2186 occidissent
361 2140 388 2188 ei
405 2139 525 2188 caeteros
552 2133 697 2204 discipulos
722 2114 875 2190 aludaeae
892 2130 987 2187 finibus
1004 2131 1157 2203 ejecissent,

120 2229 284 2286 diuersarum
302 2234 418 2303 gentium
436 2232 560 2304 discipuli
577 2233 691 2288 subeant
708 2235 849 2306 regiones,
867 2232 975 2288 uerbum
992 2229 1089 2286 domini
1106 2227 1158 2284 ibi-

121 2332 178 2388 dom
196 2333 364 2388 seminantes.
398 2331 465 2390 Erat
490 2340 576 2389 autem
600 2341 660 2388 ιιιι
685 2337 810 2405 temporis
832 2347 889 2389 eum
916 2330 1047 2405 apostolis
1064 2329 1160 2386 beatus

119 2431 278 2490 Maximinus
302 2449 369 2489 unus
392 2431 426 2490 de
448 2432 547 2490 lxxii
570 2434 668 2489 domini
692 2435 846 2506 discipulis,
872 2435 915 2489 eni
938 2449 955 2488 u
978 2432 1057 2488 beato
1080 2430 1160 2486 Petro

53 2564 60 2578 ·
121 2533 211 2592 Maria
234 2533 400 2604 Magdaleuu
423 2533 511 2590 luerat
533 2533 721 2592 eornmendaia.
756 2533 784 2590 ln
810 2534 861 2590 luae
888 2537 969 2607 igilur
994 2531 1161 2614 dispersione

122 2633 216 2690 beatus
233 2633 408 2702 Maximinus,
426 2633 515 2690 biario
530 2633 707 2707 Magdalena,
726 2632 845 2690 Lazarus
864 2633 946 2690 lralar
964 2636 1037 2706 ejus,
1054 2629 1163 2688 blarilra

123 2748 202 2790 soror
225 2736 310 2806 insius
332 2741 365 2806 ιι
387 2733 507 2792 lliartilla
531 2733 837 2807 pedissequs'lllaribao
866 2751 914 2791 nee
937 2749 988 2790 non
1013 2739 1042 2790 et
1067 2733 1162 2787 beatus

125 2833 273 2902 Cedentes,
297 2838 344 2906 ιιιι
360 2849 454 2892 ιιιιιι
472 2849 492 2890 a
505 2835 644 2892 nativitate
664 2838 819 2902 exstiterat,
843 2836 892 2892 sed
916 2852 934 2891 ι
951 2833 1057 2890 domino
1077 2833 1165 2888 luerat
1205 2867 1215 2896 ,

124 2932 264 3004 liberatus,
283 2951 373 2992 omues
390 2935 420 2992 bl
437 2935 539 2990 insimul
557 2943 583 2992 ιι
608 2935 697 3007 plures
722 2935 769 2990 ulii
795 2937 933 2991 christiani
959 2937 1021 2991 nari
1045 2935 1079 2990 ab
1105 2932 1163 2990 inin-

124 3035 229 3093 dellbus
246 3037 365 3109 impositi
379 3044 407 3093 et
424 3034 523 3109 pelago
541 3039 598 3092 sine
617 3037 706 3108 aliquo
725 3036 904 3109 gubernatore
922 3037 1047 3108 expositi,
1064 3044 1093 3090 ut
1108 3051 1163 3090 on-

124 3153 173 3193 nes
197 3137 300 3194 soilieet
323 3137 401 3194 simul
422 3136 670 3210 submergerentur,
695 3137 784 3192 diuino
808 3136 912 3194 ιιιιιιι
936 3145 1000 3193 ιιιι
1017 3135 1166 3192 Massiliam

125 3237 295 3296 ιιιιιιιιιι.
330 3237 380 3295 lini
397 3253 455 3294 oum
472 3237 568 3306 nullos,
587 3239 633 3311 qui
649 3252 696 3295 ιιι
716 3237 833 3310 lnosoliio
852 3241 971 3311 resipere
991 3237 1104 3305 uellent,
1125 3238 1161 3292 iu-

128 3342 270 3406 venissent,
289 3340 338 3395 sub
356 3337 466 3411 quadum
487 3341 601 3410 portion,
621 3354 691 3411 quae
708 3340 770 3394 iano
788 3341 875 3413 geniis
894 3339 965 3396 illius
982 3344 1071 3394 terroe
1089 3353 1167 3410 prae·

128 3448 198 3507 erni,
217 3442 393 3495 mutuabantur.
429 3442 493 3496 Cum
512 3445 598 3497 uuiem
617 3439 696 3496 beata
712 3437 801 3496 illaria
817 3437 980 3513 Magdaleno
1000 3433 1103 3496 uideret
1119 3455 1168 3510 po-

127 3540 214 3612 pulum
234 3541 267 3596 ιι
294 3541 381 3597 lanum
404 3541 552 3610 eouiluere,
577 3549 606 3598 ul
629 3541 716 3614 ydolis
740 3538 901 3607 immolaret,
925 3555 1070 3614 assurgens
1098 3538 1168 3594 uuita

127 3641 246 3713 placido,
271 3641 340 3699 lucie
357 3657 468 3710 semna,
490 3643 583 3717 lingna
601 3642 717 3716 disereia
734 3657 781 3698 ιιι
798 3642 833 3697 ab
850 3640 988 3713 ydolorum
1005 3641 1108 3696 cultura
1126 3655 1169 3696 re-

129 3743 241 3798 vocabat
264 3751 292 3800 et
315 3742 446 3800 Christum
471 3745 685 3801 constantissime
709 3741 897 3814 praedicabat,
923 3748 950 3800 ei
969 3741 1092 3798 admirali
1110 3747 1171 3796 suot

129 3845 246 3902 uniuersi
269 3859 336 3916 prae
359 3846 464 3916 speeie,
489 3859 554 3917 prou
578 3843 717 3912 laeandia,
745 3857 810 3917 prae
838 3841 977 3898 dulcedine
1003 3841 1171 3917 eloquentiae

129 3946 197 4016 ejus.
231 3943 285 4001 Nee
303 3947 409 4012 mirum,
436 3949 461 4002 sl
486 3961 532 4015 os,
554 3943 626 4018 qnod
649 3951 702 4000 ιιιι
732 3945 777 4016 pia
801 3949 828 3999 et
848 3949 902 3998 iana
927 3941 1038 4014 pulchra
1060 3941 1172 4015 pedibus

130 4044 272 4100 salraioris
303 4045 424 4104 inissem
454 4045 564 4114 oscula,
597 4047 711 4102 oueieris
743 4046 855 4118 amplios
881 4045 956 4102 serbi
983 4045 1032 4102 [lei
1056 4045 1173 4116 spiraret

131 4145 246 4201 odorem.
259 4175 294 4188 ·-
311 4151 344 4205 a.
363 4146 428 4202 Post
444 4146 494 4203 hoe
507 4152 594 4202 antem
608 4146 714 4202 aduenit
729 4148 853 4218 adnuens
866 4149 1019 4218 provinciae
1030 4144 1101 4201 illius
1115 4159 1172 4200 eum

132 4261 213 4301 uxore
229 4261 288 4312 sus,
306 4253 334 4302 ιι
352 4263 401 4318 nro
419 4245 544 4302 babendo
562 4246 636 4318 prole
653 4247 740 4318 ydolis
759 4249 913 4303 immolaret
950 4244 996 4302 (iul
1010 4245 1174 4319 Magdalenu

133 4345 266 4402 christum
291 4346 449 4419 unraedleauu
473 4346 607 4402 saoriileia
630 4347 766 4402 dissuasit.
802 4345 906 4404 interes
933 4346 1047 4403 evolutis
1072 4344 1175 4417 aliquot

133 4444 233 4503 dierum
250 4446 386 4506 uersiculis
405 4449 530 4519 apperuit
550 4447 577 4502 in
595 4447 654 4504 risu
674 4445 838 4520 Magdalena
862 4447 900 4502 ilii
917 4454 1053 4504 matronae
1069 4444 1174 4502 dicens:
