2918 5302
168 507 240 586 Cap.
265 505 393 569 cxxiii.
433 506 479 568 Do
500 507 647 568 nativitate
668 507 769 567 beatae
789 505 900 567 Mariae
919 508 1045 588 virginis.
1088 503 1148 572 oei

112 668 231 722 conatus
253 666 427 738 properabat·
459 665 494 722 lit
513 679 575 722 eccs
595 662 736 721 redeuntes
748 663 832 720 eirlem
845 669 1016 720 occurrerunt
1029 667 1150 736 otiosum

112 765 293 821 strenuissime
317 765 446 820 militasse
473 763 599 823 releuant.
640 762 716 827 Quod
740 761 799 816 durs
826 777 930 829 omues,
961 763 1006 834 qul
1029 762 1151 832 scierant,

111 867 263 919 assererent
293 869 320 918 et
350 864 465 918 universi
497 878 554 918 eum
587 863 769 918 strenuissime
805 861 934 916 militasse
966 860 1150 929 acclamarent,

112 976 213 1016 necnon
230 968 256 1016 et
274 960 397 1030 unllam,
417 962 461 1032 qui
479 976 510 1015 so
525 959 558 1014 ab
573 975 605 1016 eo
618 961 710 1030 capies
723 959 854 1026 dicebant,
874 975 904 1015 oa
917 959 1001 1015 cidem
1015 959 1150 1028 olierrent,

112 1057 278 1130 perpendens
301 1060 340 1114 rlr
358 1057 488 1113 discretus
507 1058 634 1112 urbanam
651 1061 770 1130 reginam
788 1057 890 1113 urbano
910 1057 988 1112 morlo
1012 1073 1043 1134 se
1067 1055 1150 1113 bono·

112 1172 202 1226 rasse,
230 1156 293 1228 quid
312 1157 452 1223 reciderit,
479 1156 656 1211 maaliestavlt
673 1162 700 1212 ot
717 1154 751 1210 ari
770 1160 954 1212 monasterium
972 1145 1078 1212 rediens
1097 1155 1150 1212 iriio

83 1277 87 1286 ·
112 1257 223 1328 uirginis
242 1255 399 1313 decaetero
418 1255 549 1312 militarit.
567 1284 600 1296 -
616 1279 702 1295 -s—
725 1261 763 1314 3.
786 1253 934 1326 Episcopus
957 1254 1078 1325 quidam,
1105 1259 1151 1326 qui

112 1355 216 1410 beatam
242 1353 354 1410 lilerium
381 1356 407 1408 in
424 1368 524 1408 summa
541 1355 690 1408 reverentia
708 1360 735 1408 et
754 1352 894 1408 devotione
911 1351 1043 1422 babebat,
1067 1369 1150 1427 quan-

112 1451 171 1506 clam
189 1453 326 1507 ecclesian
346 1451 440 1506 beatae
458 1449 562 1507 lilarlae
580 1453 606 1504 ln
630 1459 706 1506 noete
730 1449 816 1505 media
838 1467 871 1505 ex
895 1451 1036 1508 devotione
1058 1453 1150 1509 adibat

111 1557 138 1607 et
156 1565 216 1607 ecce
234 1552 310 1622 virgo
337 1551 466 1622 virginum
493 1551 618 1604 comitata
641 1552 764 1605 uniuerso
784 1551 911 1622 virgiuum
931 1549 1013 1608 oborn
1035 1555 1151 1609 venienti

112 1653 168 1706 rlro
193 1650 307 1704 occurrit
332 1653 358 1703 et
379 1663 436 1702 curu
463 1661 562 1702 summo
586 1645 688 1703 bonore
713 1654 864 1717 susceptum
883 1647 918 1703 ad
936 1643 1089 1718 ecelesiam,
1114 1651 1149 1707 au

110 1763 186 1821 quaer
209 1745 350 1813 tendebat,
381 1745 478 1800 lacera
511 1749 600 1817 coepit
627 1745 840 1818 praecinentibus
871 1745 1036 1806 trabucos
1066 1749 1149 1806 clroro

110 1845 206 1918 puellis
224 1852 305 1916 atque
323 1844 485 1899 dicentibus:

148 1933 151 1940 ⁴
276 1941 415 1998 (laetemur
434 1941 555 2007 domino,
578 1943 683 2008 sociae,
701 1949 834 1998 cantemus
850 1943 986 2011 bonorem,

273 2025 366 2081 Dulcis
385 2039 459 2080 arnor
477 2025 575 2080 Christi
595 2033 703 2082 resonet
719 2041 767 2082 ore
784 2027 837 2096 plo.

110 2144 181 2207 Quos
200 2155 292 2195 versus
310 2147 380 2196 totus
399 2141 467 2196 allus
486 2140 582 2196 chorus
601 2142 731 2213 uirginum
746 2139 904 2196 reuomente
919 2145 1057 2211 percantat
1070 2158 1148 2214 prae·

109 2242 247 2312 dictaeque
261 2239 342 2294 binae
362 2239 518 2294 cantatrices
537 2238 630 2307 binos,
653 2241 698 2310 qui
717 2245 862 2309 sequuntur
900 2241 928 2294 in
946 2239 1038 2297 ordine
1056 2257 1148 2298 versus

108 2341 286 2412 subsequutura
306 2343 378 2392 sunt:

269 2435 370 2492 Primus
391 2435 424 2490 arl
442 2439 494 2490 ime
513 2437 566 2490 ruit
586 2449 684 2508 magna
701 2435 734 2491 rle
751 2435 811 2492 lnce
829 2435 969 2507 superbus,
1010 2461 1013 2468 ·

269 2521 313 2576 Sic
332 2520 409 2575 bomo
428 2534 484 2575 com
504 2522 613 2586 tumuit,
633 2521 732 2590 primus
751 2520 858 2580 aalma
876 2523 937 2576 ruit.

108 2637 205 2709 sicque
232 2638 315 2691 uirum
340 2635 389 2692 Del
413 2643 470 2691 curu
494 2635 541 2690 tall
563 2638 735 2706 processione
758 2651 843 2707 usque
866 2637 900 2691 erl
923 2635 1061 2708 ecclesiam
1085 2655 1146 2710 per·

108 2735 238 2791 luxerunt
260 2733 361 2790 luobus
385 2750 489 2805 semper
511 2733 697 2805 incipientibus
726 2741 753 2789 et
774 2735 887 2790 caeteris
913 2736 1145 2808 mponientibrs.

106 2862 141 2876 -
159 2862 230 2876 --
243 2839 280 2892 4.
294 2833 427 2897 Quaedam
446 2833 539 2887 mulier
556 2831 653 2887 solatio
673 2835 722 2888 riri
740 2835 782 2889 sul
799 2833 927 2890 desituta
944 2837 1047 2890 unicum
1064 2835 1146 2892 lilium

106 2931 233 2998 babebat,
253 2947 327 3004 quem
346 2934 485 2987 tenerrime
504 2930 642 3003 diligebat.
678 2931 798 2996 Quadam
817 2939 903 2988 autem
921 2934 979 2989 eloe
997 2931 1066 2988 lilius
1085 2938 1144 3006 eles
1174 2993 1175 2996 ,

106 3031 141 3086 eb
155 3033 267 3086 lnlmicis
279 3033 383 3100 eapitur
396 3037 422 3085 et
433 3033 458 3083 in
468 3029 589 3085 custodia
606 3037 758 3092 carceratur
767 3037 794 3086 ot
813 3032 969 3089 rlnoolatur.
1003 3031 1080 3094 Quod
1097 3032 1145 3088 illa

106 3131 216 3186 audieus
235 3128 464 3184 inconsolabiliter
481 3127 562 3183 flebat
580 3134 607 3183 ct
624 3125 728 3184 beatam
747 3131 891 3202 virgineos,
909 3131 953 3184 cui
971 3130 1077 3185 multura
1096 3131 1144 3188 ‹le-

106 3235 169 3288 tota
186 3234 257 3294 eret,
275 3243 324 3298 pro
342 3226 501 3282 liberatione
519 3223 567 3279 iiii
583 3228 738 3297 importunis
758 3229 881 3298 precibus
898 3227 1036 3284 exorabat.
1069 3227 1144 3284 Tau·

106 3325 164 3381 den
189 3325 297 3391 vilent,
330 3325 401 3395 quod
426 3327 467 3379 alc
490 3324 556 3378 nibil
578 3325 734 3395 proliceret,
765 3327 921 3390 ecelesiam,
950 3328 977 3380 ln
1008 3341 1062 3398 qua
1086 3335 1144 3384 erat

105 3424 210 3494 sculpta
226 3425 313 3495 imago
332 3423 428 3478 beatae
445 3421 559 3488 lilariae,
578 3423 638 3477 sola
656 3425 766 3478 intrarit
784 3430 810 3478 et
828 3439 915 3478 ouran
935 3425 1049 3496 imagine
1067 3432 1142 3482 stans

105 3525 189 3593 ipsam
211 3523 251 3576 sio
276 3520 420 3591 alloquitur
437 3519 543 3575 dicens:
569 3522 646 3593 uirgo
664 3521 756 3587 beata,
783 3535 831 3592 pro
849 3521 1008 3579 liberatione
1025 3523 1073 3580 illi
1090 3529 1142 3582 mel

103 3627 133 3675 te
162 3633 244 3690 saepe
269 3619 363 3691 rogari
394 3623 422 3673 et
444 3617 531 3672 adhuc
555 3633 720 3691 nequaquam
748 3621 824 3674 matri
845 3621 958 3675 miserae
983 3621 1140 3690 subvenisti,

104 3719 276 3789 patrocinium
299 3724 370 3785 taum
395 3731 444 3786 pro
469 3715 522 3769 illo
546 3732 604 3772 meo
627 3717 737 3788 imploro
763 3724 789 3773 et
817 3717 915 3773 nullum
943 3718 1030 3774 adbuc
1053 3723 1140 3776 aeutio

105 3814 224 3870 iructuuu.
266 3813 365 3886 igitur,
392 3816 460 3869 sieut
485 3814 553 3870 lilius
567 3831 651 3894 meus
677 3814 740 3869 mibi
764 3814 870 3873 ablatus
894 3823 949 3882 est,
973 3819 1013 3872 sio
1036 3821 1064 3873 et
1087 3833 1140 3892 ego

104 3912 183 3968 fllium
206 3919 277 3967 tuum
302 3913 351 3967 tibl
374 3912 492 3968 aeleram
517 3919 544 3969 et
567 3911 686 3970 oballen
711 3929 758 3984 pro
783 3912 837 3969 illo
863 3928 921 3970 roeo
947 3917 974 3969 ln
993 3915 1139 3973 custodiam
1253 3987 1255 3991 ι

30 4027 31 4030 ’
102 4025 208 4084 ponam.
242 4008 276 4066 Et
292 4009 359 4067 baec
376 4010 466 4067 dicens
485 4013 595 4083 propius
613 4011 727 4067 aceetrit
744 4017 771 4068 et
787 4013 927 4084 imaginem
946 4014 1036 4082 poem,
1060 4029 1139 4086 quam

102 4113 180 4184 virgo
204 4113 231 4165 ln
256 4111 358 4183 gremio
375 4108 539 4181 bajulabat,
571 4107 697 4166 auterens
726 4108 828 4165 donum
861 4107 929 4164 abiit
951 4113 1138 4188 accipiensque

102 4211 241 4282 imaginem
265 4210 340 4280 pueri
366 4209 451 4279 ipsam
474 4209 501 4261 in
522 4207 605 4264 linteo
631 4206 802 4262 montineto
826 4209 937 4263 laroltlt
961 4216 989 4265 et
1011 4211 1040 4265 lu
1057 4209 1138 4266 arella

101 4306 245 4363 recondens
263 4310 347 4378 ipsam
364 4321 422 4362 cun
439 4306 514 4362 clare
533 4305 687 4382 diligentius
712 4304 872 4373 obfirmavit,
897 4303 993 4361 bouunr
1017 4305 1135 4364 obsidem

100 4420 148 4475 pro
174 4405 228 4460 illo
253 4420 304 4461 ruo
327 4404 426 4462 babere
448 4403 568 4477 gaudens
593 4410 619 4460 et
642 4406 727 4475 ipsun
746 4403 889 4477 illigentur
906 4403 1067 4460 custodiens:
1101 4403 1135 4462 Et
