2866 5310
287 440 350 503 336
523 445 595 522 esp.
618 440 748 502 tntilli.
793 442 838 501 De
859 451 958 500 sancto
981 440 1092 520 spiritu.

288 598 400 653 lectione
416 597 499 663 oniti,
518 594 589 670 quod
605 601 711 651 notetur
728 598 755 650 in
774 593 841 660 hoe,
859 595 929 668 quod
948 595 1059 652 dicitur:
1077 599 1152 651 erent
1171 608 1261 649 omnes
1281 608 1329 663 pe-

288 699 359 752 titor.
396 694 461 752 Erat
485 697 553 751 entur
579 698 614 751 iis
638 711 684 750 cor
702 711 778 749 unuln
798 701 824 749 et
844 696 1007 750 animaene
1044 693 1203 750 sicutenim
1221 693 1331 763 spiritus

289 794 400 850 hominis
420 810 473 848 non
492 793 607 850 vivltioet
624 792 738 849 nombre
757 795 895 864 corporis,
912 793 997 860 nisi¹)
1015 795 1042 848 in
1061 795 1132 856 rito.
1151 795 1190 848 sie
1208 809 1257 848 nee
1275 794 1331 861 spi-

290 895 355 948 ritns
374 898 481 949 sanctos
499 893 602 948 scilieet
625 892 741 948 nembro
763 892 921 963 spiritualis.
956 888 989 946 Et
1012 893 1082 947 sicet
1107 895 1177 964 ignis
1199 892 1330 964 lignorum

289 991 420 1046 divisione
436 993 622 1062 exstinguitur,
639 990 793 1060 slospiritus
803 989 1130 1060 senctusperdiseordiem
1140 989 1331 1052 inhominibus.

291 1097 318 1147 ct
336 1089 396 1145 tdeo
415 1095 535 1144 mutatu
551 1088 584 1144 de
602 1091 747 1159 apostolis:
769 1089 868 1143 invenit
884 1103 931 1143 eet
946 1087 1092 1144 concordes
1106 1068 1217 1142 certeis
1233 1088 1331 1143 etiilu-

288 1191 440 1244 strcriteos
455 1187 584 1244 inundans
605 1187 722 1255 ²)dcites
737 1186 852 1240 deitatis.
889 1184 982 1240 Tertio
993 1187 1054 1241 loco
1070 1187 1176 1251 secreti,
1196 1187 1265 1258 quod
1281 1204 1330 1241 no·
1409 1235 1410 1238 ,

290 1293 360 1342 toton
370 1288 396 1340 in
407 1285 465 1351 ltoc,
478 1285 548 1356 qood
560 1286 688 1341 dieiturin
703 1283 795 1342 eodern
808 1283 877 1348 loeo,
894 1284 997 1339 scilieet
1006 1286 1032 1338 in
1049 1283 1201 1342 weuaculo.
1220 1283 1283 1340 llos.
1292 1284 1330 1340 il:

291 1386 382 1440 ducem
402 1400 458 1440 esur
479 1383 505 1438 ln
525 1383 693 1440 solitudinem
712 1391 739 1440 et
757 1382 794 1437 iii
812 1383 907 1455 loquer
926 1381 959 1436 ad
980 1397 1027 1437 eor
1044 1384 1111 1454 ejus.
1148 1381 1247 1446 Quarto
1267 1399 1331 1440 ona·

291 1467 361 1540 tione
384 1483 499 1548 assidui,
523 1481 592 1538 unde
617 1485 806 1553 proemittitur:
839 1488 916 1537 erent
943 1485 1146 1552 perseverantes
1174 1485 1332 1538 uuuwimiter

291 1586 316 1638 in
335 1586 467 1648 cretione3
485 1580 554 1636 unde
574 1589 707 1637 meumes
725 1581 757 1637 de
778 1583 825 1634 lis:
844 1580 979 1635 orantibus
997 1581 1127 1650 apostolis
1150 1581 1266 1652 ³)Deunt
1284 1598 1329 1638 ve-

291 1685 364 1737 nisse
385 1683 494 1736 nuntiet
531 1679 607 1743 Quod
630 1682 697 1735 enirn
724 1682 809 1734 oratio
838 1683 992 1737 necessarie
1015 1681 1051 1734 sit
1074 1678 1107 1733 nd
1136 1684 1331 1751 susceptionem

291 1783 400 1852 spiritus
422 1781 520 1845 uncti,
546 1778 664 1835 ostendit
687 1778 749 1848 Sep.
768 1777 828 1833 vit:
857 1781 977 1834 invocavi
1002 1783 1029 1832 el
1052 1780 1123 1834 venit
1146 1780 1171 1834 in
1190 1794 1231 1832 ruo
1248 1782 1330 1849 spiri-

290 1887 332 1934 tus
361 1880 519 1950 supientiae.
554 1877 617 1932 llere
643 1875 703 1933 Jole.
729 1875 806 1933 xit:
833 1875 935 1948 rogabo
961 1885 1059 1947 petrem
1086 1893 1166 1932 neunt
1194 1885 1221 1932 et
1250 1879 1331 1932 aliurn

291 1977 452 2048 paracletum
477 1975 550 2031 debit
576 1976 660 2030 robis.
697 1975 791 2037 Quinto
812 1975 957 2031 humilitate
977 1975 1107 2046 praediti,
1132 1975 1202 2048 qnod
1226 1984 1332 2031 notetur

290 2081 318 2133 in
334 2077 401 2143 hoc,
420 2074 491 2149 quod
513 2074 610 2129 dieitur
627 2072 768 2138 sedentss;
795 2075 892 2146 psalm:
917 2076 961 2145 qui
985 2077 1081 2130 emittis
1107 2075 1193 2131 tontes
1215 2078 1239 2129 in
1266 2091 1328 2130 con·

291 2174 421 2230 voltibus.
447 2173 475 2227 id
496 2182 540 2230 est
555 2175 668 2246 gretiam
689 2174 798 2244 spiritus
818 2175 901 2228 sancti
922 2174 1005 2230 donas
1024 2173 1178 2241 humilibus,
1206 2181 1233 2230 et
1250 2189 1331 2244 super

291 2290 366 2345 quern
383 2274 534 2345 requiescet
549 2273 657 2342 spiritus
671 2287 743 2326 meus
761 2280 813 2328 etc.
847 2270 928 2327 Sexto
948 2288 1012 2342 pecs
1030 2275 1170 2344 conjuncti,
1190 2273 1261 2345 quod
1280 2289 1328 2327 no·

292 2380 362 2427 tetur
379 2375 404 2426 in
423 2369 489 2436 hoo,
519 2370 590 2444 quod
618 2376 693 2426 erent
716 2370 743 2424 in
765 2369 928 2437 ierusalem,
956 2387 1025 2443 quoe
1045 2374 1233 2443 interpretetur
1261 2373 1329 2425 risio

291 2473 372 2542 pnois.
409 2469 483 2534 Quod
503 2476 588 2524 nutem
607 2467 640 2524 sd
662 2468 836 2538 recipiendum
852 2471 972 2539 spiritum
985 2476 1101 2524 sonetum
1115 2485 1165 2540 pax
1176 2473 1331 2525 necessaria

290 2572 340 2636 sit,
368 2567 485 2625 ostendit
509 2567 628 2622 doninus
651 2565 711 2622 Julo.
736 2567 802 2622 iili:
826 2567 872 2622 ubl
894 2570 977 2638 primo
1000 2583 1089 2639 pecoun
1108 2566 1202 2624 obtulit
1221 2568 1329 2624 disens:

290 2685 341 2736 pax
367 2669 461 2732 robis,
493 2665 590 2724 deinde
614 2668 700 2720 stetim
728 2665 872 2722 insultavit
898 2673 925 2722 et
956 2666 1034 2722 dixit:
1071 2668 1182 2737 occipite
1209 2670 1329 2738 spirltum

290 2775 416 2822 sannone.
451 2765 568 2837 Septimo
588 2767 613 2818 in
633 2765 851 2836 oontenpisttone
872 2768 969 2832 ereoti,
996 2765 1066 2837 quod
1089 2773 1197 2822 nomme
1219 2768 1245 2820 tn
1269 2768 1329 2834 noe,

290 2866 360 2938 quod
379 2867 498 2937 spiritum
517 2869 634 2918 sonetum
654 2873 809 2934 receperunt
825 2866 851 2919 in
870 2869 1001 2936 superiori
1019 2867 1178 2934 coenaculo,
1197 2868 1268 2938 unde
1288 2868 1330 2922 dl·

290 2969 327 3021 oit
343 2965 440 3023 Glosso
460 2962 573 3018 ibidem:
600 2963 644 3033 qul
663 2963 782 3033 spirltum
800 2969 916 3018 sanctem
934 2964 1088 3030 desideret,
1111 2969 1199 3020 cernis
1217 2967 1328 3026 doniti-

289 3066 349 3118 tion
374 3060 580 3118 transscendens
603 3063 697 3116 mentis
715 3063 934 3134 contemplatione
960 3063 1054 3119 edent.
1090 3065 1169 3120 Circe
1191 3070 1329 3137 septimun
1371 3054 1376 3066 '

290 3171 399 3232 propter
411 3160 473 3232 quid
489 3160 596 3215 scilieet
610 3163 705 3215 missus
718 3167 767 3226 est,
788 3159 928 3216 nolendum
937 3161 1270 3234 quodmissusestpropter
1280 3181 1329 3221 sex

290 3275 400 3318 causes.
422 3273 490 3330 qnae
507 3265 632 3312 notentur
651 3261 677 3312 in
696 3258 748 3314 hae
764 3264 936 3315 auctoritate:
962 3261 1110 3332 pereeletns
1132 3269 1217 3316 aetem
1246 3267 1324 3334 spiri·

289 3368 330 3414 tus
357 3366 464 3413 senetur
489 3363 539 3414 ete
574 3355 661 3411 Primo
686 3357 721 3412 ed
748 3357 934 3414 consolandum
960 3366 1089 3426 moestos,
1120 3362 1190 3432 quod
1213 3369 1328 3430 notetur,

288 3474 344 3512 eon
366 3457 477 3511 dieitur:
494 3453 663 3524 perooletus,
681 3457 751 3526 quod
769 3455 835 3512 iden
854 3463 896 3512 ost
913 3471 945 3512 oo
963 3458 1123 3524 consolator,
1140 3458 1234 3514 isaias
1252 3459 1328 3516 th:

287 3558 398 3627 spiritus
424 3554 523 3609 domini
545 3568 627 3625 super
651 3569 691 3609 me
717 3561 768 3610 ete
794 3563 821 3612 et
838 3557 959 3627 sequitur
975 3561 1003 3610 ul
1022 3573 1144 3626 ponerem
1166 3559 1326 3616 consolatio-

288 3671 345 3710 nenr
364 3652 517 3726 lugentibus
534 3651 613 3723 spon.
650 3646 810 3725 Gregorius:
835 3655 987 3710 consolator
1011 3657 1119 3726 spiritus
1142 3657 1253 3721 dieitur,
1283 3662 1327 3730 qni

287 3754 441 3823 deponenti
459 3751 656 3822 perpetretione
680 3753 872 3818 moerentibus,
898 3752 957 3808 dun
981 3770 1055 3824 spem
1079 3757 1171 3810 veniae
1189 3765 1327 3826 pueparot,

287 3852 322 3908 cir
352 3848 497 3905 eldictione
526 3849 651 3904 tristities
683 3857 793 3904 mentem
823 3851 901 3905 levet
937 3851 1056 3908 Secundo
1082 3853 1116 3908 ed
1146 3853 1327 3911 vivificandum

287 3958 420 4014 mosmos,
444 3945 654 4017 noannoeane,
678 3963 735 4001 eun
757 3949 855 4002 dicitnr
870 3951 994 4020 spiritns¹
1020 3951 1089 4023 quod
1115 3954 1224 4023 spiritus
1249 3956 1326 4010 eoin.

238 4033 249 4054 ’
287 4049 333 4115 nui
356 4045 478 4100 sicilicet.
515 4043 609 4101 Erech.
632 4043 768 4101 xxxvii:
797 4062 861 4101 osso
883 4047 960 4102 eride
983 4048 1072 4106 cudite
1097 4050 1202 4106 verbum
1228 4052 1325 4106 donini

288 4151 338 4200 etc
372 4141 441 4200 Ecee
470 4160 522 4215 ego
549 4146 681 4198 immittent
706 4146 731 4197 in
761 4161 808 4200 ros
835 4146 954 4218 spiritum
982 4153 1008 4203 et
1032 4131 1137 4204 sinetis.
1173 4149 1267 4204 'lertio
1291 4149 1325 4204 ed

290 4241 745 4257 murum-nun*

340 4295 359 4340 Ι)
372 4290 516 4340 nocentiores
530 4291 615 4340 legunt:
629 4290 688 4334 nisi
702 4297 768 4332 sunt
782 4291 870 4338 unito.
947 4297 971 4344 2)
982 4293 1038 4338 nilis
1052 4295 1227 4338 ‹livinitotis
1241 4297 1326 4348 legunt.

287 4359 310 4403 tl
323 4357 359 4398 sie
374 4361 476 4404 itenere..
491 4358 530 4400 Ed.
543 4361 575 4399 Pr.
591 4357 656 4408 legit:
670 4371 730 4400 eune
743 4359 873 4404 venisse,
