2918 5302
211 531 294 608 cm.
316 529 431 591 cxcv.
474 531 520 590 ue
542 540 641 588 cancro
663 528 804 591 mernere
825 506 1008 613 ardengus.
1076 533 1137 596 css

94 687 195 743 induite
220 687 384 744 multitudine
414 685 541 759 potiebst.
578 688 640 744 Cum
673 696 758 744 autern
791 692 861 744 circu
886 692 1015 761 praedict!
1039 695 1136 749 montis

94 786 178 843 istern
197 795 386 858 pascerentur,
413 789 542 858 contigit,
569 787 697 858 quendam
723 795 824 843 tensum
847 788 917 843 elios
941 775 1091 863 relinquero
1109 799 1136 848 et

93 888 214 942 verticem
240 889 334 942 montis
362 885 549 942 conscendere.
587 885 648 942 Cum
674 886 775 942 domum
800 886 862 942 eiiis
887 889 1058 944 redeuntibus
1081 906 1136 945 non

93 985 229 1053 rediisset,
248 986 360 1042 cottecte
374 987 494 1041 dominus
509 985 673 1042 multitudine
687 985 841 1042 sannionum
855 988 994 1057 perderis
1012 1003 1133 1060 quaeque

92 1089 230 1156 requirens
257 1087 342 1155 ipsuru
370 1086 473 1140 tundern
497 1087 524 1138 in
550 1087 648 1140 uertice
672 1088 767 1140 montis
785 1088 861 1158 justu
882 1088 977 1141 ostium
995 1085 1132 1159 cujusdem

91 1183 234 1254 speluncae
253 1184 359 1240 inuenit
395 1183 531 1240 Permutus
550 1187 656 1254 iteque.
676 1199 724 1241 cur
740 1186 877 1258 solivagus
894 1184 1045 1250 incederet,
1071 1200 1131 1240 usos
1158 1165 1171 1176 '⁸

92 1285 117 1338 in
133 1285 218 1355 ipsum
236 1285 361 1357 segittsm
379 1285 521 1338 toxicatum
539 1283 650 1349 direxit,
680 1283 728 1340 scd
756 1288 842 1339 stetim
867 1285 938 1342 reiut
957 1300 972 1338 u
991 1289 1069 1339 sento
1087 1299 1130 1339 re-

89 1387 161 1438 tortu
185 1384 285 1455 ipsum,
314 1386 358 1455 qui
379 1384 497 1456 jecerat,
529 1387 702 1454 repercussit.
737 1381 850 1439 Turbati
875 1397 956 1453 super
982 1381 1033 1438 boc
1058 1385 1131 1440 cites
1165 1449 1188 1458 „

89 1483 243 1554 episcopum
260 1482 359 1540 sdeuut
382 1488 409 1539 et
430 1497 511 1554 super
529 1497 558 1538 se
575 1489 628 1537 tero
647 1482 779 1554 stupende
796 1486 880 1554 ipsum
900 1485 1043 1554 requirunt.
1081 1482 1131 1547 out

88 1580 236 1638 triduanum
252 1583 382 1654 jejunium
401 1584 435 1636 iis
453 1581 549 1637 indixit
566 1588 594 1637 et
611 1581 696 1638 sileo
709 1581 887 1651 quaerendum
905 1596 966 1637 esse
985 1581 1130 1639 admonuit.

89 1679 146 1742 Quo
161 1689 269 1752 peracto
281 1680 512 1738 sanctusdiichsei
531 1682 657 1752 episcopo
669 1683 793 1751 sppsruit
806 1681 913 1737 dicens:
926 1683 1030 1746 sciatis,
1043 1680 1129 1736 bomi-

89 1795 146 1836 nese
166 1781 238 1835 titum
258 1781 392 1836 uoluntate
410 1795 469 1836 meu
485 1795 534 1836 suo
552 1779 607 1835 teto
625 1793 686 1834 esse
708 1795 876 1848 percussum
901 1795 953 1852 ego
978 1782 1046 1836 enim
1071 1796 1129 1836 susu

88 1858 205 1934 diicbsci
224 1879 418 1952 archangelus,
441 1881 487 1952 qut
508 1878 593 1934 ionum
614 1877 682 1932 bunc
708 1882 734 1931 tn
758 1881 837 1934 terris
859 1879 976 1936 incutere
992 1883 1129 1951 tumorque

89 1991 198 2032 seruere
215 1984 335 2034 statuens
353 1979 404 2033 troc
422 1980 492 2034 notui
510 1976 625 2047 probsre
644 1975 752 2042 indicio,
770 1979 855 2047 ipsius
872 1993 912 2032 me
926 1977 980 2032 ioci
994 1979 1128 2048 inspecto·

89 2091 142 2130 rem
167 2093 227 2134 esse
251 2084 330 2148 etque
356 2079 500 2137 custodem.
535 2077 684 2148 Statimque
709 2077 850 2146 episcopus
876 2083 956 2148 utque
979 2077 1051 2132 utres
1069 2091 1128 2132 ount

88 2177 259 2244 processione
289 2177 374 2232 iocum
402 2176 501 2233 adeunt
531 2182 557 2232 et
578 2176 683 2247 ingredi
706 2191 757 2232 nou
784 2181 982 2245 praesumentes
1011 2176 1132 2230 crationi.

89 2289 153 2346 pree
177 2274 279 2330 iuribus
304 2277 436 2330 insistunt.
471 2275 593 2330 Secunda
615 2277 748 2347 apparitio
775 2281 832 2342 est,
854 2289 923 2347 quse
941 2276 1013 2328 utres
1033 2286 1128 2328 annuus

87 2373 184 2430 domtnt
196 2375 286 2430 ttccti
306 2374 438 2431 eccidisse
456 2372 622 2430 describitur.
657 2373 722 2432 Num
741 2377 767 2429 tu
785 2373 855 2441 ioco,
872 2375 918 2445 qut
936 2372 1040 2428 Tnmbe
1058 2371 1127 2428 dict·

86 2480 138 2542 tur,
152 2476 232 2546 juxte
245 2491 326 2541 ruere,
345 2477 389 2547 qui
407 2473 442 2530 tu
461 2473 577 2530 millibus
590 2476 624 2531 eb
637 2472 703 2529 urbo
717 2473 889 2544 ¹)dprieeusi
901 2472 992 2540 distem,
1010 2471 1127 2553 biiebsei
1222 2549 1223 2554 η

29 2603 35 2632 ι
87 2575 215 2645 episcopo
240 2575 393 2645 praedictus
417 2575 534 2629 ciuitatis
552 2575 683 2644 ,apperuit
704 2572 795 2631 diceus
820 2579 845 2628 et
859 2571 974 2643 iubens,
999 2578 1030 2627 ut
1045 2586 1126 2643 prse-

87 2671 158 2728 dioto
182 2674 242 2728 ioco
267 2674 406 2730 ecciesisnr
430 2678 594 2729 construeret
620 2681 663 2738 et,
689 2674 758 2728 sicut
780 2668 810 2726 bt
831 2673 858 2726 Ιιι
880 2677 968 2728 munte
993 2669 1127 2744 dugann,

86 2772 125 2826 ite
152 2778 179 2828 et
206 2772 243 2826 ibt
274 2773 299 2826 tn
331 2775 480 2830 suersortsus
512 2775 597 2827 suncti
621 2770 762 2829 Mtcbnetts
787 2770 945 2843 erobeogeti
969 2769 1128 2828 celebraret.

86 2870 150 2925 (tun
168 2877 253 2932 autem
272 2874 416 2944 episcopus
433 2870 467 2927 ds
484 2870 560 2938 ioco,
580 2873 607 2926 tn
626 2885 677 2942 quo
697 2871 833 2928 coetestem
851 2873 1031 2934 construeret,
1048 2867 1128 2933 dubi·
1216 2925 1220 2932 ,

86 2977 171 3036 teret,
196 2971 229 3026 ob
249 2973 309 3042 ipso
324 2971 471 3039 educetur,
498 2975 527 3025 ut
542 2969 580 3025 ibi
598 2972 715 3026 construi
733 2984 791 3026 essu
814 2969 929 3036 tereret,
953 2968 1001 3026 nbi
1024 2975 1126 3024 tensum

86 3069 268 3130 etstronibus
287 3069 634 3136 absconditumtuseuiret,
658 3069 803 3141 iterumque
825 3067 859 3124 de
883 3069 933 3125 ioci
954 3067 1126 3140 suspiitsdine

86 3167 335 3242 dubttsns.1ubetur
351 3170 453 3226 modurn
473 3171 501 3224 in
523 3169 694 3241 amplitudine
718 3174 850 3234 studuere,
877 3175 1001 3240 quuumsu
1025 3167 1128 3225 videret

85 3274 188 3324 taurum
211 3272 237 3324 in
260 3272 369 3325 circuitu
392 3268 505 3340 pedibus
528 3270 675 3326 inmisisse.
711 3266 784 3323 liuse
815 3273 901 3322 eutem
924 3283 1005 3340 rupes
1028 3267 1127 3324 ibidess

87 3373 176 3434 orent,
208 3383 276 3440 quus
309 3368 461 3424 nutistenus
490 3369 575 3423 strtus
605 3364 719 3424 buusns
749 3381 854 3422 merere
885 3372 998 3437 poteret.
1051 3364 1126 3420 Tunc

84 3464 200 3522 diicbset
220 3467 322 3522 cuidem
340 3469 396 3524 uiro
414 3468 539 3537 sppumtt
557 3467 740 3537 proecipuus.
761 3471 791 3519 nt
808 3464 842 3520 sd
860 3465 1021 3535 preedtetusr
1038 3462 1125 3518 tooure

85 3563 198 3620 accedet
215 3572 243 3620 et
259 3567 331 3637 ipses
352 3581 431 3636 rupes
449 3571 592 3621 senescet
629 3562 686 3628 Quo
709 3563 851 3620 secedente
876 3570 928 3618 ιιιι
947 3561 1029 3618 isoiie
1045 3577 1127 3632 rupes

86 3666 181 3732 norit,
208 3671 235 3718 ut
258 3663 324 3720 nihii
347 3662 446 3720 bebere
465 3663 592 3736 ponderis
612 3661 772 3719 siderentur.
808 3662 957 3719 dediicste
973 3662 1056 3733 tgttnr
1071 3659 1124 3716 ibi-

85 3761 142 3818 dem
162 3762 276 3818 occtesie
296 3763 432 3820 demente
453 3760 578 3836 Gurgeno
596 3769 695 3832 pertesu
707 3761 791 3834 pettit,
811 3759 998 3832 quodssnotus
1009 3759 1128 3817 tttctmt

85 3876 165 3932 super
190 3862 276 3919 uitare
297 3864 403 3934 posutt.
429 3867 457 3917 et
479 3868 580 3933 pestem
604 3864 757 3930 memoris,
788 3876 869 3933 super
894 3877 946 3933 quo
962 3864 1059 3926 stetit,
1088 3858 1124 3916 od

84 3975 159 4017 suern
178 3959 317 4016 ecclesium
333 3961 493 4019 detulerunt.
529 3960 593 4017 Cum
615 3977 679 4018 sero
701 3960 799 4018 ibidem
819 3974 906 4032 aquse
924 3961 1057 4029 penurism
1075 3972 1124 4030 ps-

84 4065 217 4126 tesentur‚
235 4062 332 4115 monitu
352 4061 443 4134 segeti
462 4059 592 4132 quoddurn
610 4059 728 4118 iussores
740 4063 766 4116 tu
780 4059 893 4133 quodem
904 4073 970 4114 seso
982 4056 1123 4113 durissimo

85 4158 204 4216 iecerunt
229 4165 257 4215 et
273 4165 348 4214 toute
364 4173 496 4230 sussum,
510 4162 589 4232 oopts
607 4162 727 4231 protinus
747 4161 888 4224 ensnssit,
908 4165 937 4212 ut
955 4171 1039 4228 usque
1057 4171 1126 4218 nune

85 4259 144 4330 ejus
173 4256 303 4314 beneflcio
331 4259 468 4332 copiosius
500 4264 689 4318 sustententur.
729 4259 799 4317 diseo
828 4263 914 4314 sutem
939 4255 1072 4326 sppsrttio
1097 4257 1130 4314 is.

133 4473 155 4526 i)
170 4471 227 4518 sttt=
242 4469 417 4516 sbi-incensi
430 4469 515 4521 desunt.

864 4549 919 4606 ⁴1*
