2798 5302
276 452 349 532 Cap.
373 453 405 510 ΙΙ.
450 452 493 512 De
518 463 617 510 nancto
642 451 755 510 indias
779 452 920 532 apostolo.
1080 450 1118 512 li)

79 628 139 670 euru
158 612 247 670 ridere
266 621 367 688 posset,
386 620 412 669 et
431 611 589 670 abscedente
608 611 704 668 inurino
723 611 799 668 sinet
819 625 875 666 curn
887 612 1114 684 ipsolnntinetpt·

79 714 158 769 riioon
180 713 296 770 tradidit
337 713 483 771 Maximilla
508 729 570 769 rere
595 728 662 768 nnor
680 713 787 786 ,legens
807 710 865 767 tnlit
882 727 977 784 eorpus
993 711 1115 783 Apostoli

77 817 166 870 saneti
184 821 211 872 et
228 811 369 871 bonoribus
389 814 527 888 sepelivit,
560 814 666 886 Aegeas
685 827 748 868 sero
766 819 904 890 anteqnnn
923 813 1025 868 donnus
1042 827 1115 868 snam

70 915 218 992 ,restore
252 922 374 988 arreptus
399 929 415 970 a
441 913 568 970 daemone
592 916 620 970 in
644 915 689 968 ria
717 925 804 967 eoram
835 913 954 968 ornnibos
975 915 1115 985 expiravit.

77 1017 163 1088 Ajuut
185 1010 288 1088 quoqne
313 1016 346 1073 de
371 1013 511 1088 sepulelrro
535 1019 628 1070 annoto
657 1011 780 1068 Andreae
810 1027 929 1071 mannaan
958 1015 984 1069 ln
1014 1014 1115 1070 modurn

79 1117 183 1172 tarinae
207 1122 235 1172 et
256 1115 342 1174 olenus
361 1132 419 1172 euro
437 1115 520 1172 odore
538 1129 675 1180 emanare,
695 1128 711 1169 a
728 1127 797 1185 quo,
816 1127 884 1186 qnae
902 1116 938 1169 sit
955 1117 1015 1170 anni
1035 1115 1116 1170 loturi

78 1216 219 1284 fertilitas,
253 1215 346 1274 heolin
367 1217 484 1289 regionis
508 1215 662 1272 ostenditur.
714 1213 780 1270 Nam
803 1215 827 1268 si
853 1215 974 1286 exignum
1000 1217 1115 1287 proltnit.

78 1320 203 1390 exiguum
220 1323 293 1372 terra
316 1316 423 1374 exbibet
449 1316 572 1382 irnotunr,
603 1315 768 1386 etcopiose,
794 1313 937 1385 copiosum.
972 1313 1026 1370 lloo
1046 1317 1115 1371 iorte

77 1419 225 1490 antiquitus
245 1433 334 1472 vernon
353 1415 417 1485 init,
436 1417 483 1472 sed
500 1415 577 1472 modo
595 1417 654 1487 ejus
671 1429 766 1484 eorpus
783 1413 854 1485 apud
873 1414 1115 1490 Constantinopoli-

77 1523 157 1574 taoos
173 1517 329 1572 nanslstnrn
347 1531 407 1572 esse
430 1516 590 1589 perbihetur.
616 1547 649 1558 -
667 1545 701 1558 ·-·
729 1517 765 1573 Β.
784 1511 931 1586 Episcopus
950 1516 1054 1589 qrsldsur
1072 1533 1113 1574 re-

76 1619 203 1690 ligiusanr
226 1617 326 1673 babens
353 1619 432 1672 ritarn
458 1618 561 1672 beatori
584 1615 716 1674 Andrean
739 1617 808 1670 inter
824 1620 945 1672 caeteros
962 1616 1069 1675 amnes
1087 1619 1115 1674 ln

79 1720 249 1774 venerabere
268 1716 393 1784 babebat,
410 1719 448 1772 ita
464 1716 535 1789 qnod
548 1719 577 1798 la
594 1717 693 1772 onustis
709 1715 765 1770 suis
785 1714 909 1786 oporibus
927 1715 994 1773 laune
1012 1734 1116 1791 sernper

77 1821 181 1877 titulun
200 1818 393 1893 praeponebat:
429 1818 464 1872 ad
481 1816 605 1874 bonoren
622 1815 671 1874 liei
690 1821 716 1872 et
729 1813 801 1870 besti
821 1814 953 1872 Andreae.
975 1811 1114 1875 ,inridens

76 1922 162 1996 igitur
180 1923 236 1976 viro
254 1926 361 1987 saneto,
398 1919 638 1990 ieiunantium,
677 1915 710 1970 ad
736 1931 794 1970 enrn
813 1915 992 1988 desipiendum
1009 1926 1066 1976 tota
1085 1937 1115 1976 se

75 2021 223 2078 uelliditate
240 2019 350 2077 oontuiit
367 2034 448 2090 seque
466 2019 491 2072 in
511 2018 620 2072 tormen
638 2016 754 2071 redieris
773 2015 964 2087 pnloberriruao
983 2018 1115 2076 transtor-

76 2123 168 2178 osarit.
202 2121 281 2178 Vonlt
298 2121 379 2194 igiter
397 2118 431 2174 ad
450 2117 574 2190 palatiosa
592 2118 710 2189 episcopi
730 2129 854 2173 asserens
872 2132 902 2173 re
915 2117 983 2173 selle
995 2120 1113 2176 eonliteri

75 2222 171 2280 sidero.
205 2221 317 2280 Mandat
334 2222 485 2293 episeopus,
504 2224 532 2273 ut
550 2233 599 2273 suo
620 2215 802 2290 poenitentiali
822 2217 985 2286 renitenter,
1003 2223 1045 2276 oui
1056 2209 1114 2293 pie-

76 2309 220 2379 situdinern
236 2321 384 2378 tradiderat
402 2320 551 2392 potestatis.
585 2316 798 2381 Renuntiatilia,
818 2316 888 2387 quod
905 2318 968 2373 uuili
985 2317 1114 2378 lroroinunn

76 2426 129 2479 utsl
147 2423 198 2478 sibi
216 2429 319 2478 secreta
341 2437 405 2478 anso
424 2420 600 2476 eonscientiae
619 2416 735 2484 revelet,
779 2419 870 2486 stoque
887 2421 1021 2476 euaristus
1041 2425 1111 2494 epis-

75 2539 160 2596 eopus
179 2539 237 2579 earo
254 2522 289 2579 nd
306 2538 336 2580 se
354 2523 444 2578 uenire
462 2522 605 2593 praesepii.
642 2518 689 2574 Cui
705 2517 765 2572 dle:
784 2515 895 2574 obseoro
912 2519 1015 2576 dornlne
1035 2525 1111 2578 arise-

76 2640 138 2682 rere
155 2627 220 2690 roei,
240 2639 292 2697 ego
311 2638 373 2678 vero
391 2625 418 2677 in
436 2623 512 2678 annis
530 2617 709 2691 puellaribus,
732 2622 761 2672 nt
778 2620 901 2687 cernitis,
927 2625 1070 2678 constituta
1088 2631 1115 2681 et

75 2739 95 2780 a
112 2727 226 2796 pueritia
243 2724 355 2780 delicate
370 2724 478 2788 nablia,
495 2735 544 2776 nec
561 2734 612 2773 ooo
632 2725 658 2776 et
674 2719 751 2790 regia
767 2721 851 2791 stirpe
871 2725 1012 2796 progenita
1023 2725 1050 2794 ¹)
1063 2724 1114 2781 bne

75 2827 103 2878 io
120 2825 262 2896 peregrino
280 2823 373 2879 babitu
394 2823 454 2878 sola
469 2821 538 2878 reni.
574 2805 639 2875 Neon
658 2825 735 2890 pater
751 2834 824 2876 mens
844 2835 906 2889 ren,
924 2823 1015 2896 itaque
1037 2825 1113 2881 vaide

76 2929 172 2994 potens
186 2923 288 2980 euidens
304 2939 400 2996 magno
419 2922 531 2992 principi
549 2935 589 2976 rte
608 2918 716 2975 uolebat
733 2921 759 2974 io
777 2923 928 2994 coniugium
940 2927 1053 2992 sonim,
1071 2929 1113 2982 eui

75 3022 202 3094 respondi
216 3025 259 3094 ²):
279 3038 377 3080 onrusrn
399 3029 484 3078 torrrn
502 3020 639 3077 abnurinor
655 3020 816 3089 maritalem,
853 3024 916 3094 qnia
936 3026 1113 3099 virginitatem

74 3139 159 3180 meato
176 3123 281 3179 Christo
306 3125 332 3179 io
357 3128 510 3195 perpetuent
533 3120 653 3176 dedicari
679 3126 706 3176 et
730 3119 791 3175 ideo
815 3138 945 3194 nunqnam
963 3141 1067 3196 possein
1086 3131 1112 3184 in

74 3224 206 3280 esrouleor
228 3225 348 3297 copulans
371 3225 527 3278 consentire.
582 3221 700 3293 lienique
722 3223 761 3276 sio
779 3229 867 3278 artato
884 3223 954 3296 qnod
972 3226 1113 3297 oportebat

76 3339 118 3380 rue
135 3331 182 3379 aot
198 3325 256 3396 ejus
275 3325 401 3380 roinntatl
424 3325 450 3393 ³)
473 3321 582 3377 obedire
600 3331 645 3376 aot
663 3323 691 3391 ⁴)
714 3326 803 3378 terras
821 3322 927 3378 diversa
942 3323 1032 3381 subire
1048 3343 1110 3400 snp-

73 3424 155 3495 plioia
172 3423 285 3480 nnntsr
301 3420 391 3496 sugens
407 3425 463 3489 inii,
482 3424 567 3495 nqis
585 3422 687 3494 eligens
711 3421 819 3478 exulare
837 3438 914 3494 quani
936 3438 1035 3496 sponso
1053 3443 1111 3484 rneo

76 3522 153 3579 bdeur
172 3522 325 3596 intringere.
368 3522 485 3578 Audiens
498 3529 696 3579 -aerorestrae
713 3523 861 3577 nerontis
878 3528 1045 3594 praeconium
1062 3527 1111 3584 sab

75 3623 135 3678 slas
155 3628 259 3678 restrae
277 3625 448 3693 protectionis
468 3623 588 3695 coniugi,
624 3635 736 3693 sperans
754 3636 795 3677 roe
812 3621 883 3693 apnd
900 3638 947 3678 ens
964 3624 1047 3680 loono
1068 3642 1110 3682 re-

74 3725 163 3794 perire
179 3725 285 3796 quietis,
303 3722 346 3778 nbi
365 3727 463 3798 possim
481 3722 710 3793 esnntonplationis
724 3723 750 3792 ⁸)
767 3736 876 3793 sarpere
894 3725 1111 3782 seoretasilentls

73 3825 275 3896 praesentisque
295 3827 364 3880 ritae
383 3825 467 3880 vitare
484 3822 627 3897 rraulragia
643 3829 670 3878 et
686 3821 907 3894 perturbationem
921 3824 1007 3879 nundi
1018 3825 1110 3898 ingere

73 3925 274 3994 perstrepentis.
309 3921 448 3979 Admirans
466 3925 493 3978 in
510 3939 542 3978 es
560 3924 702 3994 episeopus
720 3922 886 3978 nobilitatem
902 3925 1024 3994 generis,
1051 3927 1110 3996 pui-

71 4021 244 4079 rltritudioers
263 4025 398 4094 eorporis,
433 4029 485 4078 taos
509 4026 659 4082 inessent
682 4023 813 4079 terrorem
831 4031 857 4078 et
878 4027 968 4077 tenire
985 4022 1111 4095 eloquen-

70 4125 126 4180 tlse
151 4129 312 4180 renutatern
337 4124 436 4194 pinsita
463 4131 490 4180 ot
515 4123 631 4198 benigna
655 4137 720 4180 roos
746 4121 897 4194 respondit:
931 4127 989 4178 esto
1006 4135 1109 4189 ssenra,

125 4309 357 4363 ainornerisn.
433 4310 714 4363 tineernriorrsleannrr
739 4311 818 4364 qrrod
836 4308 1109 4354 ornnem-eborni-

71 4391 165 4423 rrsrer.
240 4377 562 4433 bineoeutioresr'nlrndrurt:
581 4379 770 4424 durissimae.
831 4380 853 4429 l)
867 4375 1109 4422 antonomasiam
1192 4433 1196 4442 ¹

72 4455 168 4496 certe,
195 4447 257 4501 qnod
270 4446 421 4492 &inpendero
436 4447 533 4494 ridetur.
597 4451 618 4502 t)
632 4447 677 4492 stit
691 4447 777 4500 leniant:
792 4459 902 4502 erpere.

864 4529 900 4583 ²0
