2828 5302
285 453 358 532 Cap.
380 449 484 510 nstv,
534 450 579 509 De
600 429 698 510 saneta
720 451 830 529 tgnere
852 451 968 530 virgine.
1098 451 1157 514 115

115 614 191 672 'lune
216 613 367 686 praefectus
389 614 470 685 tussit
494 625 551 668 eam
570 608 714 682 exspoliari
734 617 761 665 et
778 607 872 666 oudam
891 611 925 666 ad
951 611 1064 682 lupanar
1088 611 1156 668 duri,

115 713 229 770 Tantam
247 719 332 769 aetem
351 711 508 768 densitatem
526 708 629 781 capillis
647 711 706 780 ejus
722 707 842 764 dominns
859 710 987 777 eontulit,
1017 717 1045 766 ut
1063 699 1155 767 melius

114 813 219 886 capillis
236 829 312 884 quan
334 809 451 866 restibus
472 817 615 882 tegeretur.
667 807 792 881 lugressa
815 815 901 866 autem
929 810 1097 880 turpitudinis
1115 810 1156 867 lo·

114 929 172 968 suun
190 913 311 986 angelum
330 911 426 967 demini
445 917 631 982 praeparatura
648 911 755 976 invenit,
773 911 818 982 qui
834 909 919 966 locon
936 909 1058 968 claritate
1076 914 1157 968 nimia

111 1013 287 1087 *etrenmlnlsit
304 1012 408 1083 sibique
427 1011 521 1065 stolam
540 1008 750 1065 candidissimam
769 1011 948 1082 praepararit.
996 1009 1093 1082 Sisque
1114 1013 1155 1069 lu-

116 1129 201 1186 panar
218 1114 247 1168 lit
261 1111 334 1168 luens
354 1113 499 1179 orationis,
529 1107 596 1165 aden
615 1115 643 1164 ut
660 1109 780 1164 mundior
796 1111 896 1174 exiret,
920 1125 996 1182 quarn
1013 1108 1108 1168 luisset
1129 1119 1155 1181 Ι)

116 1210 270 1288 ingressus,
306 1215 350 1285 qui
368 1213 494 1266 immenso
512 1209 602 1266 lurnini
620 1207 704 1264 dabat
728 1206 861 1266 bonorem.
913 1207 1043 1268 Praefecti
1067 1220 1154 1269 antem
1238 1205 1241 1213 '

116 1315 185 1371 blins
212 1330 269 1370 euru
293 1313 354 1368 aliis
376 1309 518 1384 junonibus
545 1309 579 1365 ad
601 1309 714 1380 lupanar
730 1310 803 1368 renlt
819 1317 846 1366 et
863 1324 911 1366 ees
927 1313 1000 1382 prlua
1019 1312 1155 1384 adipsum

114 1417 245 1471 inritavit.
271 1412 321 1479 eur
338 1411 464 1485 ingressi,
482 1409 530 1464 sed
548 1425 581 1466 ex
598 1408 723 1466 miraculo
742 1409 835 1478 territi,
857 1413 885 1478 ²)
902 1413 1047 1482 eornpuneti
1066 1411 1152 1468 redie-

117 1521 194 1582 runt,
229 1529 297 1586 ques
320 1513 366 1569 ille
390 1513 501 1566 miseros
526 1509 665 1582 appulimus
690 1516 717 1565 ιι
740 1507 774 1564 nd
794 1523 851 1564 enm
870 1509 959 1566 loreas
975 1513 1077 1570 intrans
1097 1528 1154 1571 eurr

116 1629 175 1670 eam
194 1614 274 1672 uellet
290 1613 459 1686 contingere,
493 1613 519 1666 ιιι
538 1611 622 1682 ipsum
639 1610 725 1666 lumen
741 1609 824 1665 irruit.
876 1610 926 1675 Qui
945 1627 1001 1667 eum
1023 1611 1079 1670 Dee
1103 1631 1155 1672 een

115 1713 236 1770 dedisset
252 1711 393 1780 boensem,
431 1709 600 1781 praelocutus
619 1725 636 1765 ιι
654 1709 768 1782 dpnbolo
787 1711 941 1782 exspiravit
984 1711 1059 1776 Quod
1077 1729 1154 1785 prae-

115 1813 203 1870 lectus
227 1811 337 1869 audiens
359 1829 416 1870 eum
436 1813 536 1884 ingenti
555 1811 658 1882 ploratu
679 1810 712 1865 ae
728 1825 788 1867 earu
807 1811 878 1864 uenit
897 1819 924 1866 ιι
940 1811 1046 1866 eausam
1064 1817 1156 1870 mortis

114 1915 176 1984 ejus
195 1913 347 1986 diligentius
365 1915 522 1968 scindentur,
558 1910 605 1966 Cui
623 1912 729 1983 Agnes:
754 1911 814 1976 ille,
837 1912 912 1982 euius
930 1909 1089 1967 voluntatem
1108 1929 1153 1969 ιι-

115 2012 191 2069 lebat
215 2011 354 2084 perluere,
391 2017 548 2086 potestatem
565 2012 593 2064 lu
611 2027 669 2066 eum
687 2010 963 2080 sempiternorum,
1002 2027 1062 2068 nam
1088 2013 1156 2070 adoll

114 2115 176 2185 ejus
195 2112 228 2168 de
249 2115 307 2170 uiso
330 2112 455 2169 miraculo
472 2102 557 2166 territi
576 2109 710 2167 redierunt
726 2109 820 2168 illaesi.
873 2111 921 2168 Col
939 2111 1101 2182 praelautus:
1128 2116 1154 2170 tn

116 2211 168 2268 bec
185 2211 341 2285 apparebit,
373 2211 443 2286 quod
463 2227 514 2266 nun
532 2213 641 2286 magieis
660 2213 760 2268 artibns
774 2199 827 2266 ¹boo
845 2212 942 2282 egisti,
973 2213 997 2266 ιι
1013 2213 1155 2284 impetrare

115 2315 219 2384 peteris
237 2319 265 2368 nt
282 2315 460 2370 resuscitetur.
496 2310 595 2368 Oronte
606 2312 710 2385 igneis
723 2313 831 2384 juranis
849 2313 1021 2367 resuscitatur
1037 2319 1064 2368 et
1079 2313 1154 2370 cbri-

116 2421 175 2468 stus
192 2412 227 2468 ab
246 2427 279 2470 eo
297 2396 400 2486 publice
420 2411 595 2484 praedicatur.
630 2410 911 2482 interemtorum
932 2393 1068 2483 pestilens
1084 2415 1155 2470 sedi-

117 2515 214 2569 tionem
232 2493 377 2570 excitantes
395 2515 422 2567 iu
439 2511 536 2584 populo
554 2509 863 2567 euolanrsreruntz‘tolle
881 2525 999 2584 magara,
1017 2511 1082 2570 tolle
1100 2529 1155 2570 rna-

117 2612 233 2680 leboan,
271 2627 339 2685 quae
357 2619 456 2669 mentes
474 2616 557 2666 mutat
578 2618 605 2666 et
622 2613 723 2668 animos
741 2611 846 2667 alienat.
899 2609 1051 2668 Praefectus
1068 2621 1155 2672 autem

119 2715 177 2768 riso
196 2719 269 2767 tauto
287 2713 413 2769 miraculo
431 2728 488 2768 eam
506 2711 620 2768 liberare
640 2710 731 2778 noluit,
750 2709 796 2766 sed
810 2713 1026 2783 proscriptionem
1038 2721 1154 2772 metuens

120 2813 243 2868 ricarium
260 2812 400 2884 dereliquit
418 2820 454 2881 et,
473 2814 535 2884 quia
552 2827 608 2868 earu
628 2810 743 2868 liberare
763 2827 814 2866 non
830 2814 924 2882 potuit,
942 2814 1027 2868 tristis
1047 2811 1156 2870 absees-

119 2915 162 2970 ιιι.
187 2911 262 2968 'luno
280 2913 402 2979 vicarius,
421 2911 551 2982 aspasius
569 2912 681 2980 nombre,
695 2912 779 2984 jussit
795 2925 852 2967 aaut
872 2913 898 2966 io
916 2914 1052 2982 eopiosnm
1069 2915 1155 2986 ignem

113 3015 228 3084 jactari,
256 3011 304 3068 sed
322 3015 349 3067 in
367 3012 432 3068 duas
450 3019 539 3084 partes
556 3012 659 3066 ilamrua
673 3011 761 3066 dtrisa
776 3009 929 3066 seditiosum
950 3011 1074 3083 pupulam
1092 3028 1156 3070 eun-

119 3111 196 3169 rebat
213 3113 242 3182 ³)
259 3119 286 3168 et
309 3127 367 3168 eam
390 3115 494 3168 minime
517 3111 696 3184 contingebat.
747 3109 821 3166 Turre
845 3111 976 3182 aspasius
999 3113 1026 3166 in
1050 3119 1155 3186 guttura

118 3215 177 3286 ejus
192 3211 309 3287 gladium
327 3213 446 3286 immergi
465 3213 601 3284 praerupit
618 3221 646 3268 et
664 3213 703 3267 sie
720 3226 833 3283 sponsus
850 3210 977 3267 candidus
994 3216 1022 3267 et
1033 3211 1154 3269 rubicun-

118 3310 168 3368 dus
184 3314 270 3383 ipsam
285 3311 337 3368 slbt
353 3328 477 3384 sponsam
497 3319 524 3369 et
540 3313 671 3368 martirem
691 3313 864 3368 consecrarit.
899 3310 985 3368 Passa
1000 3317 1042 3367 ιιι
1059 3317 1154 3381 antem,

118 3417 147 3468 nt
164 3411 295 3480 ereditur,
331 3419 448 3484 tempore
473 3411 637 3470 Constantini
660 3414 764 3487 magni,
801 3413 844 3484 qui
867 3413 956 3484 eoepit
971 3425 1041 3466 annu
1059 3411 1155 3468 domini

117 3509 228 3568 ccctx.
270 3512 435 3586 Corripitur
457 3527 553 3583 eorpus
572 3514 631 3584 ejus
650 3512 795 3572 Christiani
811 3518 838 3567 ιι
854 3519 978 3582 parentes
996 3513 1080 3584 lpslm
1099 3527 1155 3571 num

117 3610 217 3685 gaudio
235 3611 392 3683 sepelirent,
425 3613 468 3668 rix
485 3628 502 3668 a
520 3615 633 3686 paganis
651 3615 677 3669 in
699 3629 745 3670 eor
761 3611 865 3683 lapides
881 3610 1043 3668 mittentibus
1061 3627 1153 3668 erase-

117 3717 185 3768 runt
204 3741 233 3751 -
253 3741 287 3754 -
304 3742 338 3754 -
356 3718 387 3773 2.
406 3711 591 3770 limerenttana
607 3719 702 3776 autem.
721 3714 780 3785 ejus
798 3711 977 3780 collactanea,
997 3713 1075 3788 rirgo
1092 3727 1155 3769 san-

115 3813 248 3879 etissima,
266 3811 327 3868 linet
347 3811 432 3868 adium
448 3811 649 3881 catechumena,
675 3813 735 3868 dnm
745 3814 824 3885 Juxta
841 3810 1006 3884 sepulchrum
1023 3813 1082 3884 etus
1099 3817 1155 3868 sta-

117 3917 157 3967 ret
174 3918 202 3968 et
217 3918 370 3968 constanter
387 3913 500 3986 gentiles
520 3921 660 3986 agereret,
691 3915 725 3970 ab
747 3915 780 3968 its
806 3911 925 3984 tuptduts
947 3919 990 3969 ιιι
1015 3915 1155 3984 statimque

116 4017 204 4068 terrae
222 4019 323 4080 notus,
341 4014 537 4070 coronationes
556 4019 583 4069 et
603 4013 710 4087 fulgura
727 4016 885 4070 ιιιιιιιιιιιιι
903 4027 921 4068 a
936 4011 992 4068 lieo
1010 4017 1037 4067 ιι
1054 4026 1087 4067 eu
1106 4027 1152 4084 pa-

115 4114 192 4182 ganis
211 4111 314 4182 plurimi
332 4113 480 4183 perierunt,
518 4116 554 4169 ita
573 4113 643 4187 need
661 4117 712 4186 ipsi
730 4113 885 4172 decaetero
909 4114 1043 4169 rerrientes
1058 4110 1155 4168 adse-

165 4301 186 4351 ι)
199 4303 283 4345 &ustos
295 4301 408 4356 postulet:
423 4303 575 4353 inpressas
589 4301 649 4353 lesit.
677 4301 749 4354 Vulgo
762 4302 821 4347 enim
834 4302 982 4355 iniuratus,
996 4315 1078 4355 quine.
1094 4301 1156 4356 quod

116 4383 193 4433 parurn
206 4367 284 4428 lippet.
398 4373 420 4426 ι)
434 4370 474 4416 Ed.
489 4369 558 4413 t'rinc.
576 4369 660 4413 ourittit
673 4371 849 4428 compuncti.
964 4371 986 4423 ³)
1000 4369 1073 4413 Verba
1088 4377 1115 4413 et
1131 4391 1154 4403 «-

114 4437 308 4490 contingebat
323 4437 405 4482 desunt
420 4437 441 4482 iu
458 4437 514 4486 Edit.
529 4437 700 4493 nutiuprioribus.

910 4523 946 4578 8*
