2918 5302
348 440 411 510 (itti
555 443 628 525 Cap·
654 443 781 505 cxiix.
825 445 870 508 De
896 457 995 508 saucio
1017 449 1194 514 Francisco.

347 613 406 668 erei
421 610 476 678 irc,
505 622 610 682 semper
626 609 798 680 promittebat
814 606 991 667 obedientiam
1010 615 1036 668 ei
1053 611 1197 669 servabat.
1241 613 1310 671 Gon
1329 616 1398 674 lraier

347 707 452 783 quidam
480 716 573 766 contre
595 705 682 782 legem
705 707 876 766 obedientiae
902 707 1003 781 ailquid
1031 711 1148 770 iecisset
1173 721 1202 771 et
1224 721 1396 788 poeniteutiae

346 811 425 884 sigua
442 807 566 866 baberet.
595 811 635 864 ιιι
659 816 747 865 tamen
771 807 821 865 liei
844 807 879 865 ed
897 809 1009 866 ellurum
1026 820 1159 870 terrorem
1182 817 1249 888 ejus
1270 823 1394 891 capucium

346 907 483 982 inignem
506 910 602 981 projici
621 911 720 982 iussit,
751 923 862 982 cunque
886 926 934 982 per
957 927 1055 968 moram
1082 918 1229 986 capuciu-
1259 917 1393 974 inissetis

345 1009 432 1066 medlo
450 1011 536 1084 ignia,
559 1010 696 1081 praecepit
714 1009 798 1080 ipsum
823 1009 928 1066 erirabi
948 1017 974 1068 ιι
993 1011 1069 1068 lreiri
1088 1017 1208 1073 restitui.
1248 1017 1394 1075 Exiraiiirr

344 1113 428 1186 igitur
450 1111 586 1182 capucium
611 1108 645 1164 de
669 1108 755 1165 medic
781 1111 940 1168 flammarum
976 1111 1074 1168 nullum
1105 1111 1217 1172 babens
1252 1120 1393 1175 adustioris

345 1210 495 1284 uestigium.
531 1209 649 1274 Quodam
669 1216 787 1282 tempere
804 1228 853 1282 per
869 1212 982 1284 paiudes
1002 1211 1174 1271 llcneiierum
1195 1218 1344 1276 ambulans
1361 1225 1392 1276 ιι-

344 1314 416 1370 veuit
433 1311 571 1366 maximam
594 1312 680 1365 arium
705 1310 895 1370 multitudinem
923 1318 1081 1372 tentantium
1106 1319 1133 1372 iu
1152 1319 1263 1390 palude
1283 1322 1392 1394 dixitque

342 1409 377 1468 ad
396 1414 509 1468 seclum:
527 1423 637 1465 sorores
656 1425 720 1466 ares
737 1410 848 1468 laudant
866 1421 1011 1472 creatorem
1030 1429 1122 1484 suum,
1141 1434 1240 1476 eamus
1262 1423 1291 1478 io
1312 1439 1391 1478 eoree

341 1512 443 1580 medio,
473 1509 555 1567 bonas
586 1512 728 1566 canonicae
757 1510 862 1567 dominu
886 1512 1064 1574 decantemus.
1100 1517 1208 1581 tinibus
1235 1522 1391 1578 intrantibus

342 1627 407 1670 ures
425 1618 513 1668 metue
530 1627 581 1666 ooo
600 1617 677 1679 sunt,
701 1611 748 1667 sed
767 1614 832 1683 quia
851 1612 885 1668 ob
903 1615 1007 1670 nimium
1026 1620 1154 1688 garritum
1175 1634 1209 1676 ee
1230 1621 1268 1676 ad
1290 1624 1389 1678 lorice·

342 1711 495 1781 audireucu
507 1718 659 1784 putuerunt,
674 1715 728 1768 aii:
739 1727 846 1768 sorores
859 1729 932 1784 aree,
946 1730 963 1771 a
977 1723 1055 1772 cantu
1068 1726 1186 1787 censete,
1202 1719 1294 1778 donec
1304 1723 1389 1778 lauder

244 1829 246 1834 ·
341 1813 447 1871 debitae
460 1811 565 1868 domino
579 1813 772 1885 persolvamus.
792 1811 894 1878 Quibus
906 1817 993 1870 stetim
1007 1819 1156 1874 urentibus
1169 1817 1258 1876 linitis
1269 1823 1389 1877 leudibus

267 1947 270 1954 ·
339 1916 471 1972 licentiam
485 1912 901 1971 cantandidediteistaiimeuam
911 1921 1013 1972 ιιιιιιιιιιι
1021 1920 1182 1974 ιιιιιιιιιιο
1198 1930 1389 1981 ιιιιιιιιιιιιι

338 2015 464 2072 Ιιιιιιιιιιι
479 1999 573 2070 denote
588 2028 604 2068 a
618 2011 732 2085 quodam
745 2015 838 2084 milite,
853 2015 919 2071 ituit
930 2017 969 2072 ei:
986 2015 1068 2074 ireier
1079 2015 1191 2090 hospes,
1205 2025 1277 2079 meis
1287 2027 1387 2080 monitis

338 2117 479 2190 acquiesce
494 2121 521 2170 et
535 2121 646 2186 peecata
661 2119 708 2170 tue
726 2113 861 2185 conitere,
879 2118 944 2189 quia
959 2117 1011 2172 cito
1030 2116 1094 2172 aiibi
1113 2119 1305 2180 manducabis.
1342 2126 1385 2188 tiri

337 2220 425 2274 statim
444 2216 620 2288 acquiescens
637 2214 726 2270 domui
743 2230 809 2272 eoae
828 2215 960 2288 disposuit
978 2223 1004 2273 et
1022 2219 1215 2288 poenitentiam
1243 2223 1384 2280 salutarem

337 2321 448 2390 accepit.
484 2317 545 2371 lirum
566 2331 630 2389 ergo
650 2315 683 2370 ad
702 2330 817 2373 mensam
837 2317 989 2386 intrassent,
1007 2317 1106 2389 hospes
1120 2318 1212 2378 subito
1229 2327 1383 2395 exspiravit

337 2419 400 2476 Cum
425 2415 556 2490 quandam
580 2418 665 2470 evium
689 2416 878 2472 multitudinem
902 2420 1047 2489 reperisset
1070 2425 1097 2474 et
1114 2433 1161 2475 eas
1180 2422 1256 2477 reiut
1273 2427 1383 2480 rationis

335 2521 480 2592 participes
498 2519 661 2584 salutasset,
689 2516 769 2573 dixit:
795 2517 893 2574 iratres
910 2521 960 2576 mei
981 2519 1116 2590 uolucres,
1140 2521 1252 2578 multum
1279 2523 1381 2582 debetis

335 2618 446 2676 laudare
463 2623 608 2674 creatorem
628 2623 757 2686 restrum,
782 2621 826 2691 qui
846 2619 941 2691 plumis
959 2635 1007 2676 ιιι
1027 2619 1125 2689 induit,
1150 2637 1256 2693 pennas
1280 2625 1317 2680 ad
1336 2633 1380 2680 ro·-

334 2718 440 2776 iandun
458 2719 561 2786 tribuit,
579 2720 649 2774 aeris
667 2720 808 2790 puritatem
824 2721 957 2776 concessit
972 2728 998 2777 ιι
1015 2723 1073 2777 rinc
1091 2727 1181 2779 restra
1198 2724 1380 2781 sollieitudine

333 2836 382 2877 ιιι
399 2818 567 2894 gubernavit.
602 2819 674 2874 Αιιι
692 2827 780 2874 eutero
800 2828 945 2892 coeperunt
964 2837 1054 2878 ceraue
1067 2838 1124 2879 eum
1137 2823 1285 2880 extendere
1299 2824 1378 2892 colia,

332 2919 493 2993 protendere
511 2919 585 2989 alas,
611 2921 719 2991 aperire
737 2928 824 2976 rostra
843 2927 871 2977 ei
888 2923 915 2976 iu
935 2922 1005 2976 ilium
1030 2929 1131 2978 attente
1148 2923 1295 2994 respicere.
1332 2925 1377 2982 iiie

333 3039 396 3079 rere
420 3035 470 3093 per
493 3019 605 3076 medium
629 3035 718 3076 earum
746 3023 879 3078 transiens
904 3023 993 3078 iuoica
1010 3021 1179 3096 pertingebat
1197 3024 1308 3082 easdem
1330 3042 1377 3082 nec

331 3131 418 3180 tamen
437 3122 528 3194 oiiqun
544 3120 577 3176 de
595 3119 654 3175 loco
672 3126 714 3176 est
731 3128 815 3186 mota,
839 3121 923 3176 donec
945 3123 1053 3178 licentia
1072 3121 1136 3178 data
1159 3139 1252 3179 ennea
1272 3127 1375 3182 insimul

331 3223 512 3282 avolaverunt.
555 3219 618 3276 ilum
643 3220 714 3292 apud
740 3227 853 3276 castrum
878 3221 1020 3278 binarium
1047 3221 1232 3294 praediceret,
1265 3235 1376 3298 propter

330 3325 448 3397 garritus
487 3319 653 3376 birundinum
689 3319 787 3376 ibidem
823 3320 1010 3376 nidificandum
1045 3322 1131 3377 acelini
1171 3340 1224 3380 ιιοιι
1259 3334 1375 3398 peierat

330 3422 432 3487 Quibus
451 3421 510 3478 ilie:
538 3436 647 3478 sorores
665 3436 739 3476 meae
757 3418 928 3490 birundinee,
946 3423 1002 3494 jere
1026 3429 1128 3493 tempus
1153 3431 1207 3493 ert,
1230 3431 1261 3481 at
1279 3427 1377 3500 icquar

328 3539 397 3596 ego,
424 3525 487 3596 qnia
511 3538 558 3578 uos
580 3523 647 3576 sotio
666 3521 789 3586 dixistis,
812 3526 900 3576 tenete
919 3521 1067 3588 silentium,
1091 3519 1175 3579 ‹iuncc
1194 3524 1304 3582 rcrbum
1323 3528 1388 3582 ιο..

327 3625 390 3678 ruini
415 3620 585 3694 compleatur.
621 3621 668 3676 Cui
694 3622 818 3675 contiuuo
843 3619 997 3677 obedientes
1028 3624 1147 3693 protinus
1178 3625 1371 3686 conticuerunt.

327 3721 496 3779 Traneennic
512 3720 657 3792 aliquando
677 3723 734 3776 rire
753 3721 800 3777 liei
820 3737 868 3792 per
885 3720 1021 3792 Apuliam,
1041 3737 1117 3776 uuam
1130 3722 1236 3778 bersan
1248 3739 1371 3800 magnaei

326 3823 428 3895 reperit
444 3823 471 3877 in
491 3823 534 3877 iia
553 3821 672 3877 denariis
693 3827 894 3887 tumescentem,
922 3835 999 3893 quam
1022 3822 1112 3876 socius
1137 3820 1229 3878 ridens
1247 3828 1370 3898 occipere

326 3922 422 3989 uoluit,
442 3929 472 3978 ut
488 3921 650 3995 pauperibus
667 3927 808 3993 erogaret,
830 3919 878 3976 sed
896 3920 941 3976 iiie
961 3919 1110 3976 nuliatenus
1128 3925 1248 3992 permisit
1264 3923 1370 3980 dicem:

325 4039 377 4080 nou
394 4023 473 4090 licei,
494 4021 545 4089 iii,
566 4021 678 4077 alienum
697 4019 815 4080 auterre.
850 4019 904 4076 Sed
922 4035 979 4075 cum
998 4019 1043 4075 iile
1062 4019 1230 4077 vehementer
1246 4025 1370 4090 inauret,

324 4121 482 4180 Francieeur
499 4121 633 4194 paululum
653 4135 733 4176 unaue
747 4119 841 4192 jubet,
858 4125 888 4174 ιι
904 4119 1011 4176 bursam
1030 4120 1116 4186 tciiai,
1137 4136 1206 4193 qnae
1219 4123 1278 4194 jau
1294 4123 1370 4179 colu·

324 4223 399 4280 brem
424 4239 474 4296 pre
498 4221 611 4294 pecnnia
629 4219 791 4276 continebat.
827 4217 904 4284 Quod
927 4217 1021 4275 ridens
1044 4218 1129 4276 irater
1151 4223 1244 4278 timere
1270 4225 1369 4294 coepit,

325 4322 373 4380 aed
391 4321 501 4380 obedire
520 4321 612 4380 ueiens
629 4323 657 4376 ei
673 4319 783 4392 impiere
808 4318 956 4375 renudatum
980 4317 1087 4376 bursam
1111 4319 1233 4376 manibus
1250 4323 1324 4392 capii
1342 4329 1368 4378 ei

323 4422 384 4480 iude
407 4435 518 4496 ιιιςιιιι
543 4435 654 4493 serpens
680 4422 802 4493 protinus
827 4419 937 4476 exiliuit.
980 4417 1014 4476 iit
1044 4421 1226 4478 aitsanctus:
1254 4423 1367 4492 pecunia
