<?xml version="1.0" encoding="UTF-8"?>
<!DOCTYPE html PUBLIC "-//W3C//DTD XHTML 1.0 Transitional//EN"
    "http://www.w3.org/TR/xhtml1/DTD/xhtml1-transitional.dtd">
<html xmlns="http://www.w3.org/1999/xhtml" xml:lang="en" lang="en">
 <head>
  <title>
</title>
<meta http-equiv="Content-Type" content="text/html;charset=utf-8" />
  <meta name='ocr-system' content='tesseract 3.04.00' />
  <meta name='ocr-capabilities' content='ocr_page ocr_carea ocr_par ocr_line ocrx_word'/>
</head>
<body>
  <div class='ocr_page' id='page_1' title='image "./jacobiavoragine00jacogoog_0284.png"; bbox 0 0 2842 5286; ppageno 0'>
   <div class='ocr_carea' id='block_1_1' title="bbox 442 385 1242 469">
    <p class='ocr_par' dir='ltr' id='par_1_1' title="bbox 442 385 1242 469">
     <span class='ocr_line' id='line_1_1' title="bbox 442 385 1242 469; baseline -0.003 -19"><span class='ocrx_word' id='word_1_1' title='bbox 442 390 517 469; x_wconf 80' lang='lat' dir='ltr'>Cap.</span> <span class='ocrx_word' id='word_1_2' title='bbox 539 389 642 450; x_wconf 87' lang='lat' dir='ltr'>LVlll.</span> <span class='ocrx_word' id='word_1_3' title='bbox 683 388 728 450; x_wconf 86' lang='lat' dir='ltr'>De</span> <span class='ocrx_word' id='word_1_4' title='bbox 749 397 848 448; x_wconf 83' lang='lat' dir='ltr'>saneto</span> <span class='ocrx_word' id='word_1_5' title='bbox 868 387 1006 466; x_wconf 78' lang='lat' dir='ltr'>Georgiu.</span> <span class='ocrx_word' id='word_1_6' title='bbox 1181 385 1242 448; x_wconf 76' lang='lat'>263</span> 
     </span>
    </p>
   </div>
   <div class='ocr_carea' id='block_1_2' title="bbox 111 543 1287 1311">
    <p class='ocr_par' dir='ltr' id='par_1_2' title="bbox 111 543 1287 1311">
     <span class='ocr_line' id='line_1_2' title="bbox 185 543 1237 620; baseline -0.003 -18"><span class='ocrx_word' id='word_1_7' title='bbox 185 547 311 620; x_wconf 53' lang='lat' dir='ltr'>uinea</span> <span class='ocrx_word' id='word_1_8' title='bbox 334 545 442 618; x_wconf 77' lang='lat' dir='ltr'>plumbo</span> <span class='ocrx_word' id='word_1_9' title='bbox 461 546 607 620; x_wconf 76' lang='lat' dir='ltr'>liquelucto</span> <span class='ocrx_word' id='word_1_10' title='bbox 631 547 735 618; x_wconf 71' lang='lat' dir='ltr'>elenen</span> <span class='ocrx_word' id='word_1_11' title='bbox 752 546 863 619; x_wconf 78' lang='lat' dir='ltr'>projici,</span> <span class='ocrx_word' id='word_1_12' title='bbox 887 543 934 618; x_wconf 77' lang='lat' dir='ltr'>qul</span> <span class='ocrx_word' id='word_1_13' title='bbox 954 543 1027 600; x_wconf 85' lang='lat' dir='ltr'>lecto</span> <span class='ocrx_word' id='word_1_14' title='bbox 1047 547 1127 618; x_wconf 87' lang='lat' dir='ltr'>signo</span> <span class='ocrx_word' id='word_1_15' title='bbox 1150 546 1237 600; x_wconf 86' lang='lat' dir='ltr'>crocis</span> 
     </span>
     <span class='ocr_line' id='line_1_3' title="bbox 185 642 1234 717; baseline 0.002 -17"><span class='ocrx_word' id='word_1_16' title='bbox 185 647 217 700; x_wconf 91' lang='lat' dir='ltr'>in</span> <span class='ocrx_word' id='word_1_17' title='bbox 236 661 297 702; x_wconf 82' lang='lat' dir='ltr'>eaor</span> <span class='ocrx_word' id='word_1_18' title='bbox 314 647 437 714; x_wconf 85' lang='lat' dir='ltr'>intrarit,</span> <span class='ocrx_word' id='word_1_19' title='bbox 461 644 511 702; x_wconf 90' lang='lat' dir='ltr'>sed</span> <span class='ocrx_word' id='word_1_20' title='bbox 536 647 633 702; x_wconf 86' lang='lat' dir='ltr'>uirtute</span> <span class='ocrx_word' id='word_1_21' title='bbox 659 644 710 702; x_wconf 86' lang='lat' dir='ltr'>liei</span> <span class='ocrx_word' id='word_1_22' title='bbox 736 646 826 716; x_wconf 73' lang='lat' dir='ltr'>coepit</span> <span class='ocrx_word' id='word_1_23' title='bbox 848 644 877 698; x_wconf 88' lang='lat' dir='ltr'>ln</span> <span class='ocrx_word' id='word_1_24' title='bbox 893 658 926 700; x_wconf 84' lang='lat' dir='ltr'>ea</span> <span class='ocrx_word' id='word_1_25' title='bbox 942 646 1020 717; x_wconf 78' lang='lat' dir='ltr'>quast</span> <span class='ocrx_word' id='word_1_26' title='bbox 1033 646 1062 698; x_wconf 87' lang='lat' dir='ltr'>tn</span> <span class='ocrx_word' id='word_1_27' title='bbox 1077 642 1175 700; x_wconf 87' lang='lat' dir='ltr'>balneo</span> <span class='ocrx_word' id='word_1_28' title='bbox 1190 659 1234 702; x_wconf 90' lang='lat' dir='ltr'>re·</span> 
     </span>
     <span class='ocr_line' id='line_1_4' title="bbox 151 742 1232 816; baseline -0.001 -16"><span class='ocrx_word' id='word_1_29' title='bbox 151 773 153 788; x_wconf 61' lang='lat'>1</span> <span class='ocrx_word' id='word_1_30' title='bbox 187 744 286 801; x_wconf 85' lang='lat' dir='ltr'>iorert.</span> <span class='ocrx_word' id='word_1_31' title='bbox 321 742 398 808; x_wconf 80' lang='lat' dir='ltr'>Quod</span> <span class='ocrx_word' id='word_1_32' title='bbox 428 743 521 800; x_wconf 83' lang='lat' dir='ltr'>ridere</span> <span class='ocrx_word' id='word_1_33' title='bbox 542 743 675 800; x_wconf 79' lang='lat' dir='ltr'>Decianus</span> <span class='ocrx_word' id='word_1_34' title='bbox 701 745 829 816; x_wconf 88' lang='lat' dir='ltr'>cogitarit</span> <span class='ocrx_word' id='word_1_35' title='bbox 857 759 917 800; x_wconf 85' lang='lat' dir='ltr'>eune</span> <span class='ocrx_word' id='word_1_36' title='bbox 941 744 1060 800; x_wconf 75' lang='lat' dir='ltr'>emollire</span> <span class='ocrx_word' id='word_1_37' title='bbox 1084 743 1232 810; x_wconf 82' lang='lat' dir='ltr'>blanditiis,</span> 
     </span>
     <span class='ocr_line' id='line_1_5' title="bbox 142 842 1234 916; baseline 0 -14"><span class='ocrx_word' id='word_1_38' title='bbox 142 896 143 902; x_wconf 74' lang='grc'>,</span> <span class='ocrx_word' id='word_1_39' title='bbox 187 858 268 914; x_wconf 75' lang='lat' dir='ltr'>quere</span> <span class='ocrx_word' id='word_1_40' title='bbox 286 844 363 898; x_wconf 82' lang='lat' dir='ltr'>niuis</span> <span class='ocrx_word' id='word_1_41' title='bbox 380 858 508 914; x_wconf 77' lang='lat' dir='ltr'>superare</span> <span class='ocrx_word' id='word_1_42' title='bbox 525 858 578 899; x_wconf 89' lang='lat' dir='ltr'>nou</span> <span class='ocrx_word' id='word_1_43' title='bbox 595 849 702 914; x_wconf 74' lang='lat' dir='ltr'>potam</span> <span class='ocrx_word' id='word_1_44' title='bbox 719 844 760 900; x_wconf 87' lang='lat' dir='ltr'>rel</span> <span class='ocrx_word' id='word_1_45' title='bbox 779 844 924 910; x_wconf 85' lang='lat' dir='ltr'>tornoutls,</span> <span class='ocrx_word' id='word_1_46' title='bbox 944 842 1063 916; x_wconf 84' lang='lat' dir='ltr'>dixitque</span> <span class='ocrx_word' id='word_1_47' title='bbox 1077 843 1131 898; x_wconf 88' lang='lat' dir='ltr'>illi:</span> <span class='ocrx_word' id='word_1_48' title='bbox 1150 843 1234 903; x_wconf 84' lang='lat' dir='ltr'>elles.</span> 
     </span>
     <span class='ocr_line' id='line_1_6' title="bbox 189 940 1233 1015; baseline 0.004 -19"><span class='ocrx_word' id='word_1_49' title='bbox 189 940 229 996; x_wconf 82' lang='lat' dir='ltr'>bit</span> <span class='ocrx_word' id='word_1_50' title='bbox 248 940 365 1014; x_wconf 83' lang='lat' dir='ltr'>Georgi,</span> <span class='ocrx_word' id='word_1_51' title='bbox 383 949 498 1015; x_wconf 78' lang='lat' dir='ltr'>quantae</span> <span class='ocrx_word' id='word_1_52' title='bbox 517 941 724 998; x_wconf 83' lang='lat' dir='ltr'>uansuetudiois</span> <span class='ocrx_word' id='word_1_53' title='bbox 740 949 802 996; x_wconf 89' lang='lat' dir='ltr'>sunt</span> <span class='ocrx_word' id='word_1_54' title='bbox 818 941 863 998; x_wconf 88' lang='lat' dir='ltr'>liii</span> <span class='ocrx_word' id='word_1_55' title='bbox 878 943 979 1008; x_wconf 81' lang='lat' dir='ltr'><strong>nostrl,</strong></span> <span class='ocrx_word' id='word_1_56' title='bbox 997 944 1043 1013; x_wconf 78' lang='lat' dir='ltr'>qul</span> <span class='ocrx_word' id='word_1_57' title='bbox 1061 948 1087 998; x_wconf 90' lang='lat' dir='ltr'>te</span> <span class='ocrx_word' id='word_1_58' title='bbox 1105 942 1233 1014; x_wconf 78' lang='lat' dir='ltr'>blaspbe-</span> 
     </span>
     <span class='ocr_line' id='line_1_7' title="bbox 131 1027 1232 1112; baseline 0.005 -18"><span class='ocrx_word' id='word_1_59' title='bbox 131 1027 133 1042; x_wconf 59' lang='lat'><strong><em>¹</em></strong></span> <span class='ocrx_word' id='word_1_60' title='bbox 187 1056 259 1096; x_wconf 75' lang='lat' dir='ltr'>suun</span> <span class='ocrx_word' id='word_1_61' title='bbox 278 1047 330 1095; x_wconf 74' lang='lat' dir='ltr'>tun</span> <span class='ocrx_word' id='word_1_62' title='bbox 347 1042 480 1112; x_wconf 84' lang='lat' dir='ltr'>patienter</span> <span class='ocrx_word' id='word_1_63' title='bbox 489 1041 630 1106; x_wconf 85' lang='lat' dir='ltr'>sustinent,</span> <span class='ocrx_word' id='word_1_64' title='bbox 647 1043 735 1111; x_wconf 75' lang='lat' dir='ltr'>parati</span> <span class='ocrx_word' id='word_1_65' title='bbox 745 1038 923 1108; x_wconf 80' lang='lat' dir='ltr'>nibilominus,</span> <span class='ocrx_word' id='word_1_66' title='bbox 942 1040 1096 1098; x_wconf 85' lang='lat' dir='ltr'>sieunrertl</span> <span class='ocrx_word' id='word_1_67' title='bbox 1107 1043 1232 1107; x_wconf 86' lang='lat' dir='ltr'>uolueris,</span> 
     </span>
     <span class='ocr_line' id='line_1_8' title="bbox 187 1137 1232 1213; baseline 0.003 -19"><span class='ocrx_word' id='word_1_68' title='bbox 187 1138 339 1212; x_wconf 85' lang='lat' dir='ltr'>indulgere.</span> <span class='ocrx_word' id='word_1_69' title='bbox 373 1139 433 1212; x_wconf 77' lang='lat' dir='ltr'>Age</span> <span class='ocrx_word' id='word_1_70' title='bbox 450 1155 526 1212; x_wconf 90' lang='lat' dir='ltr'>ergo,</span> <span class='ocrx_word' id='word_1_71' title='bbox 544 1138 716 1196; x_wconf 72' lang='lat' dir='ltr'>dilectissime</span> <span class='ocrx_word' id='word_1_72' title='bbox 728 1137 775 1207; x_wconf 80' lang='lat' dir='ltr'>ili,</span> <span class='ocrx_word' id='word_1_73' title='bbox 792 1138 862 1213; x_wconf 82' lang='lat' dir='ltr'>quod</span> <span class='ocrx_word' id='word_1_74' title='bbox 877 1137 979 1206; x_wconf 88' lang='lat' dir='ltr'>bortor,</span> <span class='ocrx_word' id='word_1_75' title='bbox 997 1146 1027 1196; x_wconf 85' lang='lat' dir='ltr'>ut</span> <span class='ocrx_word' id='word_1_76' title='bbox 1042 1144 1232 1212; x_wconf 79' lang='lat' dir='ltr'>superstitione</span> 
     </span>
     <span class='ocr_line' id='line_1_9' title="bbox 111 1237 1287 1311; baseline 0.005 -21"><span class='ocrx_word' id='word_1_77' title='bbox 111 1286 113 1290; x_wconf 86' lang='lat'>.</span> <span class='ocrx_word' id='word_1_78' title='bbox 187 1238 286 1294; x_wconf 82' lang='lat' dir='ltr'>relicta</span> <span class='ocrx_word' id='word_1_79' title='bbox 303 1237 360 1292; x_wconf 86' lang='lat' dir='ltr'>iliis</span> <span class='ocrx_word' id='word_1_80' title='bbox 378 1241 478 1294; x_wconf 86' lang='lat' dir='ltr'>uostris</span> <span class='ocrx_word' id='word_1_81' title='bbox 496 1237 647 1304; x_wconf 76' lang='lat' dir='ltr'>sacrifices,</span> <span class='ocrx_word' id='word_1_82' title='bbox 670 1245 700 1293; x_wconf 91' lang='lat' dir='ltr'>ut</span> <span class='ocrx_word' id='word_1_83' title='bbox 723 1253 834 1310; x_wconf 83' lang='lat' dir='ltr'>nognos</span> <span class='ocrx_word' id='word_1_84' title='bbox 857 1241 892 1296; x_wconf 80' lang='lat' dir='ltr'>ab</span> <span class='ocrx_word' id='word_1_85' title='bbox 910 1241 977 1311; x_wconf 77' lang='lat' dir='ltr'>ipsis</span> <span class='ocrx_word' id='word_1_86' title='bbox 995 1247 1022 1295; x_wconf 87' lang='lat' dir='ltr'>et</span> <span class='ocrx_word' id='word_1_87' title='bbox 1038 1254 1056 1293; x_wconf 93' lang='lat' dir='ltr'>a</span> <span class='ocrx_word' id='word_1_88' title='bbox 1072 1239 1150 1296; x_wconf 87' lang='lat' dir='ltr'>nobis</span> <span class='ocrx_word' id='word_1_89' title='bbox 1166 1256 1231 1296; x_wconf 90' lang='lat' dir='ltr'>con-</span> <span class='ocrx_word' id='word_1_90' title='bbox 1284 1256 1287 1263; x_wconf 64' lang='lat'>¹</span> 
     </span>
    </p>
   </div>
   <div class='ocr_carea' id='block_1_3' title="bbox 102 1335 1230 1414">
    <p class='ocr_par' dir='ltr' id='par_1_3' title="bbox 102 1335 1230 1414">
     <span class='ocr_line' id='line_1_10' title="bbox 102 1335 1230 1414; baseline 0.003 -22"><span class='ocrx_word' id='word_1_91' title='bbox 102 1400 103 1410; x_wconf 9' lang='grc' dir='ltr'>χ</span> <span class='ocrx_word' id='word_1_92' title='bbox 185 1339 312 1409; x_wconf 69' lang='lat' dir='ltr'>sequaris</span> <span class='ocrx_word' id='word_1_93' title='bbox 331 1335 454 1394; x_wconf 86' lang='lat' dir='ltr'>bonores.</span> <span class='ocrx_word' id='word_1_94' title='bbox 489 1338 539 1393; x_wconf 85' lang='lat' dir='ltr'>cul</span> <span class='ocrx_word' id='word_1_95' title='bbox 558 1335 690 1410; x_wconf 76' lang='lat' dir='ltr'>Georgius</span> <span class='ocrx_word' id='word_1_96' title='bbox 709 1336 850 1393; x_wconf 84' lang='lat' dir='ltr'>subridens</span> <span class='ocrx_word' id='word_1_97' title='bbox 869 1341 921 1394; x_wconf 88' lang='lat' dir='ltr'>stt:</span> <span class='ocrx_word' id='word_1_98' title='bbox 948 1337 1018 1408; x_wconf 86' lang='lat' dir='ltr'>¹)ud</span> <span class='ocrx_word' id='word_1_99' title='bbox 1040 1339 1104 1414; x_wconf 83' lang='lat' dir='ltr'>quid</span> <span class='ocrx_word' id='word_1_100' title='bbox 1122 1354 1139 1394; x_wconf 87' lang='lat' dir='ltr'>s</span> <span class='ocrx_word' id='word_1_101' title='bbox 1158 1342 1230 1411; x_wconf 82' lang='lat' dir='ltr'>prin-</span> 
     </span>
    </p>
   </div>
   <div class='ocr_carea' id='block_1_4' title="bbox 186 1435 1230 1512">
    <p class='ocr_par' dir='ltr' id='par_1_4' title="bbox 186 1435 1230 1512">
     <span class='ocr_line' id='line_1_11' title="bbox 186 1435 1230 1512; baseline 0.004 -20"><span class='ocrx_word' id='word_1_102' title='bbox 186 1437 260 1506; x_wconf 77' lang='lat' dir='ltr'>olplo</span> <span class='ocrx_word' id='word_1_103' title='bbox 279 1452 333 1491; x_wconf 89' lang='lat' dir='ltr'>non</span> <span class='ocrx_word' id='word_1_104' title='bbox 348 1441 434 1512; x_wconf 81' lang='lat' dir='ltr'>inagis</span> <span class='ocrx_word' id='word_1_105' title='bbox 454 1435 518 1491; x_wconf 89' lang='lat' dir='ltr'>ruibi</span> <span class='ocrx_word' id='word_1_106' title='bbox 535 1437 694 1506; x_wconf 73' lang='lat' dir='ltr'>persuasisti</span> <span class='ocrx_word' id='word_1_107' title='bbox 711 1436 817 1492; x_wconf 88' lang='lat' dir='ltr'>blandis</span> <span class='ocrx_word' id='word_1_108' title='bbox 835 1437 1000 1494; x_wconf 78' lang='lat' dir='ltr'>sermonibus</span> <span class='ocrx_word' id='word_1_109' title='bbox 1022 1453 1100 1511; x_wconf 84' lang='lat' dir='ltr'>quarn</span> <span class='ocrx_word' id='word_1_110' title='bbox 1114 1446 1230 1496; x_wconf 84' lang='lat' dir='ltr'>tornen-</span> 
     </span>
    </p>
   </div>
   <div class='ocr_carea' id='block_1_5' title="bbox 68 1526 1231 1832">
    <p class='ocr_par' dir='ltr' id='par_1_5' title="bbox 68 1526 1231 1832">
     <span class='ocr_line' id='line_1_12' title="bbox 88 1526 1230 1611; baseline 0.004 -20"><span class='ocrx_word' id='word_1_111' title='bbox 88 1526 93 1584; x_wconf 62' lang='grc' dir='ltr'>τ’</span> <span class='ocrx_word' id='word_1_112' title='bbox 185 1537 247 1592; x_wconf 82' lang='lat' dir='ltr'>ttsi</span> <span class='ocrx_word' id='word_1_113' title='bbox 272 1551 336 1594; x_wconf 88' lang='lat' dir='ltr'>ecoe</span> <span class='ocrx_word' id='word_1_114' title='bbox 355 1543 465 1610; x_wconf 80' lang='lat' dir='ltr'>paratus</span> <span class='ocrx_word' id='word_1_115' title='bbox 489 1550 547 1591; x_wconf 82' lang='lat' dir='ltr'>suu</span> <span class='ocrx_word' id='word_1_116' title='bbox 570 1535 676 1604; x_wconf 85' lang='lat' dir='ltr'>lucere,</span> <span class='ocrx_word' id='word_1_117' title='bbox 700 1534 772 1608; x_wconf 74' lang='lat' dir='ltr'>qnod</span> <span class='ocrx_word' id='word_1_118' title='bbox 793 1533 917 1592; x_wconf 83' lang='lat' dir='ltr'>bertario.</span> <span class='ocrx_word' id='word_1_119' title='bbox 951 1535 1005 1592; x_wconf 84' lang='lat' dir='ltr'>liae</span> <span class='ocrx_word' id='word_1_120' title='bbox 1021 1536 1154 1594; x_wconf 75' lang='lat' dir='ltr'>Dasianus</span> <span class='ocrx_word' id='word_1_121' title='bbox 1167 1554 1230 1611; x_wconf 86' lang='lat' dir='ltr'>per·</span> 
     </span>
     <span class='ocr_line' id='line_1_13' title="bbox 80 1634 1231 1708; baseline 0.004 -18"><span class='ocrx_word' id='word_1_122' title='bbox 80 1652 83 1682; x_wconf 73' lang='lat' dir='ltr'>t</span> <span class='ocrx_word' id='word_1_123' title='bbox 185 1638 316 1692; x_wconf 78' lang='lat' dir='ltr'>nissiuue</span> <span class='ocrx_word' id='word_1_124' title='bbox 339 1635 448 1692; x_wconf 88' lang='lat' dir='ltr'>delusus</span> <span class='ocrx_word' id='word_1_125' title='bbox 471 1635 558 1690; x_wconf 85' lang='lat' dir='ltr'>laetus</span> <span class='ocrx_word' id='word_1_126' title='bbox 581 1634 697 1690; x_wconf 82' lang='lat' dir='ltr'>ellleltur</span> <span class='ocrx_word' id='word_1_127' title='bbox 716 1636 851 1708; x_wconf 80' lang='lat' dir='ltr'>jussitque</span> <span class='ocrx_word' id='word_1_128' title='bbox 868 1635 918 1692; x_wconf 86' lang='lat' dir='ltr'>sub</span> <span class='ocrx_word' id='word_1_129' title='bbox 938 1651 1002 1694; x_wconf 84' lang='lat' dir='ltr'>voce</span> <span class='ocrx_word' id='word_1_130' title='bbox 1020 1639 1177 1707; x_wconf 65' lang='lat' dir='ltr'>prucouis,</span> <span class='ocrx_word' id='word_1_131' title='bbox 1201 1648 1231 1695; x_wconf 90' lang='lat' dir='ltr'>ut</span> 
     </span>
     <span class='ocr_line' id='line_1_14' title="bbox 68 1731 1230 1832; baseline 0 -40"><span class='ocrx_word' id='word_1_132' title='bbox 68 1778 73 1832; x_wconf 36' lang='grc' dir='ltr'><em>Ἀ</em></span> <span class='ocrx_word' id='word_1_133' title='bbox 185 1753 280 1794; x_wconf 84' lang='lat' dir='ltr'>sennes</span> <span class='ocrx_word' id='word_1_134' title='bbox 304 1737 338 1792; x_wconf 86' lang='lat' dir='ltr'>ud</span> <span class='ocrx_word' id='word_1_135' title='bbox 361 1747 393 1792; x_wconf 83' lang='lat' dir='ltr'>se</span> <span class='ocrx_word' id='word_1_136' title='bbox 416 1735 588 1790; x_wconf 86' lang='lat' dir='ltr'>conuenirent</span> <span class='ocrx_word' id='word_1_137' title='bbox 610 1741 638 1790; x_wconf 91' lang='lat' dir='ltr'>et</span> <span class='ocrx_word' id='word_1_138' title='bbox 657 1731 800 1807; x_wconf 82' lang='lat' dir='ltr'>Georgium</span> <span class='ocrx_word' id='word_1_139' title='bbox 816 1735 917 1791; x_wconf 82' lang='lat' dir='ltr'>tandin</span> <span class='ocrx_word' id='word_1_140' title='bbox 936 1735 1106 1792; x_wconf 77' lang='lat' dir='ltr'>reluctantem</span> <span class='ocrx_word' id='word_1_141' title='bbox 1124 1735 1230 1792; x_wconf 78' lang='lat' dir='ltr'>tandein</span> 
     </span>
    </p>
   </div>
   <div class='ocr_carea' id='block_1_6' title="bbox 185 1831 1228 1909">
    <p class='ocr_par' dir='ltr' id='par_1_6' title="bbox 185 1831 1228 1909">
     <span class='ocr_line' id='line_1_15' title="bbox 185 1831 1228 1909; baseline 0 -15"><span class='ocrx_word' id='word_1_142' title='bbox 185 1837 286 1894; x_wconf 89' lang='lat' dir='ltr'>cedere</span> <span class='ocrx_word' id='word_1_143' title='bbox 303 1843 331 1892; x_wconf 90' lang='lat' dir='ltr'>et</span> <span class='ocrx_word' id='word_1_144' title='bbox 346 1835 498 1890; x_wconf 74' lang='lat' dir='ltr'>sacrificare</span> <span class='ocrx_word' id='word_1_145' title='bbox 514 1834 645 1890; x_wconf 86' lang='lat' dir='ltr'>riderent.</span> <span class='ocrx_word' id='word_1_146' title='bbox 681 1831 784 1889; x_wconf 88' lang='lat' dir='ltr'>Groata</span> <span class='ocrx_word' id='word_1_147' title='bbox 799 1835 883 1906; x_wconf 85' lang='lat' dir='ltr'>igitur</span> <span class='ocrx_word' id='word_1_148' title='bbox 897 1841 955 1890; x_wconf 85' lang='lat' dir='ltr'>totu</span> <span class='ocrx_word' id='word_1_149' title='bbox 968 1836 1075 1891; x_wconf 79' lang='lat' dir='ltr'>ciuitate</span> <span class='ocrx_word' id='word_1_150' title='bbox 1085 1851 1228 1909; x_wconf 84' lang='lat' dir='ltr'>praegau-</span> 
     </span>
    </p>
   </div>
   <div class='ocr_carea' id='block_1_7' title="bbox 57 1904 1230 2007">
    <p class='ocr_par' dir='ltr' id='par_1_7' title="bbox 57 1904 1230 2007">
     <span class='ocr_line' id='line_1_16' title="bbox 57 1904 1230 2007; baseline 0.004 -19"><span class='ocrx_word' id='word_1_151' title='bbox 57 1904 63 1974; x_wconf 46' lang='grc' dir='ltr'>»ἕ</span> <span class='ocrx_word' id='word_1_152' title='bbox 184 1934 233 1990; x_wconf 88' lang='lat' dir='ltr'>dio</span> <span class='ocrx_word' id='word_1_153' title='bbox 255 1949 312 1990; x_wconf 71' lang='lat' dir='ltr'>ou·</span> <span class='ocrx_word' id='word_1_154' title='bbox 330 1931 461 2007; x_wconf 75' lang='lat' dir='ltr'>Georgius</span> <span class='ocrx_word' id='word_1_155' title='bbox 479 1931 617 2005; x_wconf 66' lang='lat' dir='ltr'>ydolorum</span> <span class='ocrx_word' id='word_1_156' title='bbox 633 1932 759 2003; x_wconf 76' lang='lat' dir='ltr'>ternplum</span> <span class='ocrx_word' id='word_1_157' title='bbox 775 1931 970 1992; x_wconf 77' lang='lat' dir='ltr'>sacnbcaturus</span> <span class='ocrx_word' id='word_1_158' title='bbox 988 1936 1100 1992; x_wconf 71' lang='lat' dir='ltr'>intrant</span> <span class='ocrx_word' id='word_1_159' title='bbox 1123 1943 1151 1991; x_wconf 88' lang='lat' dir='ltr'>st</span> <span class='ocrx_word' id='word_1_160' title='bbox 1173 1952 1230 1992; x_wconf 88' lang='lat' dir='ltr'>our·</span> 
     </span>
    </p>
   </div>
   <div class='ocr_carea' id='block_1_8' title="bbox 175 2031 1229 4195">
    <p class='ocr_par' dir='ltr' id='par_1_8' title="bbox 175 2031 1229 4195">
     <span class='ocr_line' id='line_1_17' title="bbox 184 2031 1227 2106; baseline 0.003 -17"><span class='ocrx_word' id='word_1_161' title='bbox 184 2049 235 2090; x_wconf 88' lang='lat' dir='ltr'>nos</span> <span class='ocrx_word' id='word_1_162' title='bbox 255 2033 353 2088; x_wconf 82' lang='lat' dir='ltr'>ibidem</span> <span class='ocrx_word' id='word_1_163' title='bbox 367 2032 515 2106; x_wconf 75' lang='lat' dir='ltr'>gaudentes</span> <span class='ocrx_word' id='word_1_164' title='bbox 534 2031 688 2100; x_wconf 72' lang='lat' dir='ltr'>adstarent,</span> <span class='ocrx_word' id='word_1_165' title='bbox 712 2031 790 2088; x_wconf 83' lang='lat' dir='ltr'>lienis</span> <span class='ocrx_word' id='word_1_166' title='bbox 812 2032 926 2106; x_wconf 88' lang='lat' dir='ltr'>genibus</span> <span class='ocrx_word' id='word_1_167' title='bbox 948 2031 1080 2089; x_wconf 82' lang='lat' dir='ltr'>doulnurn</span> <span class='ocrx_word' id='word_1_168' title='bbox 1096 2039 1227 2106; x_wconf 73' lang='lat' dir='ltr'>euomuit,</span> 
     </span>
     <span class='ocr_line' id='line_1_18' title="bbox 184 2129 1229 2204; baseline 0.004 -16"><span class='ocrx_word' id='word_1_169' title='bbox 184 2141 217 2189; x_wconf 86' lang='lat' dir='ltr'>nt</span> <span class='ocrx_word' id='word_1_170' title='bbox 231 2133 356 2204; x_wconf 81' lang='lat' dir='ltr'>tenpluur</span> <span class='ocrx_word' id='word_1_171' title='bbox 372 2147 428 2188; x_wconf 78' lang='lat' dir='ltr'>cun</span> <span class='ocrx_word' id='word_1_172' title='bbox 442 2129 532 2202; x_wconf 65' lang='lat' dir='ltr'>ydolis</span> <span class='ocrx_word' id='word_1_173' title='bbox 550 2133 591 2186; x_wconf 89' lang='lat' dir='ltr'>sic</span> <span class='ocrx_word' id='word_1_174' title='bbox 608 2134 714 2186; x_wconf 86' lang='lat' dir='ltr'>onntno</span> <span class='ocrx_word' id='word_1_175' title='bbox 733 2129 892 2197; x_wconf 87' lang='lat' dir='ltr'>destrueret,</span> <span class='ocrx_word' id='word_1_176' title='bbox 910 2140 1039 2204; x_wconf 83' lang='lat' dir='ltr'>quatenus</span> <span class='ocrx_word' id='word_1_177' title='bbox 1057 2132 1093 2189; x_wconf 86' lang='lat' dir='ltr'>ad</span> <span class='ocrx_word' id='word_1_178' title='bbox 1110 2136 1153 2190; x_wconf 90' lang='lat' dir='ltr'>sul</span> <span class='ocrx_word' id='word_1_179' title='bbox 1168 2134 1229 2192; x_wconf 93' lang='lat' dir='ltr'>lau-</span> 
     </span>
     <span class='ocr_line' id='line_1_19' title="bbox 184 2229 1229 2303; baseline 0 -15"><span class='ocrx_word' id='word_1_180' title='bbox 184 2231 246 2288; x_wconf 84' lang='lat' dir='ltr'>dens</span> <span class='ocrx_word' id='word_1_181' title='bbox 265 2239 293 2288; x_wconf 87' lang='lat' dir='ltr'>st</span> <span class='ocrx_word' id='word_1_182' title='bbox 307 2229 398 2303; x_wconf 79' lang='lat' dir='ltr'>pupuli</span> <span class='ocrx_word' id='word_1_183' title='bbox 415 2230 614 2286; x_wconf 74' lang='lat' dir='ltr'>oenumloneur</span> <span class='ocrx_word' id='word_1_184' title='bbox 629 2229 696 2286; x_wconf 88' lang='lat' dir='ltr'>nibil</span> <span class='ocrx_word' id='word_1_185' title='bbox 713 2229 747 2286; x_wconf 92' lang='lat' dir='ltr'>de</span> <span class='ocrx_word' id='word_1_186' title='bbox 765 2246 798 2288; x_wconf 88' lang='lat' dir='ltr'>eo</span> <span class='ocrx_word' id='word_1_187' title='bbox 817 2233 922 2302; x_wconf 78' lang='lat' dir='ltr'>penitus</span> <span class='ocrx_word' id='word_1_188' title='bbox 939 2240 1101 2300; x_wconf 77' lang='lat' dir='ltr'>remaneret,</span> <span class='ocrx_word' id='word_1_189' title='bbox 1124 2234 1229 2290; x_wconf 62' lang='lat' dir='ltr'>statim</span> 
     </span>
     <span class='ocr_line' id='line_1_20' title="bbox 183 2328 1228 2405; baseline 0.002 -19"><span class='ocrx_word' id='word_1_190' title='bbox 183 2347 238 2403; x_wconf 79' lang='lat' dir='ltr'>quc</span> <span class='ocrx_word' id='word_1_191' title='bbox 261 2332 332 2405; x_wconf 85' lang='lat' dir='ltr'>ignis</span> <span class='ocrx_word' id='word_1_192' title='bbox 358 2329 393 2387; x_wconf 92' lang='lat' dir='ltr'>de</span> <span class='ocrx_word' id='word_1_193' title='bbox 416 2328 493 2385; x_wconf 87' lang='lat' dir='ltr'>coelo</span> <span class='ocrx_word' id='word_1_194' title='bbox 517 2329 685 2386; x_wconf 88' lang='lat' dir='ltr'>descendens</span> <span class='ocrx_word' id='word_1_195' title='bbox 699 2330 826 2402; x_wconf 70' lang='lat' dir='ltr'>,tenplum</span> <span class='ocrx_word' id='word_1_196' title='bbox 846 2347 905 2386; x_wconf 87' lang='lat' dir='ltr'>coru</span> <span class='ocrx_word' id='word_1_197' title='bbox 922 2330 980 2388; x_wconf 82' lang='lat' dir='ltr'>lille</span> <span class='ocrx_word' id='word_1_198' title='bbox 998 2341 1025 2388; x_wconf 92' lang='lat' dir='ltr'>et</span> <span class='ocrx_word' id='word_1_199' title='bbox 1043 2333 1228 2390; x_wconf 87' lang='lat' dir='ltr'>sacerdotibus</span> 
     </span>
     <span class='ocr_line' id='line_1_21' title="bbox 180 2430 1228 2505; baseline -0.002 -17"><span class='ocrx_word' id='word_1_200' title='bbox 180 2431 361 2488; x_wconf 82' lang='lat' dir='ltr'>eonerenertt</span> <span class='ocrx_word' id='word_1_201' title='bbox 375 2436 502 2502; x_wconf 79' lang='lat' dir='ltr'>terraque</span> <span class='ocrx_word' id='word_1_202' title='bbox 520 2444 552 2486; x_wconf 90' lang='lat' dir='ltr'>se</span> <span class='ocrx_word' id='word_1_203' title='bbox 568 2431 692 2500; x_wconf 73' lang='lat' dir='ltr'>aperiens</span> <span class='ocrx_word' id='word_1_204' title='bbox 710 2443 801 2486; x_wconf 82' lang='lat' dir='ltr'>ornnes</span> <span class='ocrx_word' id='word_1_205' title='bbox 825 2446 914 2486; x_wconf 89' lang='lat' dir='ltr'>eorunr</span> <span class='ocrx_word' id='word_1_206' title='bbox 930 2433 1058 2504; x_wconf 81' lang='lat' dir='ltr'>reliquias</span> <span class='ocrx_word' id='word_1_207' title='bbox 1077 2430 1228 2505; x_wconf 77' lang='lat' dir='ltr'>deglutivit.</span> 
     </span>
     <span class='ocr_line' id='line_1_22' title="bbox 181 2527 1227 2603; baseline 0 -17"><span class='ocrx_word' id='word_1_208' title='bbox 181 2528 233 2586; x_wconf 90' lang='lat' dir='ltr'>llic</span> <span class='ocrx_word' id='word_1_209' title='bbox 249 2529 382 2585; x_wconf 85' lang='lat' dir='ltr'>euoiartat</span> <span class='ocrx_word' id='word_1_210' title='bbox 393 2527 555 2586; x_wconf 73' lang='lat' dir='ltr'>intortos</span> <span class='ocrx_word' id='word_1_211' title='bbox 579 2530 605 2584; x_wconf 90' lang='lat' dir='ltr'>iu</span> <span class='ocrx_word' id='word_1_212' title='bbox 629 2530 796 2600; x_wconf 74' lang='lat' dir='ltr'>praelatione</span> <span class='ocrx_word' id='word_1_213' title='bbox 814 2530 921 2586; x_wconf 86' lang='lat' dir='ltr'>dicens:</span> <span class='ocrx_word' id='word_1_214' title='bbox 944 2529 1076 2603; x_wconf 74' lang='lat' dir='ltr'>Georgius</span> <span class='ocrx_word' id='word_1_215' title='bbox 1100 2529 1227 2586; x_wconf 78' lang='lat' dir='ltr'>fidelissi·</span> 
     </span>
     <span class='ocr_line' id='line_1_23' title="bbox 181 2627 1227 2705; baseline -0.001 -21"><span class='ocrx_word' id='word_1_216' title='bbox 181 2645 241 2684; x_wconf 85' lang='lat' dir='ltr'>usus</span> <span class='ocrx_word' id='word_1_217' title='bbox 259 2629 336 2685; x_wconf 69' lang='lat' dir='ltr'>:iles</span> <span class='ocrx_word' id='word_1_218' title='bbox 353 2627 468 2694; x_wconf 79' lang='lat' dir='ltr'>Christi,</span> <span class='ocrx_word' id='word_1_219' title='bbox 493 2628 553 2683; x_wconf 85' lang='lat' dir='ltr'>dun</span> <span class='ocrx_word' id='word_1_220' title='bbox 578 2627 783 2684; x_wconf 76' lang='lat' dir='ltr'>christianitatis</span> <span class='ocrx_word' id='word_1_221' title='bbox 802 2628 937 2700; x_wconf 81' lang='lat' dir='ltr'>prolesslo</span> <span class='ocrx_word' id='word_1_222' title='bbox 954 2630 1061 2687; x_wconf 89' lang='lat' dir='ltr'>silentio</span> <span class='ocrx_word' id='word_1_223' title='bbox 1080 2637 1227 2705; x_wconf 85' lang='lat' dir='ltr'>tegeretur,</span> 
     </span>
     <span class='ocr_line' id='line_1_24' title="bbox 182 2725 1228 2800; baseline 0 -16"><span class='ocrx_word' id='word_1_224' title='bbox 182 2729 259 2784; x_wconf 87' lang='lat' dir='ltr'>sulus</span> <span class='ocrx_word' id='word_1_225' title='bbox 280 2729 350 2784; x_wconf 84' lang='lat' dir='ltr'>luter</span> <span class='ocrx_word' id='word_1_226' title='bbox 364 2727 533 2785; x_wconf 71' lang='lat' dir='ltr'>christicolas</span> <span class='ocrx_word' id='word_1_227' title='bbox 559 2727 707 2800; x_wconf 80' lang='lat' dir='ltr'>intrepidus</span> <span class='ocrx_word' id='word_1_228' title='bbox 724 2725 774 2784; x_wconf 86' lang='lat' dir='ltr'>liet</span> <span class='ocrx_word' id='word_1_229' title='bbox 791 2727 871 2784; x_wconf 79' lang='lat' dir='ltr'>filiurn</span> <span class='ocrx_word' id='word_1_230' title='bbox 888 2734 930 2784; x_wconf 90' lang='lat' dir='ltr'>est</span> <span class='ocrx_word' id='word_1_231' title='bbox 948 2728 1096 2786; x_wconf 76' lang='lat' dir='ltr'>confessus.</span> <span class='ocrx_word' id='word_1_232' title='bbox 1132 2728 1180 2786; x_wconf 89' lang='lat' dir='ltr'>Gul</span> <span class='ocrx_word' id='word_1_233' title='bbox 1199 2735 1228 2786; x_wconf 91' lang='lat' dir='ltr'>et</span> 
     </span>
     <span class='ocr_line' id='line_1_25' title="bbox 180 2826 1226 2900; baseline 0.002 -18"><span class='ocrx_word' id='word_1_234' title='bbox 180 2833 282 2884; x_wconf 73' lang='lat' dir='ltr'>tarsun</span> <span class='ocrx_word' id='word_1_235' title='bbox 305 2829 480 2882; x_wconf 69' lang='lat' dir='ltr'>oumuutiern</span> <span class='ocrx_word' id='word_1_236' title='bbox 502 2828 594 2900; x_wconf 84' lang='lat' dir='ltr'>gratia</span> <span class='ocrx_word' id='word_1_237' title='bbox 615 2826 707 2882; x_wconf 82' lang='lat' dir='ltr'>dietus</span> <span class='ocrx_word' id='word_1_238' title='bbox 728 2830 877 2894; x_wconf 87' lang='lat' dir='ltr'>concessit,</span> <span class='ocrx_word' id='word_1_239' title='bbox 905 2834 935 2882; x_wconf 93' lang='lat' dir='ltr'>ut</span> <span class='ocrx_word' id='word_1_240' title='bbox 957 2834 985 2884; x_wconf 90' lang='lat' dir='ltr'>et</span> <span class='ocrx_word' id='word_1_241' title='bbox 1006 2831 1159 2900; x_wconf 70' lang='lat' dir='ltr'>symonicae</span> <span class='ocrx_word' id='word_1_242' title='bbox 1176 2845 1226 2900; x_wconf 77' lang='lat' dir='ltr'>oo-</span> 
     </span>
     <span class='ocr_line' id='line_1_26' title="bbox 181 2925 1226 2999; baseline -0.001 -15"><span class='ocrx_word' id='word_1_243' title='bbox 181 2929 291 2984; x_wconf 88' lang='lat' dir='ltr'>teetatis</span> <span class='ocrx_word' id='word_1_244' title='bbox 316 2933 461 2999; x_wconf 67' lang='lat' dir='ltr'>omenta</span> <span class='ocrx_word' id='word_1_245' title='bbox 484 2933 664 2984; x_wconf 70' lang='lat' dir='ltr'>mntenneret</span> <span class='ocrx_word' id='word_1_246' title='bbox 687 2935 715 2982; x_wconf 89' lang='lat' dir='ltr'>et</span> <span class='ocrx_word' id='word_1_247' title='bbox 739 2925 965 2982; x_wconf 84' lang='lat' dir='ltr'>lnonuerablliurn</span> <span class='ocrx_word' id='word_1_248' title='bbox 989 2942 1043 2984; x_wconf 93' lang='lat' dir='ltr'>non</span> <span class='ocrx_word' id='word_1_249' title='bbox 1071 2927 1226 2983; x_wconf 77' lang='lat' dir='ltr'>formidaret</span> 
     </span>
     <span class='ocr_line' id='line_1_27' title="bbox 179 3025 1224 3099; baseline -0.005 -13"><span class='ocrx_word' id='word_1_250' title='bbox 179 3033 313 3099; x_wconf 54' lang='lat' dir='ltr'>inmuta</span> <span class='ocrx_word' id='word_1_251' title='bbox 335 3040 488 3098; x_wconf 71' lang='lat' dir='ltr'>poenarum.</span> <span class='ocrx_word' id='word_1_252' title='bbox 522 3025 546 3084; x_wconf 87' lang='grc'><strong>0</strong></span> <span class='ocrx_word' id='word_1_253' title='bbox 570 3025 636 3090; x_wconf 79' lang='lat' dir='ltr'>felix</span> <span class='ocrx_word' id='word_1_254' title='bbox 656 3033 684 3083; x_wconf 84' lang='lat' dir='ltr'>et</span> <span class='ocrx_word' id='word_1_255' title='bbox 705 3025 812 3082; x_wconf 86' lang='lat' dir='ltr'>inclitus</span> <span class='ocrx_word' id='word_1_256' title='bbox 829 3025 929 3081; x_wconf 82' lang='lat' dir='ltr'>donini</span> <span class='ocrx_word' id='word_1_257' title='bbox 945 3027 1106 3097; x_wconf 78' lang='lat' dir='ltr'>proritatort</span> <span class='ocrx_word' id='word_1_258' title='bbox 1142 3025 1224 3090; x_wconf 80' lang='lat' dir='ltr'>Gustu</span> 
     </span>
     <span class='ocr_line' id='line_1_28' title="bbox 178 3123 1224 3198; baseline -0.005 -14"><span class='ocrx_word' id='word_1_259' title='bbox 178 3143 234 3184; x_wconf 83' lang='lat' dir='ltr'>usn</span> <span class='ocrx_word' id='word_1_260' title='bbox 255 3127 343 3182; x_wconf 81' lang='lat' dir='ltr'>solunt</span> <span class='ocrx_word' id='word_1_261' title='bbox 365 3123 518 3197; x_wconf 78' lang='lat' dir='ltr'>temporalis</span> <span class='ocrx_word' id='word_1_262' title='bbox 542 3126 619 3198; x_wconf 85' lang='lat' dir='ltr'>regul</span> <span class='ocrx_word' id='word_1_263' title='bbox 641 3125 741 3181; x_wconf 86' lang='lat' dir='ltr'>blande</span> <span class='ocrx_word' id='word_1_264' title='bbox 765 3141 818 3182; x_wconf 91' lang='lat' dir='ltr'>non</span> <span class='ocrx_word' id='word_1_265' title='bbox 842 3126 977 3197; x_wconf 75' lang='lat' dir='ltr'>persuasit</span> <span class='ocrx_word' id='word_1_266' title='bbox 990 3126 1147 3198; x_wconf 78' lang='lat' dir='ltr'>promissis,</span> <span class='ocrx_word' id='word_1_267' title='bbox 1174 3125 1224 3182; x_wconf 91' lang='lat' dir='ltr'>sed</span> 
     </span>
     <span class='ocr_line' id='line_1_29' title="bbox 178 3224 1222 3299; baseline -0.005 -14"><span class='ocrx_word' id='word_1_268' title='bbox 178 3233 354 3299; x_wconf 65' lang='lat' dir='ltr'>promotore</span> <span class='ocrx_word' id='word_1_269' title='bbox 379 3225 473 3282; x_wconf 85' lang='lat' dir='ltr'>deluso</span> <span class='ocrx_word' id='word_1_270' title='bbox 489 3227 689 3282; x_wconf 72' lang='lat' dir='ltr'>simulacrorum</span> <span class='ocrx_word' id='word_1_271' title='bbox 708 3226 768 3298; x_wconf 81' lang='lat' dir='ltr'>ejus</span> <span class='ocrx_word' id='word_1_272' title='bbox 790 3231 913 3296; x_wconf 75' lang='lat' dir='ltr'>ponente</span> <span class='ocrx_word' id='word_1_273' title='bbox 928 3226 956 3280; x_wconf 93' lang='lat' dir='ltr'>ln</span> <span class='ocrx_word' id='word_1_274' title='bbox 973 3224 1097 3296; x_wconf 77' lang='lat' dir='ltr'>alysson</span> <span class='ocrx_word' id='word_1_275' title='bbox 1116 3224 1222 3296; x_wconf 80' lang='lat' dir='ltr'>dejecit</span> 
     </span>
     <span class='ocr_line' id='line_1_30' title="bbox 177 3322 1222 3396; baseline -0.006 -12"><span class='ocrx_word' id='word_1_276' title='bbox 177 3327 251 3384; x_wconf 87' lang='lat' dir='ltr'>liaeo</span> <span class='ocrx_word' id='word_1_277' title='bbox 273 3327 439 3383; x_wconf 75' lang='lat' dir='ltr'>Aubrosius.</span> <span class='ocrx_word' id='word_1_278' title='bbox 473 3325 529 3382; x_wconf 84' lang='lat' dir='ltr'>lion</span> <span class='ocrx_word' id='word_1_279' title='bbox 552 3325 664 3382; x_wconf 85' lang='lat' dir='ltr'>audiens</span> <span class='ocrx_word' id='word_1_280' title='bbox 678 3324 822 3386; x_wconf 59' lang='lat' dir='ltr'>,bertonus</span> <span class='ocrx_word' id='word_1_281' title='bbox 846 3322 989 3396; x_wconf 76' lang='lat' dir='ltr'>Georgium</span> <span class='ocrx_word' id='word_1_282' title='bbox 1015 3324 1049 3379; x_wconf 88' lang='lat' dir='ltr'>ad</span> <span class='ocrx_word' id='word_1_283' title='bbox 1074 3340 1105 3380; x_wconf 86' lang='lat' dir='ltr'>se</span> <span class='ocrx_word' id='word_1_284' title='bbox 1125 3324 1222 3380; x_wconf 81' lang='lat' dir='ltr'>adduct</span> 
     </span>
     <span class='ocr_line' id='line_1_31' title="bbox 178 3420 1223 3499; baseline -0.005 -17"><span class='ocrx_word' id='word_1_285' title='bbox 178 3427 243 3484; x_wconf 88' lang='lat' dir='ltr'>lecit</span> <span class='ocrx_word' id='word_1_286' title='bbox 259 3428 338 3499; x_wconf 79' lang='lat' dir='ltr'>elque</span> <span class='ocrx_word' id='word_1_287' title='bbox 356 3424 436 3480; x_wconf 83' lang='lat' dir='ltr'>dixit:</span> <span class='ocrx_word' id='word_1_288' title='bbox 451 3441 521 3498; x_wconf 81' lang='lat' dir='ltr'>quse</span> <span class='ocrx_word' id='word_1_289' title='bbox 539 3424 673 3495; x_wconf 79' lang='lat' dir='ltr'>²)uralitiu</span> <span class='ocrx_word' id='word_1_290' title='bbox 690 3430 753 3492; x_wconf 83' lang='lat' dir='ltr'>tua,</span> <span class='ocrx_word' id='word_1_291' title='bbox 771 3425 885 3497; x_wconf 75' lang='lat' dir='ltr'>oesstne</span> <span class='ocrx_word' id='word_1_292' title='bbox 903 3420 1048 3491; x_wconf 80' lang='lat' dir='ltr'>bosolenus,</span> <span class='ocrx_word' id='word_1_293' title='bbox 1071 3422 1143 3494; x_wconf 84' lang='lat' dir='ltr'>quod</span> <span class='ocrx_word' id='word_1_294' title='bbox 1160 3429 1223 3478; x_wconf 85' lang='lat' dir='ltr'>tan-</span> 
     </span>
     <span class='ocr_line' id='line_1_32' title="bbox 176 3522 1219 3598; baseline -0.005 -15"><span class='ocrx_word' id='word_1_295' title='bbox 176 3535 231 3583; x_wconf 85' lang='lat' dir='ltr'>tun</span> <span class='ocrx_word' id='word_1_296' title='bbox 249 3527 354 3582; x_wconf 85' lang='lat' dir='ltr'>iaetuus</span> <span class='ocrx_word' id='word_1_297' title='bbox 370 3525 544 3582; x_wconf 82' lang='lat' dir='ltr'>ounnlstrtlt</span> <span class='ocrx_word' id='word_1_298' title='bbox 578 3524 628 3580; x_wconf 80' lang='lat' dir='ltr'>Cui</span> <span class='ocrx_word' id='word_1_299' title='bbox 646 3523 795 3598; x_wconf 83' lang='lat' dir='ltr'>Georgius:</span> <span class='ocrx_word' id='word_1_300' title='bbox 817 3539 852 3580; x_wconf 90' lang='lat' dir='ltr'>ne</span> <span class='ocrx_word' id='word_1_301' title='bbox 869 3522 980 3590; x_wconf 72' lang='lat' dir='ltr'>onius,</span> <span class='ocrx_word' id='word_1_302' title='bbox 1003 3537 1066 3588; x_wconf 83' lang='lat' dir='ltr'>res,</span> <span class='ocrx_word' id='word_1_303' title='bbox 1090 3524 1130 3578; x_wconf 90' lang='lat' dir='ltr'>sic</span> <span class='ocrx_word' id='word_1_304' title='bbox 1148 3537 1219 3589; x_wconf 88' lang='lat' dir='ltr'>esse,</span> 
     </span>
     <span class='ocr_line' id='line_1_33' title="bbox 176 3620 1218 3697; baseline -0.008 -15"><span class='ocrx_word' id='word_1_305' title='bbox 176 3627 226 3682; x_wconf 88' lang='lat' dir='ltr'>sed</span> <span class='ocrx_word' id='word_1_306' title='bbox 242 3639 343 3682; x_wconf 78' lang='lat' dir='ltr'>necui</span> <span class='ocrx_word' id='word_1_307' title='bbox 361 3639 445 3697; x_wconf 70' lang='lat' dir='ltr'>perge</span> <span class='ocrx_word' id='word_1_308' title='bbox 463 3631 490 3681; x_wconf 92' lang='lat' dir='ltr'>et</span> <span class='ocrx_word' id='word_1_309' title='bbox 505 3625 600 3680; x_wconf 81' lang='lat' dir='ltr'>iterun</span> <span class='ocrx_word' id='word_1_310' title='bbox 615 3639 657 3680; x_wconf 86' lang='lat' dir='ltr'>une</span> <span class='ocrx_word' id='word_1_311' title='bbox 677 3623 811 3680; x_wconf 73' lang='lat' dir='ltr'>inmolare</span> <span class='ocrx_word' id='word_1_312' title='bbox 833 3622 902 3678; x_wconf 89' lang='lat' dir='ltr'>uide.</span> <span class='ocrx_word' id='word_1_313' title='bbox 939 3621 988 3678; x_wconf 84' lang='lat' dir='ltr'>Cui</span> <span class='ocrx_word' id='word_1_314' title='bbox 1011 3620 1071 3676; x_wconf 86' lang='lat' dir='ltr'>llie:</span> <span class='ocrx_word' id='word_1_315' title='bbox 1095 3620 1218 3692; x_wconf 84' lang='lat' dir='ltr'>intelligo</span> 
     </span>
     <span class='ocr_line' id='line_1_34' title="bbox 177 3719 1217 3797; baseline -0.006 -17"><span class='ocrx_word' id='word_1_316' title='bbox 177 3725 298 3782; x_wconf 85' lang='lat' dir='ltr'>lraudern</span> <span class='ocrx_word' id='word_1_317' title='bbox 323 3731 411 3793; x_wconf 75' lang='lat' dir='ltr'>tuan,</span> <span class='ocrx_word' id='word_1_318' title='bbox 437 3725 501 3797; x_wconf 82' lang='lat' dir='ltr'>quis</span> <span class='ocrx_word' id='word_1_319' title='bbox 524 3725 565 3778; x_wconf 81' lang='lat' dir='ltr'>eis</span> <span class='ocrx_word' id='word_1_320' title='bbox 589 3738 631 3780; x_wconf 79' lang='lat' dir='ltr'>ne</span> <span class='ocrx_word' id='word_1_321' title='bbox 654 3722 743 3780; x_wconf 86' lang='lat' dir='ltr'>lucere</span> <span class='ocrx_word' id='word_1_322' title='bbox 765 3721 922 3788; x_wconf 79' lang='lat' dir='ltr'>absorberi,</span> <span class='ocrx_word' id='word_1_323' title='bbox 947 3722 1018 3778; x_wconf 88' lang='lat' dir='ltr'>sicut</span> <span class='ocrx_word' id='word_1_324' title='bbox 1041 3719 1164 3790; x_wconf 77' lang='lat' dir='ltr'>ternplum</span> <span class='ocrx_word' id='word_1_325' title='bbox 1190 3725 1217 3774; x_wconf 92' lang='lat' dir='ltr'>et</span> 
     </span>
     <span class='ocr_line' id='line_1_35' title="bbox 175 3816 1216 3895; baseline -0.01 -14"><span class='ocrx_word' id='word_1_326' title='bbox 175 3825 249 3882; x_wconf 84' lang='lat' dir='ltr'>ileos</span> <span class='ocrx_word' id='word_1_327' title='bbox 266 3840 341 3882; x_wconf 84' lang='lat' dir='ltr'>ursos</span> <span class='ocrx_word' id='word_1_328' title='bbox 364 3824 504 3881; x_wconf 85' lang='lat' dir='ltr'>absorberi</span> <span class='ocrx_word' id='word_1_329' title='bbox 528 3823 624 3882; x_wconf 73' lang='lat' dir='ltr'>fecisti.</span> <span class='ocrx_word' id='word_1_330' title='bbox 659 3823 709 3878; x_wconf 85' lang='lat' dir='ltr'>Gul</span> <span class='ocrx_word' id='word_1_331' title='bbox 732 3820 878 3895; x_wconf 85' lang='lat' dir='ltr'>Georgius:</span> <span class='ocrx_word' id='word_1_332' title='bbox 900 3821 943 3878; x_wconf 88' lang='lat' dir='ltr'>dio</span> <span class='ocrx_word' id='word_1_333' title='bbox 965 3819 1029 3875; x_wconf 82' lang='lat' dir='ltr'>stibi</span> <span class='ocrx_word' id='word_1_334' title='bbox 1051 3821 1147 3886; x_wconf 81' lang='lat' dir='ltr'>miser,</span> <span class='ocrx_word' id='word_1_335' title='bbox 1173 3816 1216 3874; x_wconf 86' lang='lat' dir='ltr'>liii</span> 
     </span>
     <span class='ocr_line' id='line_1_36' title="bbox 176 3917 1217 3997; baseline -0.006 -17"><span class='ocrx_word' id='word_1_336' title='bbox 176 3927 232 3994; x_wconf 92' lang='lat' dir='ltr'>tol,</span> <span class='ocrx_word' id='word_1_337' title='bbox 262 3927 308 3997; x_wconf 81' lang='lat' dir='ltr'>qui</span> <span class='ocrx_word' id='word_1_338' title='bbox 330 3939 361 3980; x_wconf 89' lang='lat' dir='ltr'>se</span> <span class='ocrx_word' id='word_1_339' title='bbox 378 3926 475 3996; x_wconf 74' lang='lat' dir='ltr'>lurore</span> <span class='ocrx_word' id='word_1_340' title='bbox 493 3935 546 3980; x_wconf 87' lang='lat' dir='ltr'>non</span> <span class='ocrx_word' id='word_1_341' title='bbox 566 3930 724 3995; x_wconf 76' lang='lat' dir='ltr'>potuerunt,</span> <span class='ocrx_word' id='word_1_342' title='bbox 743 3921 874 3992; x_wconf 81' lang='lat' dir='ltr'>quonodo</span> <span class='ocrx_word' id='word_1_343' title='bbox 898 3927 926 3976; x_wconf 89' lang='lat' dir='ltr'>ts</span> <span class='ocrx_word' id='word_1_344' title='bbox 945 3919 1097 3992; x_wconf 69' lang='lat' dir='ltr'>jurabunt?</span> <span class='ocrx_word' id='word_1_345' title='bbox 1130 3917 1217 3974; x_wconf 84' lang='lat' dir='ltr'>lentus</span> 
     </span>
     <span class='ocr_line' id='line_1_37' title="bbox 176 4011 1216 4090; baseline -0.008 -9"><span class='ocrx_word' id='word_1_346' title='bbox 176 4025 227 4081; x_wconf 86' lang='lat' dir='ltr'>rss&#39;</span> <span class='ocrx_word' id='word_1_347' title='bbox 244 4011 409 4080; x_wconf 87' lang='lat' dir='ltr'>ninslsdlult</span> <span class='ocrx_word' id='word_1_348' title='bbox 424 4023 604 4080; x_wconf 77' lang='lat' dir='ltr'>Alexandriae</span> <span class='ocrx_word' id='word_1_349' title='bbox 622 4024 699 4078; x_wconf 84' lang='lat' dir='ltr'>uuorl</span> <span class='ocrx_word' id='word_1_350' title='bbox 718 4035 799 4076; x_wconf 87' lang='lat' dir='ltr'>suae:</span> <span class='ocrx_word' id='word_1_351' title='bbox 823 4017 950 4076; x_wconf 79' lang='lat' dir='ltr'>deficiens</span> <span class='ocrx_word' id='word_1_352' title='bbox 967 4019 1079 4084; x_wconf 80' lang='lat' dir='ltr'>uoriar,</span> <span class='ocrx_word' id='word_1_353' title='bbox 1100 4019 1164 4090; x_wconf 78' lang='lat' dir='ltr'>guia</span> <span class='ocrx_word' id='word_1_354' title='bbox 1182 4017 1216 4073; x_wconf 85' lang='lat' dir='ltr'>ab</span> 
     </span>
     <span class='ocr_line' id='line_1_38' title="bbox 176 4103 1214 4195; baseline -0.006 -15"><span class='ocrx_word' id='word_1_355' title='bbox 176 4123 345 4180; x_wconf 85' lang='lat' dir='ltr'>bocborulne</span> <span class='ocrx_word' id='word_1_356' title='bbox 357 4139 398 4179; x_wconf 86' lang='lat' dir='ltr'>une</span> <span class='ocrx_word' id='word_1_357' title='bbox 417 4129 569 4195; x_wconf 80' lang='lat' dir='ltr'>superaturi</span> <span class='ocrx_word' id='word_1_358' title='bbox 587 4137 675 4178; x_wconf 89' lang='lat' dir='ltr'>cerno.</span> <span class='ocrx_word' id='word_1_359' title='bbox 711 4121 760 4176; x_wconf 88' lang='lat' dir='ltr'>Gul</span> <span class='ocrx_word' id='word_1_360' title='bbox 778 4120 837 4176; x_wconf 86' lang='lat' dir='ltr'>Gla:</span> <span class='ocrx_word' id='word_1_361' title='bbox 854 4103 964 4190; x_wconf 74' lang='lat' dir='ltr'>tyranne</span> <span class='ocrx_word' id='word_1_362' title='bbox 981 4116 1096 4172; x_wconf 87' lang='lat' dir='ltr'>crudelis</span> <span class='ocrx_word' id='word_1_363' title='bbox 1113 4123 1141 4173; x_wconf 90' lang='lat' dir='ltr'>ot</span> <span class='ocrx_word' id='word_1_364' title='bbox 1158 4131 1214 4174; x_wconf 87' lang='lat' dir='ltr'>car·</span> 
     </span>
    </p>
   </div>
   <div class='ocr_carea' id='block_1_9' title="bbox 227 4333 1037 4400">
    <p class='ocr_par' dir='ltr' id='par_1_9' title="bbox 227 4333 1037 4400">
     <span class='ocr_line' id='line_1_39' title="bbox 227 4333 1037 4400; baseline -0.012 -11"><span class='ocrx_word' id='word_1_365' title='bbox 227 4347 250 4400; x_wconf 77' lang='lat' dir='ltr'>t)</span> <span class='ocrx_word' id='word_1_366' title='bbox 262 4343 348 4398; x_wconf 64' lang='lat' dir='ltr'>tatros</span> <span class='ocrx_word' id='word_1_367' title='bbox 362 4350 392 4390; x_wconf 86' lang='lat' dir='ltr'>ut</span> <span class='ocrx_word' id='word_1_368' title='bbox 406 4343 480 4399; x_wconf 73' lang='lat' dir='ltr'>quid.</span> <span class='ocrx_word' id='word_1_369' title='bbox 557 4340 581 4397; x_wconf 80' lang='lat' dir='ltr'>t)</span> <span class='ocrx_word' id='word_1_370' title='bbox 593 4345 678 4388; x_wconf 71' lang='lat' dir='ltr'>necent</span> <span class='ocrx_word' id='word_1_371' title='bbox 693 4340 782 4393; x_wconf 77' lang='lat' dir='ltr'>ieguutr</span> <span class='ocrx_word' id='word_1_372' title='bbox 795 4342 863 4383; x_wconf 87' lang='lat' dir='ltr'>eunt</span> <span class='ocrx_word' id='word_1_373' title='bbox 877 4333 1037 4382; x_wconf 83' lang='lat' dir='ltr'>uruieliciu.</span> 
     </span>
    </p>
   </div>
   <div class='ocr_carea' id='block_1_10' title="bbox 0 0 1426 5286">
    <p class='ocr_par' dir='ltr' id='par_1_10' title="bbox 0 0 1426 5286">
     <span class='ocr_line' id='line_1_40' title="bbox 0 0 1426 5286; baseline 0 2"><span class='ocrx_word' id='word_1_374' title='bbox 0 0 1426 5286; x_wconf 95' lang='lat' dir='ltr'> </span> 
     </span>
    </p>
   </div>
  </div>
 </body>
</html>
