2984 5316
310 459 371 524 886
502 462 573 541 cop.
594 461 656 522 XO.
703 461 748 524 De
776 467 877 520 nauem
899 459 992 519 Penio
1016 458 1158 538 apoetoio·

309 619 465 675 iiiiurinnunr
483 618 672 691 apostolorum.
707 617 755 674 iiio
780 616 892 691 angelus
916 620 1052 675 torreatria
1075 624 1103 675 et
1119 617 1196 672 iromo
1215 613 1351 681 morientia,

311 721 398 793 imago
415 726 443 776 et
458 718 601 775 similitudo
620 717 727 775 deitatis
744 723 772 774 et
788 718 897 790 spiritua
916 715 1054 774 deiiormin
1074 732 1165 774 omnen
1183 730 1233 772 nou
1251 713 1351 772 ‹irreit-

311 821 382 893 qnit,
408 834 471 885 uon,
496 821 617 891 inquam,
642 817 736 888 inopen
761 824 789 873 et
810 817 935 892 indignor
951 819 979 874 in
996 817 1048 874 inon
1064 816 1160 872 munnio
1179 805 1353 874 oontemtibiii

312 926 341 976 et
355 919 480 992 maiigno.
514 917 655 991 Ingressus
673 923 715 973 est
732 916 767 973 ad
781 916 864 974 Deum
880 933 954 974 sunm
964 917 1092 974 rionirnom
1108 923 1135 974 ei
1146 917 1272 972 amioum:
1289 911 1353 978 iren,

312 1019 607 1086 iraternriTimotirnun,
622 1017 719 1074 diiecto
734 1018 837 1074 animae
848 1033 931 1084 meae,
947 1017 993 1074 ubi
1007 1023 1049 1074 eet
1060 1023 1211 1088 paterinus,
1226 1014 1355 1087 magister

312 1125 340 1176 et
352 1121 475 1176 amatori
507 1117 582 1176 iiudo
594 1125 622 1174 to
637 1119 746 1176 niteriuo
760 1117 908 1174 salutabit?
940 1116 1011 1174 iinon
1026 1119 1094 1173 eninr
1112 1114 1247 1189 orphanus
1267 1112 1354 1169 iaetnn

313 1234 343 1275 en
361 1225 387 1275 ot
403 1221 555 1277 remnnairti
574 1219 663 1290 anius,
686 1220 742 1293 jam
759 1232 921 1290 nequaqnam
940 1218 1041 1274 aoribei
1056 1216 1105 1272 tiiui
1121 1231 1173 1275 ana
1188 1213 1357 1272 nanetinrima

314 1333 392 1375 marm
411 1317 502 1376 dioena
527 1318 590 1374 tihi:
618 1319 654 1374 uit
671 1320 825 1387 oariaaime,
852 1320 912 1374 reni
930 1316 1072 1377 fraterni
1095 1313 1267 1382 Timotheus,
1290 1311 1356 1397 quini

313 1417 357 1474 iulo
380 1419 478 1475 aoeiriit
500 1420 626 1476 tristitiae
653 1425 680 1476 et
701 1417 868 1476 tenebrarum
894 1423 921 1475 ot
942 1415 1046 1484 damni,
1069 1417 1135 1489 qnia
1158 1413 1271 1488 orphani
1290 1413 1356 1470 inuti

314 1519 425 1574 eumue?
457 1517 515 1575 iam
531 1535 584 1574 non
600 1519 708 1574 ueniunt
723 1517 756 1574 ad
774 1526 801 1574 to
819 1517 948 1590 opiutoiae
966 1517 1042 1588 eina,
1067 1516 1094 1571 in
1117 1514 1213 1587 quibus
1230 1515 1356 1585 noriptuun
1418 1589 1420 1592 Ι

314 1621 365 1675 ait:
381 1618 479 1675 Paulus
497 1617 616 1674 motiions
633 1633 727 1675 aeruna
743 1616 809 1674 iesu
828 1615 943 1684 cirrium
957 1617 1012 1688 jam
1032 1631 1084 1671 rou
1099 1615 1201 1672 erubet
1217 1613 1251 1672 tie
1269 1619 1297 1670 te
1313 1613 1356 1668 nl·

315 1721 397 1774 terior
414 1717 566 1774 oinitaiibua
586 1717 689 1774 dicent:
706 1719 834 1790 sneoipite
854 1715 933 1778 fliium
951 1731 1034 1772 meum
1048 1715 1180 1772 tiiieotum
1213 1712 1358 1787 complica,

316 1817 414 1887 irater,
435 1817 521 1874 iibroa
539 1815 726 1890 prophetarum
745 1823 772 1874 et
789 1819 868 1891 rigna
884 1809 966 1888 anper
983 1832 1046 1883 eos,
1072 1818 1136 1888 qnia
1156 1817 1283 1872 neminem
1307 1813 1357 1870 ina·

314 1918 407 1974 iremus
423 1919 591 1990 interpretem
610 1916 795 1990 parabolarum
815 1925 842 1974 ot
857 1916 1067 1989 paradigmatum
1085 1923 1112 1974 et
1136 1915 1298 1988 eloquiorum
1314 1917 1356 1986 ip·

315 2033 413 2074 eornm.
446 2016 532 2074 Dauid
555 2016 686 2090 propheta
708 2016 855 2091 plangebat
876 2011 956 2072 filium
981 2030 1054 2071 enum
1086 2022 1114 2072 ot
1136 2014 1259 2072 riioeiat:
1288 2013 1358 2072 naeiu

317 2115 381 2172 miiui
397 2115 433 2172 fiii
451 2115 672 2182 mi,raeinu1iiri.
706 2115 764 2190 Ego
781 2124 883 2172 antenor
900 2114 968 2170 uouit
987 2113 1197 2189 roiiuimagiater
1215 2117 1276 2183 mei,
1294 2130 1358 2171 uere

317 2216 385 2273 raoiu
399 2215 470 2272 miii.
506 2216 621 2272 timonio
637 2214 737 2273 deferit
755 2221 781 2273 et
799 2218 915 2272 nunaunt
931 2231 1075 2274 eonenruue
1092 2214 1279 2288 dineipniornm
1298 2195 1365 2270 tuo-¹

318 2333 374 2372 rum
387 2314 494 2373 Romam
512 2317 671 2382 uenientium
685 2321 713 2371 et
725 2318 903 2388 quaerentium
916 2331 973 2372 noa
1007 2315 1066 2374 iarn
1085 2332 1160 2374 nemo
1172 2315 1289 2373 diuturne
1301 2322 1358 2372 eni:

319 2431 409 2472 eamus
426 2421 454 2472 et
469 2413 606 2473 uideamur
623 2415 748 2494 riootores
766 2421 873 2472 nostroe
895 2425 926 2478 ,et
944 2416 1137 2492 interrogemur
1155 2431 1220 2483 eon,
1244 2415 1359 2488 qualiter

317 2530 367 2571 noo
386 2530 483 2588 regere
501 2522 625 2586 oporteat
643 2514 771 2572 eooieuiae
789 2513 867 2571 nebia
891 2501 1045 2574 commiserat
1068 2523 1096 2572 et
1116 2513 1359 2588 interpretabuntur

317 2614 396 2670 nobie
419 2613 528 2687 eloquia
549 2613 649 2670 domini
669 2617 756 2669 nentri
777 2611 843 2670 tenu
867 2613 967 2672 curati
990 2622 1017 2672 et
1037 2613 1145 2689 eloquia
1161 2612 1358 2688 prophetarum.

318 2711 389 2770 Vere
406 2713 474 2771 raeir
492 2712 535 2769 inin
552 2713 631 2779 iiiia,
650 2714 800 2781 fraterni,
818 2715 882 2786 qnia
898 2693 994 2785 privati
1012 2721 1074 2772 eunt
1092 2715 1212 2787 patribus
1229 2715 1354 2785 optritae·

318 2811 405 2881 iiiune,
430 2812 527 2887 qniiuns
549 2817 670 2886 privetur
687 2819 730 2870 ent
746 2829 822 2886 grex.
843 2821 870 2870 et
886 2813 964 2870 nobie
981 2817 1082 2884 etiam,
1099 2814 1190 2882 irater,
1209 2813 1294 2883 roei,
1313 2815 1359 2886 qui

319 2915 416 2985 priuati
438 2928 528 2970 eumue
551 2914 687 2988 magistria
712 2915 812 2970 nostrin
835 2913 1034 2986 spiritualibus,
1057 2916 1103 2988 qni
1126 2913 1291 2988 ooiiegerant
1317 2914 1358 2969 iu-

317 3011 450 3068 taiieotum
475 3019 503 3069 et
526 3015 663 3070 erientiam
688 3013 787 3068 retorta
811 3026 844 3067 ao
867 3027 951 3069 norae
974 3013 1045 3088 iegia
1068 3019 1095 3071 et
1117 3014 1311 3088 colligaverant
1331 3015 1359 3068 iu

316 3113 373 3168 unia
392 3111 522 3183 epistolia.
556 3111 608 3169 iiiui
626 3117 668 3168 eat
685 3125 777 3170 onrunn
795 3111 871 3169 i’anii
887 3121 914 3170 et
926 3113 1004 3172 lnior
1016 3120 1166 3171 nanotorurn
1180 3113 1275 3185 perium
1289 3114 1359 3186 eine,

318 3211 365 3266 uiui
387 3218 429 3268 eat
452 3227 483 3267 ou
507 3211 621 3285 iaqueus
645 3219 673 3268 et
695 3211 788 3285 lingua
812 3213 953 3270 oonnnieoa
978 3221 1006 3270 et
1029 3217 1139 3286 spiritua
1163 3213 1230 3270 itere
1249 3212 1359 3284 piaooua

318 3309 375 3366 iieo
394 3312 466 3368 auo?
491 3311 557 3377 tinia
574 3326 627 3368 non
646 3311 734 3384 ploret
752 3317 779 3368 et
796 3310 902 3369 niuieti
935 3311 999 3370 iiam
1018 3316 1062 3387 qui
1080 3319 1229 3370 moruerunt
1245 3313 1362 3386 giorinm

317 3416 345 3465 et
360 3409 488 3466 honorem
506 3409 577 3482 apori
594 3409 694 3480 Deum,
719 3417 850 3483 tanquam
875 3411 1061 3470 mnieiaotoren
1085 3413 1224 3480 traduntur
1240 3415 1269 3470 in
1287 3427 1357 3469 mor-

316 3515 377 3565 tem.
412 3506 485 3566 Vnoiu
503 3510 583 3578 mihi,
602 3511 724 3582 quoniam
742 3513 770 3566 in
784 3509 833 3566 iila
848 3509 916 3567 hora
933 3513 1041 3569 intuitur
1059 3529 1117 3569 enm
1127 3527 1225 3586 oorpnn
1240 3517 1360 3568 nunmnn

317 3610 447 3680 anagnino
469 3611 602 3666 innooenti
625 3615 796 3667 cruentatum.
830 3609 887 3666 iion
910 3612 991 3682 milui,
1016 3620 1094 3684 pater
1118 3615 1154 3670 mi
1179 3613 1309 3685 magister
1333 3617 1362 3668 et

317 3705 428 3775 doetor,
446 3721 499 3764 nnn
517 3709 621 3780 quiniou
636 3724 700 3766 rena
717 3709 767 3765 tali
782 3715 867 3774 mortu
884 3713 1020 3768 eumitimi
1055 3711 1130 3770 Nune
1147 3727 1223 3786 erqo,
1241 3727 1294 3785 qno
1314 3710 1360 3768 ibo

316 3809 499 3878 inquaerere,
517 3806 606 3882 gioria
622 3806 825 3865 rhaetianorum
842 3816 870 3866 et
884 3810 945 3867 iana
962 3809 1087 3880 fidelium,
1104 3815 1164 3886 quin
1181 3813 1362 3870 mniioeanere

316 3903 381 3960 ionii
396 3920 486 3962 rotem
503 3913 592 3974 tuam,
617 3903 705 3963 trenta
731 3906 900 3965 eoeleeium
926 3918 954 3967 et
970 3908 1059 3968 fistula
1076 3911 1207 3980 aitieona,
1233 3909 1360 3984 pieotrnrn

316 3989 438 4075 psalterii
457 4004 638 4062 ieeuehorriii
671 4003 740 4062 Erae
753 4008 880 4063 introiinti
891 4009 925 4064 ad
943 4008 1075 4067 dominnm
1091 4010 1175 4068 Deum
1187 4017 1267 4078 tunm,
1283 4025 1361 4082 quem

318 4101 477 4160 desideranti
504 4113 531 4161 et
553 4110 611 4160 toto
632 4104 728 4162 aiieetn
753 4109 909 4178 eonnupinti⁴
944 4107 1091 4166 ieruuaien
1122 4116 1151 4170 ei
1172 4107 1255 4168 Roma
1278 4121 1363 4181 praua

317 4203 434 4258 amicitia
449 4202 577 4276 aeqoaien
595 4202 684 4260 saeue
701 4211 762 4261 unat
778 4205 805 4260 in
822 4205 902 4276 malo,
919 4206 1067 4288 Jernanien
1082 4207 1212 4266 urneifinit
1228 4208 1361 4266 tontnnrr

318 4307 435 4356 montrum
453 4299 542 4359 imru
560 4301 707 4370 Christum,
725 4303 808 4360 Roma
828 4321 891 4362 reno
908 4306 1047 4379 apostolor
1067 4309 1126 4382 eine
1142 4308 1292 4374 interemit,
1314 4305 1359 4365 ie-

319 4399 433 4458 rutaietu
449 4407 536 4458 entem
557 4406 657 4468 territ,
678 4419 754 4476 quem
778 4404 923 4474 eructarit,
949 4405 1034 4465 iionuu
1050 4414 1137 4466 autem
1153 4407 1361 4468 noiiemuiannio
