2798 5302
289 493 330 555 18
490 493 562 573 Cap.
588 493 623 550 ii.
668 493 712 552 De
736 505 834 553 sancio
856 495 969 555 inires
989 498 1131 576 apostolo.

292 675 339 730 pro
357 663 419 711 nuto
436 657 588 728 susciperis.
623 656 737 713 Securus
759 657 843 728 igitar
860 661 887 710 et
903 653 1024 728 pudens
1042 658 1118 726 penio
1136 653 1171 708 ad
1191 659 1235 715 te.
1258 661 1287 709 at
1301 661 1327 710 in
1381 685 1382 728 p

292 757 429 814 exsuitans
446 759 577 828 suscipias
595 771 635 810 me
655 753 810 826 discipulum
828 757 903 828 eins,
937 756 983 826 qni
1001 753 1127 826 pependit
1145 757 1172 810 in
1192 761 1236 810 te:
1268 757 1328 826 qnia

226 837 228 840 Ι
292 866 395 928 errator
419 864 478 912 tuuc
504 871 609 928 semper
633 855 670 911 ini
689 862 716 911 et
735 854 884 910 desideravi
902 853 1023 924 amplecti
1038 861 1075 909 te.
1126 854 1241 910 0bona
1256 869 1326 920 cana.
1381 879 1382 932 j

290 974 359 1032 qnae
377 958 496 1013 docorem
514 964 542 1012 et
558 955 775 1029 pnieirritndincm
794 953 827 1011 de
844 953 966 1010 membris
983 952 1081 1008 donnini
1099 957 1253 1027 snsmpieti.
1279 954 1325 1010 iiia

291 1058 452 1124 desiderata,
471 1057 583 1115 sollicite
600 1060 697 1122 arnam,
716 1058 772 1109 sinc
790 1055 1018 1125 intermissione')
1036 1055 1168 1126 quaesita,
1186 1054 1326 1127 aliqnando

291 1159 484 1230 concupiscenti
501 1159 588 1211 anino
612 1161 781 1227 praeparatu.
814 1156 912 1226 Accipe
927 1170 968 1209 mn
988 1154 1021 1209 ab
1043 1154 1190 1210 inminibus
1207 1160 1236 1210 et
1249 1155 1327 1210 redde

292 1275 333 1314 mc
351 1259 478 1330 magistro
497 1271 570 1322 mco,
599 1261 628 1310 nt
644 1271 692 1327 per
710 1261 736 1310 te
756 1270 796 1311 nne
814 1256 941 1325 accipiat,
978 1257 1022 1325 qui
1042 1271 1090 1327 per
1106 1261 1132 1311 te
1151 1270 1192 1311 me
1210 1255 1324 1310 reudemit

294 1359 326 1414 Et
349 1357 414 1412 baec
441 1356 530 1412 dicens
554 1371 584 1411 sn
608 1357 681 1411 enuit
704 1362 732 1411 et
755 1357 911 1411 uestimenta
927 1355 1092 1410 carnificibus
1110 1355 1222 1410 tradidit
1239 1357 1325 1426 sicque

293 1476 349 1513 nnn
369 1460 395 1512 in
413 1472 532 1522 crucem,
551 1461 579 1510 ut
591 1457 694 1527 jussum
713 1456 813 1520 inserat,
832 1454 1033 1526 suspenderunt.
1050 1467 1051 1470 ’
1069 1454 1097 1509 ln
1118 1469 1172 1525 qna
1189 1454 1271 1510 bidno
1290 1459 1325 1508 ri-

292 1559 467 1632 vennnigtuti
486 1559 513 1626 ²)
528 1554 611 1612 miiiie
629 1555 757 1610 hominnm
775 1554 933 1611 adstantium
952 1553 1125 1626 praedicarit,
1160 1553 1237 1610 Tunc
1255 1558 1324 1610 mini-

292 1666 364 1714 tante
380 1657 458 1712 turbe
475 1657 584 1729 Aegeae
602 1663 709 1712 mortem
729 1661 756 1711 nt
772 1655 890 1719 dicente,
927 1657 1009 1710 rirnm
1033 1661 1150 1710 sanetum
1167 1663 1325 1712 mansuetum

292 1767 319 1815 et
337 1761 406 1830 pium
423 1773 474 1812 nun
490 1755 587 1812 debere
605 1757 643 1811 ita
660 1757 725 1828 pati,
757 1759 827 1811 uenit
847 1762 875 1810 nt
893 1758 977 1826 ipsum
998 1756 1151 1827 deponeret.
1178 1756 1271 1820 tinen
1289 1757 1324 1812 ri-

294 1860 359 1915 dens
382 1859 502 1914 Andreas
521 1856 603 1911 dixit:
630 1856 693 1928 qnid
711 1863 738 1911 tu
759 1855 793 1911 ad
812 1871 859 1910 nos
877 1858 987 1923 uenisti,
1006 1858 1107 1928 begea,
1126 1858 1150 1911 si
1169 1871 1219 1928 pro
1237 1858 1326 1927 poeni-

292 1961 384 2025 tentia,
403 1960 487 2028 ipsam
503 1959 684 2029 consequeris,
702 1960 725 2011 oi
745 1965 830 2010 autem
850 1965 879 2009 nt
897 1971 937 2012 mc
954 1957 1081 2028 depones,
1099 1958 1180 2022 ecies,
1196 1957 1270 2028 qnod
1278 1971 1325 2029 ego

294 2063 368 2113 niens
384 2059 417 2114 de
434 2072 510 2114 cruce
527 2075 578 2112 non
596 2057 760 2112 descendam.
796 2055 853 2112 iarn
872 2057 938 2111 enirn
957 2055 1034 2112 rideo
1052 2072 1140 2130 regern
1161 2073 1264 2124 meum,
1283 2059 1324 2129 qni

294 2172 334 2214 nne
351 2164 496 2228 exspectat.
546 2156 581 2212 Et
597 2173 653 2212 cnm
670 2158 769 2214 teiiont
786 2173 844 2212 eum
863 2156 985 2224 scivere,
1021 2157 1094 2212 nuiio
1111 2156 1189 2212 inodo
1207 2163 1327 2228 poterant

293 2259 326 2314 ad
345 2273 402 2314 eam
422 2260 582 2330 pertingere,
600 2259 664 2329 quie
681 2260 769 2312 statim
788 2272 877 2314 eornm
895 2256 1004 2312 bescbia
1021 2255 1128 2328 stupide
1142 2257 1327 2313 reddebantur.

295 2358 391 2415 videns
411 2365 497 2412 antem
515 2357 650 2424 Andreas,
687 2356 758 2429 qnod
779 2343 857 2429 piebs¹
874 2355 981 2413 uniebat
1000 2371 1057 2411 enm
1075 2356 1225 2428 deponere,
1263 2357 1327 2413 bane

294 2461 437 2514 oraticnem
463 2461 487 2511 iu
513 2471 589 2512 eruce
615 2456 694 2524 iecit,
728 2463 757 2512 nt
777 2458 841 2511 dicit
864 2459 1027 2530 Augustinus
1051 2459 1076 2512 in
1095 2457 1163 2512 iibrc
1183 2460 1216 2515 de
1236 2465 1327 2532 poeni-

294 2561 384 2614 tentia.
420 2559 458 2614 Ne
478 2574 517 2613 me
531 2559 667 2629 permittas
684 2556 788 2613 domine
806 2556 965 2614 descendere
984 2561 1079 2624 rivom,
1099 2560 1146 2613 sed
1162 2567 1266 2632 tempus
1279 2570 1326 2629 est,

294 2665 321 2726 ui
339 2658 502 2714 commendes
519 2664 607 2719 terrae
624 2671 720 2729 eorpus
730 2672 828 2712 menna:
847 2657 944 2712 tamdiu
956 2661 1023 2714 euim
1037 2662 1139 2730 portari
1145 2661 1212 2731 jam,
1230 2664 1328 2718 tamdiu

295 2775 375 2830 snper
386 2757 588 2814 commendatam
601 2756 744 2830 vigilarint
756 2755 887 2824 inbornni,
898 2758 967 2829 qnod
981 2758 1073 2815 veliem
1084 2762 1139 2831 jann
1150 2759 1184 2815 ab
1194 2763 1255 2832 ipsa
1265 2762 1327 2819 obe-

296 2859 395 2914 dientia
406 2858 513 2913 iibnrari
527 2861 615 2913 etistn
631 2858 789 2930 grauissimo
802 2857 952 2913 indumento
961 2859 1080 2930 spoliari.
1099 2859 1234 2916 Recordor
1245 2879 1328 2936 quan-

294 2965 348 3015 tnm
361 2962 389 3013 in
410 2957 538 3028 portando
557 2971 705 3024 onerosum,
724 2959 750 3011 in
770 2956 901 3012 domando
919 2958 1070 3029 superbum,
1089 2961 1114 3012 in
1129 2959 1243 3017 iurando
1257 2965 1327 3018 inir-

297 3075 373 3125 unum‚
388 3061 414 3112 in
426 3057 572 3113 coercendo
580 3057 675 3112 iactum
686 3058 712 3127 ³)
726 3055 854 3112 laborari.
875 3058 942 3122 Seis,
954 3059 1066 3126 domino,
1077 3063 1204 3131 quotiesc
1215 3065 1328 3133 puritate

297 3158 525 3229 contenpiatiouis
540 3155 674 3212 retrabere
683 3172 721 3212 me
729 3157 912 3224 contendebat,
926 3161 1030 3229 quoties
1040 3159 1329 3235 enitentissinneqnie-

298 3263 332 3314 tis
350 3272 415 3313 snae
436 3274 527 3312 sumno
545 3273 585 3312 me
603 3261 719 3312 excitare
737 3256 913 3324 obtendebat,
932 3265 1053 3330 quantum
1069 3265 1095 3314 et
1114 3264 1218 3332 quoties
1235 3265 1268 3334 ⁴)
1282 3264 1329 3319 du-

296 3360 378 3413 inrcm
396 3355 543 3430 ingerebat.
578 3358 627 3420 tini
647 3359 728 3430 igitur
747 3357 854 3424 tandiu,
872 3366 900 3412 nt
918 3363 1006 3430 potui,
1042 3365 1120 3431 pater
1141 3360 1328 3434 benignissime

295 3459 423 3533 pugnanti
444 3459 527 3512 restiti
546 3463 574 3512 ei
592 3466 638 3511 tna
650 3472 701 3527 ope
719 3460 853 3528 superari.
905 3460 971 3515 dte
985 3462 1060 3532 josto
1085 3469 1281 3520 remuneratore
1303 3471 1329 3521 et

237 3595 239 3600 ι
298 3563 342 3632 pio
365 3573 464 3630 poseo,
499 3573 531 3612 uc
552 3555 614 3611 rniiri
638 3555 665 3610 id
690 3556 758 3611 nitra
782 3557 960 3616 commendes:
996 3560 1044 3617 sed
1067 3561 1214 3632 depositum
1238 3564 1329 3620 reddo.

298 3657 454 3714 Gommcuda
478 3658 523 3712 aiii
550 3671 597 3712 nec
622 3672 662 3712 me
682 3659 709 3728 ⁸)
735 3658 781 3712 iiio
806 3658 876 3713 nitra
901 3660 1046 3732 impedias,
1082 3668 1108 3716 et
1125 3669 1329 3718 resurrecturum

297 3766 385 3814 nnrrct
407 3764 434 3813 ct
456 3757 561 3824 reddat,
597 3763 625 3810 ut
648 3757 732 3828 ipsum
758 3775 863 3830 quoqne
886 3763 1004 3816 meritum
1028 3763 1068 3830 sni
1088 3760 1188 3816 ieburis
1206 3765 1328 3834 recipias.

299 3857 399 3913 Terrae
417 3858 443 3911 id
463 3855 632 3924 commende,
672 3865 700 3912 nt
716 3873 756 3915 me
774 3861 886 3930 amptius
905 3853 1016 3933 uigilare
1036 3877 1087 3917 non
1114 3869 1237 3934 oporteat
1253 3872 1280 3919 et
1298 3865 1329 3920 ii-

298 3959 361 4014 bere
379 3959 413 4013 ad
431 3957 571 4014 insontem
591 3960 659 4014 ritae
679 3958 851 4015 indeficientis
875 3961 965 4032 gandii
983 3962 1092 4018 tendere
1112 3965 1260 4019 anxiantem
1280 3981 1329 4020 non

299 4057 416 4116 retrabat
434 4074 481 4113 nco
500 4058 633 4128 impediat.
677 4059 747 4114 Haeo
765 4060 937 4132 Augustinus.
984 4062 1030 4117 iiis
1052 4061 1128 4116 dietis
1147 4062 1275 4132 splendor
1292 4065 1331 4119 ni-

297 4163 364 4213 mius
382 4157 415 4212 de
433 4158 507 4215 coeio
528 4162 635 4214 veniens
652 4159 761 4214 dimidiu
780 4160 846 4214 incra
863 4175 920 4215 cuum
937 4160 1121 4225 circumdedit,
1139 4162 1179 4217 ita
1198 4167 1225 4216 ui
1245 4163 1331 4218 nuiins

347 4342 589 4396 iitd.i¹rinc.rnnleu
616 4359 688 4398 qnae
706 4345 748 4388 iin
768 4345 937 4398 aliqnando.
1013 4349 1111 4399 cintii:
1137 4346 1283 4395 nniiiinna.

294 4413 320 4462 3)
333 4410 378 4455 niti
396 4423 424 4454 ex
443 4410 528 4463 glossa:
555 4411 707 4459 lascivum.
798 4414 891 4466 matii.
910 4415 1113 4461 icntrsterectint:
1140 4415 1282 4461 iuberem.

295 4480 316 4531 b)
331 4479 369 4522 Ed.
385 4481 416 4524 i’r.
431 4493 465 4532 qn
475 4493 515 4523 ern
530 4482 623 4527 mannia.
