2842 5286
289 453 350 518 198
515 457 587 539 Cep.
608 459 711 518 xlvi.
754 459 799 520 De
820 467 918 519 uncto
939 459 1092 539 Gregorio.

288 613 417 688 quaedam
434 615 547 691 singulis
565 614 659 674 diebus
677 615 814 672 dominicis
838 615 917 673 besto
935 611 1066 687 Gregorio
1089 627 1172 686 penes
1190 613 1326 680 ollerebst,

289 717 331 772 oui
347 731 404 771 oum
426 733 475 788 per
496 717 633 772 missarum
653 715 793 773 sollemnia
814 730 911 787 corpus
930 712 1027 771 domini
1043 713 1153 772 offerret
1171 721 1199 772 et
1216 715 1326 772 diceret:

288 829 385 886 corpus
403 815 501 872 donini
522 817 607 872 nostri
622 815 686 873 lesu
706 815 805 872 Gbrirtl
827 813 948 887 proiciat
968 815 1017 871 tibi
1040 817 1067 872 in
1089 819 1168 872 vitun
1186 822 1327 881 aeterum

289 913 390 970 isacius
407 916 524 976 subsint.
558 915 606 972 ilie
622 918 744 972 continuo
763 915 897 972 deuterum
915 914 949 971 rb
970 915 1084 986 eiusoro
1100 923 1327 988 convertensprr-

291 1019 341 1070 tem
358 1015 429 1072 illam
450 1015 572 1071 dominici
594 1018 714 1088 corporis
733 1031 813 1087 super
835 1013 920 1070 altare
939 1013 1073 1086 deposuit,
1097 1015 1264 1088 postmodum
1283 1031 1328 1070 co-

233 1191 234 1194 *
291 1129 346 1170 rain
364 1115 462 1187 populo
478 1114 660 1188 interrogarit,
679 1132 755 1190 quum
773 1115 808 1170 ob
825 1129 931 1170 causam
951 1115 1040 1173 ridere
1056 1111 1267 1188 praesumserit?
1296 1117 1330 1171 at

291 1213 351 1270 illas
369 1217 434 1288 quia
449 1231 557 1285 punem,
580 1231 655 1287 φιιιιι
674 1217 789 1286 propriis
807 1213 925 1270 manibus
942 1215 1066 1282 feceram,
1084 1223 1112 1272 tr
1131 1229 1229 1288 corpus
1247 1215 1329 1271 domi-

290 1313 375 1371 nionrn
393 1314 557 1386 appellabas.
593 1314 668 1372 Tunc
691 1313 836 1388 Gregorius
854 1331 903 1386 pro
923 1314 1105 1372 incredulitate
1121 1315 1240 1371 mulieris
1258 1331 1289 1371 re
1304 1317 1330 1370 tn

292 1416 412 1470 oratione
433 1417 576 1485 prostrauit
599 1423 626 1472 ot
645 1429 758 1488 surgens
780 1415 931 1486 particulam
957 1414 1028 1471 iilum
1050 1419 1127 1488 panis
1151 1417 1237 1470 instar
1254 1414 1332 1487 digiti

291 1527 394 1570 carnem
420 1513 515 1570 lacurn
536 1517 635 1586 reperit
659 1518 746 1572 etsie
768 1525 912 1570 nauseam
936 1515 971 1570 nd
995 1513 1070 1571 idem
1093 1517 1204 1571 redurit
1241 1513 1333 1571 Grerit

293 1617 386 1670 lterum
405 1621 432 1671 et
448 1631 550 1672 caruem
573 1614 646 1671 illam
669 1617 696 1670 in
715 1631 807 1686 ponem
830 1629 982 1670 conversam
1000 1615 1065 1670 vidit
1088 1623 1114 1672 et
1130 1623 1269 1671 mutrerse
1286 1629 1332 1670 su·

293 1713 411 1772 ruendum
426 1713 545 1770 tradidit.
561 1743 597 1756 -
612 1746 647 1759 --
698 1721 751 1774 11.
779 1713 941 1778 Quibusdam
963 1715 1124 1786 principibus
1147 1719 1253 1790 aliquas
1270 1730 1332 1788 pre-

293 1815 378 1868 tiosas
401 1814 527 1886 reliquiar
553 1812 701 1886 petentibus
725 1814 913 1887 aliquantulum
936 1813 970 1870 de
993 1817 1078 1870 sancti
1099 1814 1227 1872 lobanulu
1251 1830 1334 1872 ersu-

293 1915 409 1986 geiistac
421 1911 562 1971 dalmatica
577 1913 682 1979 tribuit,
718 1914 790 1986 qnod
809 1913 850 1970 liii
868 1917 1042 1986 suseipienter
1061 1923 1183 1987 tauquam
1203 1916 1272 1972 viles
1291 1933 1331 1972 re-

295 2013 391 2084 liquiar
415 2025 472 2070 curn
494 2013 675 2087 indignatione
698 2016 779 2070 nirata
803 2013 888 2070 eidem
911 2013 1087 2070 reddiderunt
1127 2015 1202 2072 'inne
1225 2024 1335 2073 raudus

295 2109 440 2186 Gregorius
459 2115 578 2170 oratioue
601 2113 671 2170 iacta
693 2113 824 2169 cultellum
842 2117 919 2185 petiit
941 2122 967 2170 et
988 2128 1100 2185 pannum
1123 2115 1194 2172 illum
1213 2120 1336 2191 pupugit

293 2211 329 2268 de
346 2211 422 2284 cnjus
439 2211 623 2284 punctionibus
640 2217 750 2288 sanguis
767 2219 887 2286 protinus
906 2217 1048 2283 emanant,
1065 2215 1156 2288 sicque
1175 2232 1252 2288 quun
1271 2231 1334 2288 pre·

294 2315 381 2369 tiosae
398 2320 488 2370 esseut
507 2314 644 2386 reliquiae,
662 2313 787 2370 diuinitus
805 2321 846 2370 est
865 2323 1007 2374 ostensum.
1031 2345 1064 2356 —-
1080 2347 1114 2358 -
1147 2321 1204 2377 18·
1223 2316 1336 2379 liuidum

295 2413 403 2469 diuitum
420 2411 594 2470 Romanorum
613 2413 706 2469 relicta
725 2415 841 2486 conjoge
863 2414 952 2470 luerat
975 2413 1131 2486 apontilice
1155 2417 1337 2472 commuuione

295 2515 427 2584 priuatus,
443 2511 514 2584 quod
532 2513 578 2569 ilie
595 2513 780 2569 molestissime
800 2513 901 2580 lenens,
920 2513 967 2570 sed
985 2517 1166 2570 auctoritatem
1182 2517 1249 2570 tenti
1266 2533 1334 2587 pon·

294 2611 372 2668 tiicir
389 2626 518 2669 evacuare
535 2630 587 2669 nou
606 2613 697 2669 ualens
714 2628 849 2685 magorum
868 2613 996 2686 suffragia
1011 2617 1157 2686 requisivit,
1176 2617 1220 2688 qui
1238 2619 1337 2672 seruis

294 2711 452 2769 carminibus
470 2727 553 2784 agere
571 2714 759 2783 promiserunt,
775 2720 804 2770 ut
822 2715 937 2769 immisso
956 2717 1083 2769 daemone
1099 2713 1198 2769 tsrndiu
1214 2713 1337 2771 eubulius

295 2811 426 2886 pontilicis
443 2821 592 2878 vereretur,
610 2829 747 2884 quousque
762 2829 818 2867 curn
836 2828 943 2870 sessore
963 2829 1011 2869 suo
1029 2803 1230 2885 periclitaretur.
1257 2813 1336 2870 (lurr-

296 2928 347 2985 que
358 2911 502 2984 Gregorius
519 2911 662 2983 aliquande
675 2928 755 2982 super
763 2913 893 2968 cebalinus
905 2929 978 2969 suum
991 2914 1125 2978 transiret,
1141 2913 1257 2969 immisso
1269 2912 1335 2971 dee-

296 3013 452 3085 moueursgi
471 3011 529 3084 elur
552 3028 645 3084 equom
656 3019 708 3067 ιιιιι
720 3011 923 3068 sortiteruerurl
935 3013 1061 3080 iecerunt,
1080 3015 1283 3086 uinoquaquaru
1302 3015 1338 3070 ab

295 3111 384 3184 aliquo
401 3113 486 3167 teneri
502 3111 609 3168 valeret
651 3111 727 3166 Tunc
743 3107 888 3182 Gregorius
906 3111 1039 3167 revelante
1059 3114 1154 3182 spiritu
1171 3093 1338 3184 dynunirenn

294 3212 481 3267 bomissioneun
497 3223 660 3283 cognoscens
679 3211 750 3266 ieme
766 3211 850 3266 crucis
868 3213 1005 3284 signaculo
1020 3219 1073 3267 taur
1086 3210 1216 3266 caballum
1228 3225 1246 3267 e
1257 3227 1339 3283 prse-

296 3313 365 3367 sentl
382 3309 456 3366 rabie
475 3309 612 3377 liberauit,
647 3325 723 3382 quam
745 3310 878 3365 maleficos
902 3319 1032 3383 perpetus
1050 3312 1178 3367 caeeime
1195 3311 1340 3376 mulctavit,

296 3411 341 3483 qui
359 3417 458 3466 reatum
475 3425 549 3465 sunm
566 3407 720 3464 conitentes
744 3409 777 3494 agi
802 3413 871 3466 sacri
895 3409 1019 3482 baptismi
1041 3411 1154 3484 gratisne
1172 3411 1339 3482 postmodum

296 3516 478 3580 peruenerunt.
519 3507 620 3571 ouius
637 3507 737 3569 lumen.
768 3526 802 3566 ne
825 3519 907 3566 eutem
932 3513 1059 3584 magicum
1078 3509 1241 3582 relegerent,
1260 3511 1339 3567 reddi

296 3591 392 3674 noluit,
418 3623 465 3665 eor
483 3613 570 3663 Geren
588 3607 769 3666 ecclesiastico
788 3609 907 3665 subsidio
926 3613 1019 3667 nutriri
1037 3611 1179 3681 praecepit.
1197 3639 1233 3650 -
1249 3637 1286 3651 -
1303 3639 1341 3652 —-

297 3713 351 3769 14.
369 3707 480 3781 Legitur
498 3723 602 3782 quoquc
623 3709 650 3762 in
669 3707 737 3763 libro
778 3711 821 3781 qni
840 3726 858 3764 a
876 3709 983 3766 Graecis
1004 3709 1102 3780 meon
1126 3707 1232 3776 dieitur,
1266 3710 1341 3782 quod

295 3807 398 3874 abbas,
434 3809 478 3880 qni
500 3815 623 3878 praeerat
644 3811 804 3864 monasterio
822 3813 907 3864 sancti
931 3808 1066 3884 Gregorii,
1096 3808 1180 3865 cidem
1200 3811 1341 3875 nuntiarit,

296 3906 491 3978 quodquidam
513 3905 656 3963 monachus
679 3923 762 3979 penes
787 3925 816 3965 se
840 3913 995 3966 numismata
1018 3911 1071 3964 tris
1094 3907 1213 3964 baberet.
1256 3905 1339 3972 Quem

297 4004 442 4079 Gregorius
464 4005 499 4062 ad
521 4005 633 4063 aliorum
651 4012 780 4064 terrorem
802 4013 1040 4067 eucornmnuicauit
1085 4007 1250 4066 Postmodum
1273 4024 1339 4063 uero

296 4107 420 4176 temporis
438 4105 521 4162 irater
538 4110 648 4163 moriar
663 4114 755 4164 raudo
776 4106 907 4183 Gregorio
925 4112 1071 4175 nesciente,
1090 4111 1135 4182 qui
1154 4110 1246 4175 ἰιιιιιι,
1267 4105 1340 4181 qnod

295 4207 353 4260 sine
371 4203 537 4262 absolutione
548 4213 664 4263 monens
682 4212 777 4271 iuerat,
795 4213 941 4267 orationem
954 4211 980 4264 in
998 4207 1133 4280 epitapbio
1151 4209 1267 4279 seripsit,
1286 4223 1341 4279 qus

296 4321 353 4359 eum
371 4303 405 4360 ub
423 4308 697 4363 excommnuicationis
714 4309 817 4364 uinculo
837 4309 1002 4366 absolvebat.
1037 4307 1117 4364 Dedit
1135 4322 1192 4364 οιιιι
1209 4309 1255 4363 uul
1273 4307 1343 4379 dya-

294 4418 417 4460 conornn
436 4407 602 4479 praecipiens
641 4412 668 4462 ut
686 4423 741 4465 ean
759 4424 840 4480 super
857 4408 960 4465 toccum
982 4408 1074 4465 fratris
1092 4407 1207 4466 defuncti
1226 4409 1339 4485 legeret.
