2828 5302
198 463 272 542 Cup.
296 459 424 522 ccxlv.
467 455 607 540 Legenda
628 455 717 520 meti
739 455 871 519 'l'lromae
889 457 928 519 do
948 457 1072 538 Aquino.
1115 462 1177 530 919

138 704 255 734 sparsere
267 704 318 734 sum
330 689 410 745 stipite
422 688 493 740 ignito
505 687 600 741 leserit.
626 688 692 734 tlnde
708 701 737 732 ex
753 688 797 732 heo
812 687 909 734 victorie
928 688 973 732 tele
992 686 1076 735 dorsum
1095 705 1108 738 s
1128 698 1178 738 neo

138 764 274 802 sossenstus
286 765 334 810 est,
351 763 378 800 ut
395 756 483 801 nullum
501 756 618 801 stimulum
629 755 757 813 voluptatis
768 768 880 800 venerere
893 764 972 812 postes
985 758 1087 806 senserit.
1113 765 1177 805 l'ost-

138 841 207 879 qnem
221 831 297 869 entem
310 823 414 869 redditus
427 831 462 869 est
475 824 558 878 ordini,
570 824 653 871 missus
666 832 701 868 est
714 823 837 877 coloniern,
851 825 891 869 ubi
903 825 1001 870 docebat
1009 825 1178 883 philosophiam

138 901 161 941 st
175 893 312 946 tlseoloqiesn
325 892 406 938 doctor
417 894 526 939 strenus
539 905 633 946 munus
647 890 748 945 eiusdem
766 890 852 936 ordinis
870 892 995 948 professor,
1013 907 1026 935 e
1043 907 1089 947 quo
1106 895 1178 951 pluri-

138 975 200 1006 musu
212 961 315 1006 eruditus
327 969 363 1006 eet
375 962 451 1018 spstio
463 973 574 1006 snnoruru
585 964 626 1005 xl.
652 963 707 1005 cuns
719 970 775 1002 sero
789 958 901 1010 ettiqisset
913 965 1006 1006 mn.
1019 975 1102 1006 snnum
1115 971 1177 1010 sete·

138 1030 168 1074 tie
186 1044 253 1082 enee,
277 1029 375 1075 rerisios
398 1029 481 1074 missus
505 1027 597 1081 eredum
623 1027 806 1072 beoeeleurestus
822 1027 847 1072 in
863 1028 976 1081 theologis
995 1029 1103 1086 suscepit.
1133 1031 1176 1088 (tui

138 1113 189 1142 oum
203 1097 349 1142 laudebiliter
361 1096 454 1149 legisset
467 1096 591 1140 senteutise
604 1100 627 1139 et
640 1093 746 1139 omnibus
764 1100 826 1140 esset
841 1095 981 1140 senessbilis
997 1105 1092 1154 psopter
1104 1099 1177 1144 sdssi·

138 1163 223 1210 rsbiles
235 1165 393 1220 questionum
406 1162 544 1214 solutiones.
561 1168 674 1208 essumtus
690 1167 726 1206 est
744 1162 768 1207 in
786 1163 939 1215 munisterium
955 1177 1032 1210 sesree
1050 1167 1179 1221 theologies

138 1245 198 1277 enno
212 1245 265 1277 sure
278 1231 360 1278 setstis
371 1235 444 1277 m.
469 1231 514 1291 Qui
529 1230 613 1275 visens
631 1230 748 1276 dumtsxst
766 1236 847 1286 postes
866 1235 909 1276 XX
927 1247 1011 1288 ennos,
1029 1236 1141 1282 aesinus
1153 1242 1178 1283 et

138 1299 303 1356 pululserriesos
317 1297 390 1346 libros
402 1299 543 1355 oosnposuitp
560 1298 600 1354 qui
616 1297 669 1343 libri
687 1297 736 1344 lere
752 1299 867 1356 complent
886 1301 1039 1346 eenteueriuru
1052 1317 1177 1352 numerum.

138 1369 221 1411 ltebuit
240 1375 315 1412 sutem
334 1374 421 1413 teuteus
439 1372 514 1412 elleo
527 1367 632 1419 entium,
647 1373 674 1410 ut
693 1366 763 1414 dubis
780 1366 832 1414 eliis
849 1367 940 1413 seruile
955 1384 998 1425 per
1015 1372 1178 1418 revolutionem

137 1437 180 1480 nsi
196 1435 360 1493 apparentibus
377 1436 399 1482 ei
416 1436 492 1482 beetis
505 1440 570 1480 l’etru
587 1440 609 1480 et
623 1433 693 1478 reule
706 1442 859 1489 eornusosrst.
883 1437 1050 1484 lneendebetur
1062 1441 1123 1486 enim
1134 1443 1177 1487 nei

138 1516 214 1549 surore
233 1511 256 1548 et
273 1503 306 1550 ite
324 1503 455 1561 repiebetur
472 1503 497 1548 in
515 1501 708 1558 contenplssium
725 1503 883 1558 mysteriorum
900 1503 1041 1560 divinorum,
1065 1516 1090 1552 ut
1108 1512 1178 1555 etiem

138 1571 280 1618 eosnedendu
294 1572 353 1617 circe
366 1571 406 1615 ille
419 1571 528 1624 rogitent
544 1578 568 1616 et
586 1569 698 1618 exsistens
716 1569 740 1616 in
758 1585 837 1616 mense
854 1570 926 1618 ssirsti
938 1573 1049 1619 udovici
1062 1577 1120 1630 repis
1134 1595 1177 1634 pn·

137 1647 196 1686 teret
213 1655 239 1686 se
257 1653 308 1686 esse
326 1641 350 1684 in
368 1640 446 1686 studio
465 1646 488 1685 et
506 1639 564 1685 uelle
582 1651 631 1685 eus.
656 1638 791 1696 Speuieliter
803 1639 872 1685 etiem
885 1639 998 1696 sdjutorio
1011 1641 1091 1691 divino
1104 1647 1177 1693 fretus

137 1708 293 1763 quaestionem
311 1706 470 1753 dillieillimsrn
492 1706 522 1753 de
545 1715 685 1753 uersmsnto
707 1708 810 1766 eorporis
830 1705 912 1754 eluisti
935 1709 1041 1756 omnibus
1063 1713 1177 1766 menistris

136 1777 299 1824 t’erisieusiuus
316 1777 418 1832 irsoum
435 1777 568 1822 deeleresit.
592 1775 634 1821 lliu
652 1775 733 1822 doctor
750 1775 852 1830 serenius
864 1775 889 1821 iu
907 1777 990 1822 eostssi
1003 1784 1026 1824 et
1039 1778 1176 1827 elienstione

135 1846 220 1892 sirium
232 1846 392 1892 sensitiserssnr
405 1853 480 1891 mente
492 1843 623 1898 trementer
635 1845 740 1902 epperuit
754 1843 778 1890 in
788 1851 864 1890 Deum
876 1844 988 1901 elerstus,
1001 1860 1096 1906 corpore
1106 1851 1176 1897 etism

135 1915 200 1962 visus
218 1922 254 1962 est
269 1916 299 1968 in
310 1914 413 1960 oretioes
431 1913 543 1960 exsistens
561 1925 608 1958 uno
620 1913 698 1958 subito
712 1921 734 1958 et
746 1913 870 1969 eliquendo
884 1913 976 1960 duobus
988 1929 1001 1958 e
1014 1922 1074 1962 terre
1087 1932 1176 1965 sursum

135 1984 216 2032 leseri.
242 1984 352 2046 Quotiens
371 1990 445 2028 eutem
465 1981 502 2026 sir
519 1987 610 2026 annus
624 1980 752 2038 disputare,
768 1982 855 2035 lesere,
872 1981 973 2028 scribere
991 1983 1080 2040 eliquit
1096 1987 1175 2042 vellet,

136 2053 199 2110 prius
218 2052 250 2097 ed
265 2051 391 2097 oretionens
408 2051 519 2096 suoedens
536 2049 668 2094 inveniebat
685 2049 719 2095 siu
731 2049 755 2094 iu
769 2058 869 2106 promtu,
887 2051 949 2106 quod
965 2054 1099 2108 queerelset,
1116 2070 1143 2100 se
1155 2057 1175 2103 si

135 2123 160 2166 in
173 2121 233 2165 lilrro
247 2121 338 2174 tereres.
365 2119 415 2163 ruit
426 2119 519 2176 insuper
532 2125 608 2162 tentus
622 2130 685 2164 susos
697 2132 765 2162 verse
775 2117 908 2175 septennes,
920 2127 947 2164 ut
956 2119 1175 2179 eruliepisoopstum

135 2189 320 2246 neapoliterram,
344 2187 375 2233 ed
393 2202 460 2242 quens
479 2201 530 2232 euru
548 2187 642 2232 volebet
667 2199 804 2243 promovere
827 2186 933 2232 dominus
956 2186 1059 2234 clemens
1081 2199 1175 2245 qusrtus

134 2273 207 2314 pepe,
219 2256 357 2302 reeusererit
370 2262 392 2301 et
404 2253 511 2300 homiliss
524 2255 676 2310 Chrysostossi
690 2265 759 2311 super
768 2255 908 2300 lietthseurn
921 2255 1068 2312 preeelererit
1087 2260 1177 2306 eisiteti

134 2324 261 2379 terisiensi,
274 2332 296 2370 et
308 2324 417 2368 retionem
431 2322 530 2368 reddens
543 2322 600 2366 dixit
608 2322 729 2368 tratribus,
743 2323 826 2370 oisitss
835 2324 898 2376 esec,
911 2324 932 2369 si
942 2331 1003 2370 esset
1011 2341 1069 2381 uses,
1081 2335 1176 2386 propter

134 2409 211 2440 eureus
228 2392 345 2447 retinninis
362 2392 419 2438 ruilri
436 2393 534 2450 eriperet
556 2391 770 2446 sontempletiunern
793 2391 924 2437 divinorum
948 2400 972 2437 et
994 2395 1174 2443 consolationem

136 2463 205 2508 enimi
219 2462 351 2521 impediret,
371 2476 438 2516 quem
456 2460 568 2517 seriptum
583 2468 661 2505 senote
674 2459 753 2506 donet.
777 2461 880 2506 'rendesn
892 2475 949 2508 sero
961 2463 1006 2508 iste
1019 2462 1099 2509 tumor
1111 2479 1175 2518 exro-

134 2531 184 2585 sius
197 2532 280 2576 florens
294 2531 388 2575 seientis
402 2537 424 2574 et
437 2528 540 2574 doctrine
553 2529 655 2574 eminens
666 2536 763 2575 vooetus
775 2543 817 2586 per
829 2529 960 2582 Gresoriuru
969 2530 1081 2576 deoiruuns
1089 2549 1174 2591 peperu

134 2600 165 2645 sd
178 2599 282 2653 sensrsle
295 2599 429 2652 concilium,
447 2598 510 2654 quod
529 2597 667 2644 celebretusn
685 2597 728 2642 fuit
745 2598 848 2651 Lugduni
867 2598 969 2644 celendis
986 2599 1041 2656 ltsii
1059 2615 1119 2646 snuo
1132 2603 1175 2647 do·

134 2667 191 2712 rnini
203 2671 365 2720 Mccmlv,
384 2666 443 2712 obiit
461 2666 485 2711 in
502 2667 584 2712 itinere
596 2666 621 2711 in
633 2666 771 2712 monesterio
784 2673 866 2712 Posses
879 2672 956 2714 rom
969 2669 1124 2715 cistersiensis
1136 2685 1175 2716 or-

134 2735 196 2781 dinis
212 2735 381 2780 'lemoinensis
398 2735 517 2790 dyoecesis
533 2735 600 2781 uonis
617 2735 693 2779 teet-tii
711 2735 793 2782 setstis
811 2750 865 2782 essse
884 2749 944 2782 enno
963 2737 1121 2786 Lieolsosnte.
1147 2744 1175 2784 ln

134 2803 201 2848 obitu
218 2809 294 2849 sutesn
307 2805 356 2859 ejus
368 2817 414 2849 non
426 2803 548 2850 'defuerunt
560 2803 624 2857 sirm
637 2803 753 2857 mirende,
770 2819 831 2860 quse
849 2805 921 2850 sensti
934 2806 1035 2852 doneris
1047 2806 1175 2853 indicerent

134 2874 220 2918 exitum
238 2886 267 2915 ex
285 2871 328 2916 ltus
347 2873 432 2918 mundo
450 2879 474 2917 et
486 2879 591 2918 seternee
605 2887 659 2918 enee
672 2872 789 2917 ieliuitstis
802 2871 1093 2923 demonstrsrentiuitium.
1117 2880 1174 2922 ilem

134 2941 201 2985 stelle
219 2939 333 2995 qusedeus
351 2940 381 2985 ed
398 2941 489 2984 modurn
509 2950 610 2987 cometee
628 2941 701 2987 tribus
718 2941 801 2986 dielsus
820 2948 872 2987 este
890 2942 990 2988 doctoris
1003 2944 1092 2989 obitum
1106 2959 1175 3000 super

133 3009 195 3055 idem
209 3009 370 3054 monesterium
387 3009 437 3053 viss
456 3007 500 3052 luit
519 3011 588 3055 etiesn
606 3011 631 3054 in
643 3011 693 3065 dis,
712 3023 770 3064 quse
789 3017 868 3056 ssnoto
886 3011 979 3056 doctore
997 3012 1107 3065 migrente
1125 3014 1175 3058 dis·

133 3077 216 3135 peruit.
245 3076 354 3122 llousinus
373 3077 442 3123 etiem
458 3077 566 3122 tibertus
585 3092 679 3131 sneqnus
698 3078 804 3124 coloniee
821 3078 846 3123 in
861 3093 939 3126 rneues
961 3080 1073 3126 exsistens
1096 3083 1173 3139 eoepit

133 3146 210 3192 subito
224 3145 341 3202 lesryrusri
354 3146 457 3202 dixitque
469 3147 643 3208 essistestibusi
660 3147 731 3194 lester
751 3148 851 3195 Thonis
868 3147 898 3194 de
915 3148 1017 3204 equino,
1034 3149 1095 3196 filins
1109 3165 1174 3197 meus

133 3216 157 3260 in
170 3213 265 3268 christo.
278 3214 318 3269 qui
330 3214 374 3259 tuis
387 3214 463 3260 iumen
476 3213 594 3269 seolseiee,
607 3229 637 3260 ex
648 3215 691 3260 lue
704 3215 754 3261 luoe
766 3216 835 3261 lsoslie
847 3217 961 3270 mimive.
986 3219 1173 3275 Supprioretiem

132 3290 216 3330 rosere
234 3288 311 3328 ttosse
329 3282 419 3340 petiens
436 3283 462 3328 iss
482 3283 555 3331 oeulis
571 3282 620 3328 lere
638 3285 791 3331 omnimodum
810 3285 943 3332 cseeitstesn
959 3286 1044 3332 emisso
1060 3294 1117 3332 suto
1130 3288 1173 3332 ed-

131 3353 215 3399 duetss
233 3351 264 3396 ed
280 3351 423 3408 sepulelsrusn
441 3353 514 3398 sensti
532 3353 634 3398 Thomee
653 3360 676 3398 et
693 3368 760 3400 orsus
778 3359 849 3400 neuun
866 3355 952 3402 meritis
970 3355 1005 3402 sui
1023 3354 1173 3401 sennlvinu

132 3419 268 3466 lseneliuiuss
281 3420 365 3477 recepit
379 3428 402 3465 et
416 3420 523 3466 elemssit
535 3435 611 3467 eornm
624 3429 674 3466 tuto
686 3431 815 3468 conventus
827 3423 962 3468 benedictus
976 3429 1050 3477 Deus,
1068 3425 1108 3480 qui
1124 3438 1173 3470 nse-

131 3491 182 3536 ritis
201 3488 273 3537 unuti
291 3489 394 3536 Tlsornse
411 3489 472 3536 olere
489 3504 526 3534 sne
538 3490 618 3535 ridere
630 3490 692 3537 teuit.
719 3495 745 3534 rt
758 3491 827 3544 tonsu
839 3498 942 3549 tempore
954 3499 1007 3548 post
1019 3491 1102 3538 virens
1116 3497 1170 3538 llus·

131 3558 267 3604 lsretieensis
285 3556 394 3602 e‘eolesiee
412 3557 486 3604 terius
505 3564 541 3604 est
559 3558 689 3615 episeopus.
719 3559 866 3604 lturilestum
884 3573 973 3616 quoque
992 3558 1124 3606 ntrsmtne
1147 3560 1172 3606 in

132 3628 222 3672 duabus
244 3625 431 3672 trsnslstionibus
456 3625 514 3671 ssuri
538 3627 639 3684 eorporis
664 3627 727 3671 besti
750 3627 852 3672 'rhome
872 3628 984 3684 apperuit.
1014 3633 1047 3673 Ex
1066 3642 1094 3674 eo
1110 3629 1172 3674 enim

131 3696 218 3754 prodiit
237 3696 295 3740 odor
313 3694 461 3740 sseeissisnus
479 3703 501 3740 et
518 3693 722 3748 fruerentissimus,
740 3696 803 3750 quod
821 3695 909 3749 sisnusn
927 3695 971 3742 luit
990 3697 1099 3744 soieutise
1116 3712 1172 3744 essee

132 3763 294 3810 diffundendee
307 3778 349 3820 per
359 3770 432 3809 totum
445 3765 536 3819 orbem,
549 3773 573 3810 et
585 3765 667 3822 ipsum,
681 3765 736 3810 durs
748 3764 850 3818 viseret,
866 3765 994 3810 redoluisse
1006 3766 1112 3812 omnihus
1124 3767 1171 3812 sir·

131 3835 226 3881 tutibus.
252 3832 332 3878 llullus
350 3831 412 3877 enisu
426 3832 535 3879 stimulus
547 3833 668 3892 superbier
681 3849 723 3878 nee
736 3834 818 3889 eliquis
831 3834 906 3879 foetor
920 3836 1070 3891 eujmmnque
1083 3835 1172 3893 peoeeti

128 3903 234 3948 usurtslis
247 3914 275 3948 eo
287 3901 381 3962 sireute
394 3899 473 3950 exirit.
499 3908 585 3963 Questo
598 3903 687 3948 decimo
701 3903 769 3949 etiem
782 3917 841 3948 enno
854 3903 884 3946 els
897 3906 946 3956 eius
959 3902 1021 3947 lelioi
1034 3903 1106 3957 obitu,
1119 3918 1172 3950 uuus

132 3972 246 4029 pretiosus
264 3971 381 4017 tlsrseurus
399 3969 457 4017 esuri
476 3972 578 4028 eorporis
596 3972 724 4030 peteluotus
741 3979 813 4025 esset,
830 3971 949 4016 inventum
969 3978 1004 4017 est
1016 3984 1099 4029 corpus
1112 3971 1173 4018 inte-

131 4055 194 4095 rrum
207 4039 316 4084 membris
328 4046 351 4084 et
363 4039 445 4096 pennis
458 4041 494 4085 sui
506 4041 598 4085 lsebitus
612 4041 706 4095 soleque
718 4040 769 4086 nesi
786 4042 903 4086 summites
920 4039 1037 4096 psululrun
1055 4040 1172 4086 deminute

124 4109 181 4154 ¹vise
194 4115 237 4154 est.
263 4108 326 4154 odor
339 4122 429 4163 quoque
441 4116 518 4154 tentus
533 4108 658 4162 eussnesit,
675 4115 701 4152 ut
720 4122 799 4154 omnes
818 4107 923 4156 moneohi
941 4107 996 4153 inde
1012 4109 1104 4154 exeiteti
1118 4123 1171 4153 sues

130 4177 201 4223 uelles
214 4177 301 4222 exirent
314 4177 345 4222 ed
356 4177 482 4223 videndum
494 4185 581 4223 tentum
594 4175 734 4222 uinculum.
759 4177 866 4233 Ejusdem
884 4177 942 4224 seori
960 4177 1062 4235 eorporis
1080 4191 1171 4223 suenusn

130 4245 234 4292 dextreus
247 4245 339 4291 dosnine
351 4246 473 4292 ‘theodore
487 4245 603 4291 ousnitisse
616 4243 700 4303 petivit
712 4245 742 4288 els
756 4245 840 4291 ebbete
853 4246 984 4292 monesterii
997 4250 1172 4299 losseeltosse,

129 4331 198 4372 quus
210 4329 256 4362 uon
269 4314 345 4374 potuit
357 4314 457 4361 evellere
469 4316 552 4361 leviter
569 4330 583 4361 e
600 4328 708 4372 corpore.
724 4314 829 4368 quemvis
845 4317 891 4370 ism
909 4313 975 4360 snnis
993 4319 1046 4360 xlv
1063 4314 1172 4372 iseuisset

129 4384 154 4428 in
171 4391 243 4438 terre,
260 4384 302 4430 sed
318 4384 448 4443 uouspulsus
466 4399 515 4430 erm
533 4385 594 4430 ferro
613 4383 769 4438 defloruerit,
786 4399 845 4438 quse
862 4383 989 4429 nuendum
1008 4383 1102 4429 odorere
1120 4397 1172 4428 ιιιι

129 4453 290 4500 emerentibus
303 4451 443 4504 effundebet.
468 4453 534 4500 truite
546 4452 704 4510 mquidem
722 4447 870 4507 viennense
888 4451 964 4498 teme
981 4465 1041 4498 enno
1059 4451 1089 4496 eb
1105 4449 1172 4497 obitu
