<?xml version="1.0" encoding="UTF-8"?>
<!DOCTYPE html PUBLIC "-//W3C//DTD XHTML 1.0 Transitional//EN"
    "http://www.w3.org/TR/xhtml1/DTD/xhtml1-transitional.dtd">
<html xmlns="http://www.w3.org/1999/xhtml" xml:lang="en" lang="en">
 <head>
  <title>
</title>
<meta http-equiv="Content-Type" content="text/html;charset=utf-8" />
  <meta name='ocr-system' content='tesseract 3.04.00' />
  <meta name='ocr-capabilities' content='ocr_page ocr_carea ocr_par ocr_line ocrx_word'/>
</head>
<body>
  <div class='ocr_page' id='page_1' title='image "./jacobiavoragine00jacogoog_0242.png"; bbox 0 0 2842 5286; ppageno 0'>
   <div class='ocr_carea' id='block_1_1' title="bbox 254 493 1088 578">
    <p class='ocr_par' dir='ltr' id='par_1_1' title="bbox 254 493 1088 578">
     <span class='ocr_line' id='line_1_1' title="bbox 254 493 1088 578; baseline -0.001 -23"><span class='ocrx_word' id='word_1_1' title='bbox 254 497 326 578; x_wconf 85' lang='lat' dir='ltr'><strong>Cap.</strong></span> <span class='ocrx_word' id='word_1_2' title='bbox 345 497 396 556; x_wconf 91' lang='lat' dir='ltr'><strong>Ll.</strong></span> <span class='ocrx_word' id='word_1_3' title='bbox 440 498 484 556; x_wconf 85' lang='lat' dir='ltr'><strong>De</strong></span> <span class='ocrx_word' id='word_1_4' title='bbox 505 496 725 556; x_wconf 76' lang='lat' dir='ltr'><strong>annuntiatione</strong></span> <span class='ocrx_word' id='word_1_5' title='bbox 747 495 898 556; x_wconf 81' lang='lat' dir='ltr'><strong>dominica.</strong></span> <span class='ocrx_word' id='word_1_6' title='bbox 1029 493 1088 554; x_wconf 78' lang='lat'><strong>221</strong></span> 
     </span>
    </p>
   </div>
   <div class='ocr_carea' id='block_1_2' title="bbox 51 651 1094 4296">
    <p class='ocr_par' dir='ltr' id='par_1_2' title="bbox 51 651 1092 810">
     <span class='ocr_line' id='line_1_2' title="bbox 51 651 1092 728; baseline -0.001 -19"><span class='ocrx_word' id='word_1_7' title='bbox 51 653 188 709; x_wconf 71' lang='lat' dir='ltr'><strong>enrricula</strong></span> <span class='ocrx_word' id='word_1_8' title='bbox 207 651 278 709; x_wconf 85' lang='lat' dir='ltr'><strong>Dens</strong></span> <span class='ocrx_word' id='word_1_9' title='bbox 295 651 376 708; x_wconf 84' lang='lat' dir='ltr'><strong>nulia</strong></span> <span class='ocrx_word' id='word_1_10' title='bbox 392 659 518 726; x_wconf 84' lang='lat' dir='ltr'><strong>operatus</strong></span> <span class='ocrx_word' id='word_1_11' title='bbox 536 659 591 721; x_wconf 91' lang='lat' dir='ltr'><strong>est,</strong></span> <span class='ocrx_word' id='word_1_12' title='bbox 623 668 691 727; x_wconf 82' lang='lat' dir='ltr'><strong>qnae</strong></span> <span class='ocrx_word' id='word_1_13' title='bbox 709 652 813 727; x_wconf 84' lang='lat' dir='ltr'><strong>quiden</strong></span> <span class='ocrx_word' id='word_1_14' title='bbox 837 655 954 728; x_wconf 74' lang='lat' dir='ltr'>egregiis</span> <span class='ocrx_word' id='word_1_15' title='bbox 973 652 1092 709; x_wconf 84' lang='lat' dir='ltr'><strong>uersibus</strong></span> 
     </span>
     <span class='ocr_line' id='line_1_3' title="bbox 51 749 279 810; baseline 0.013 -5"><span class='ocrx_word' id='word_1_16' title='bbox 51 753 94 806; x_wconf 86' lang='lat' dir='ltr'><strong>sic</strong></span> <span class='ocrx_word' id='word_1_17' title='bbox 113 749 279 810; x_wconf 70' lang='lat' dir='ltr'><strong>declaravit:</strong></span> 
     </span>
    </p>

    <p class='ocr_par' dir='ltr' id='par_1_3' title="bbox 192 847 899 926">
     <span class='ocr_line' id='line_1_4' title="bbox 192 847 899 926; baseline -0.003 -17"><span class='ocrx_word' id='word_1_18' title='bbox 192 852 273 909; x_wconf 76' lang='lat' dir='ltr'><strong>Salve</strong></span> <span class='ocrx_word' id='word_1_19' title='bbox 286 852 361 924; x_wconf 81' lang='lat' dir='ltr'><strong>juste</strong></span> <span class='ocrx_word' id='word_1_20' title='bbox 379 849 437 908; x_wconf 88' lang='lat' dir='ltr'><strong>dics</strong></span> <span class='ocrx_word' id='word_1_21' title='bbox 455 867 523 926; x_wconf 77' lang='lat' dir='ltr'><strong>qaae</strong></span> <span class='ocrx_word' id='word_1_22' title='bbox 544 847 651 908; x_wconf 81' lang='lat' dir='ltr'><strong>uulnera</strong></span> <span class='ocrx_word' id='word_1_23' title='bbox 669 858 760 908; x_wconf 87' lang='lat' dir='ltr'><strong>nostra</strong></span> <span class='ocrx_word' id='word_1_24' title='bbox 776 853 899 908; x_wconf 83' lang='lat' dir='ltr'><strong>coerceat</strong></span> 
     </span>
    </p>

    <p class='ocr_par' dir='ltr' id='par_1_4' title="bbox 191 950 944 1026">
     <span class='ocr_line' id='line_1_5' title="bbox 191 950 944 1026; baseline -0.005 -18"><span class='ocrx_word' id='word_1_25' title='bbox 191 951 311 1026; x_wconf 73' lang='lat' dir='ltr'><strong>Angelus</strong></span> <span class='ocrx_word' id='word_1_26' title='bbox 329 959 371 1008; x_wconf 84' lang='lat' dir='ltr'><strong>est</strong></span> <span class='ocrx_word' id='word_1_27' title='bbox 387 954 491 1020; x_wconf 77' lang='lat' dir='ltr'><strong>niseus,</strong></span> <span class='ocrx_word' id='word_1_28' title='bbox 510 959 551 1010; x_wconf 88' lang='lat' dir='ltr'><strong>est</strong></span> <span class='ocrx_word' id='word_1_29' title='bbox 566 967 661 1025; x_wconf 85' lang='lat' dir='ltr'><strong>passus</strong></span> <span class='ocrx_word' id='word_1_30' title='bbox 679 953 705 1007; x_wconf 95' lang='lat' dir='ltr'><strong>ln</strong></span> <span class='ocrx_word' id='word_1_31' title='bbox 723 967 800 1007; x_wconf 90' lang='lat' dir='ltr'><strong>eruce</strong></span> <span class='ocrx_word' id='word_1_32' title='bbox 815 950 944 1017; x_wconf 83' lang='lat' dir='ltr'><strong>Christus,</strong></span> 
     </span>
    </p>

    <p class='ocr_par' dir='ltr' id='par_1_5' title="bbox 191 1049 846 1122">
     <span class='ocr_line' id='line_1_6' title="bbox 191 1049 846 1122; baseline -0.005 -16"><span class='ocrx_word' id='word_1_33' title='bbox 191 1049 239 1106; x_wconf 79' lang='lat' dir='ltr'><strong>list</strong></span> <span class='ocrx_word' id='word_1_34' title='bbox 256 1049 337 1106; x_wconf 79' lang='lat' dir='ltr'><strong>Adeas</strong></span> <span class='ocrx_word' id='word_1_35' title='bbox 357 1051 442 1107; x_wconf 84' lang='lat' dir='ltr'><strong>iactus</strong></span> <span class='ocrx_word' id='word_1_36' title='bbox 459 1059 486 1107; x_wconf 92' lang='lat' dir='ltr'><strong>et</strong></span> <span class='ocrx_word' id='word_1_37' title='bbox 503 1051 595 1108; x_wconf 85' lang='lat' dir='ltr'><strong>cedern</strong></span> <span class='ocrx_word' id='word_1_38' title='bbox 613 1057 731 1122; x_wconf 82' lang='lat' dir='ltr'><strong>tenpore</strong></span> <span class='ocrx_word' id='word_1_39' title='bbox 746 1050 846 1120; x_wconf 87' lang='lat' dir='ltr'><strong>lapsus,</strong></span> 
     </span>
    </p>

    <p class='ocr_par' dir='ltr' id='par_1_6' title="bbox 194 1147 935 1214">
     <span class='ocr_line' id='line_1_7' title="bbox 194 1147 935 1214; baseline 0 -8"><span class='ocrx_word' id='word_1_40' title='bbox 194 1149 235 1206; x_wconf 87' lang='lat' dir='ltr'><strong>llb</strong></span> <span class='ocrx_word' id='word_1_41' title='bbox 254 1153 370 1206; x_wconf 80' lang='lat' dir='ltr'><strong>neritum</strong></span> <span class='ocrx_word' id='word_1_42' title='bbox 392 1148 509 1207; x_wconf 81' lang='lat' dir='ltr'><strong>decimae</strong></span> <span class='ocrx_word' id='word_1_43' title='bbox 527 1152 599 1206; x_wconf 87' lang='lat' dir='ltr'><strong>cadit</strong></span> <span class='ocrx_word' id='word_1_44' title='bbox 616 1149 684 1206; x_wconf 79' lang='lat' dir='ltr'><strong>Abel</strong></span> <span class='ocrx_word' id='word_1_45' title='bbox 703 1147 793 1204; x_wconf 85' lang='lat' dir='ltr'><strong>iratrin</strong></span> <span class='ocrx_word' id='word_1_46' title='bbox 811 1149 844 1205; x_wconf 89' lang='lat' dir='ltr'><strong>ab</strong></span> <span class='ocrx_word' id='word_1_47' title='bbox 863 1165 935 1214; x_wconf 86' lang='lat' dir='ltr'><strong>ense,</strong></span> 
     </span>
    </p>

    <p class='ocr_par' dir='ltr' id='par_1_7' title="bbox 192 1249 862 1320">
     <span class='ocr_line' id='line_1_8' title="bbox 192 1249 862 1320; baseline -0.003 -14"><span class='ocrx_word' id='word_1_48' title='bbox 192 1249 277 1306; x_wconf 84' lang='lat' dir='ltr'><strong>illiert</strong></span> <span class='ocrx_word' id='word_1_49' title='bbox 295 1249 506 1316; x_wconf 71' lang='lat' dir='ltr'>Melchisedech,</span> <span class='ocrx_word' id='word_1_50' title='bbox 524 1249 611 1306; x_wconf 82' lang='lat' dir='ltr'><strong>Ysaac</strong></span> <span class='ocrx_word' id='word_1_51' title='bbox 627 1249 783 1320; x_wconf 77' lang='lat' dir='ltr'><strong>supponitur</strong></span> <span class='ocrx_word' id='word_1_52' title='bbox 798 1251 862 1314; x_wconf 84' lang='lat' dir='ltr'><strong>aris,</strong></span> 
     </span>
    </p>

    <p class='ocr_par' dir='ltr' id='par_1_8' title="bbox 192 1348 767 1421">
     <span class='ocr_line' id='line_1_9' title="bbox 192 1348 767 1421; baseline -0.007 -16"><span class='ocrx_word' id='word_1_53' title='bbox 192 1349 241 1405; x_wconf 84' lang='lat' dir='ltr'><strong>liat</strong></span> <span class='ocrx_word' id='word_1_54' title='bbox 256 1349 401 1404; x_wconf 76' lang='lat' dir='ltr'><strong>decollatus</strong></span> <span class='ocrx_word' id='word_1_55' title='bbox 421 1348 517 1406; x_wconf 83' lang='lat' dir='ltr'><strong>Christi</strong></span> <span class='ocrx_word' id='word_1_56' title='bbox 537 1348 656 1421; x_wconf 85' lang='lat' dir='ltr'><strong>baptiste</strong></span> <span class='ocrx_word' id='word_1_57' title='bbox 672 1349 767 1403; x_wconf 86' lang='lat' dir='ltr'><strong>beatus</strong></span> 
     </span>
    </p>

    <p class='ocr_par' dir='ltr' id='par_1_9' title="bbox 193 1445 957 1520">
     <span class='ocr_line' id='line_1_10' title="bbox 193 1445 957 1520; baseline -0.003 -16"><span class='ocrx_word' id='word_1_58' title='bbox 193 1447 225 1504; x_wconf 85' lang='lat' dir='ltr'><strong>Et</strong></span> <span class='ocrx_word' id='word_1_59' title='bbox 241 1446 334 1503; x_wconf 81' lang='lat' dir='ltr'><strong>Petrus</strong></span> <span class='ocrx_word' id='word_1_60' title='bbox 349 1455 464 1520; x_wconf 88' lang='lat' dir='ltr'><strong>ereptus,</strong></span> <span class='ocrx_word' id='word_1_61' title='bbox 480 1447 595 1505; x_wconf 86' lang='lat' dir='ltr'><strong>lacobus</strong></span> <span class='ocrx_word' id='word_1_62' title='bbox 606 1446 658 1502; x_wconf 88' lang='lat' dir='ltr'><strong>sub</strong></span> <span class='ocrx_word' id='word_1_63' title='bbox 679 1445 782 1502; x_wconf 84' lang='lat' dir='ltr'><strong>ilcrode</strong></span> <span class='ocrx_word' id='word_1_64' title='bbox 800 1455 957 1518; x_wconf 79' lang='lat' dir='ltr'><strong>peremptus.</strong></span> 
     </span>
    </p>

    <p class='ocr_par' dir='ltr' id='par_1_10' title="bbox 192 1544 939 1619">
     <span class='ocr_line' id='line_1_11' title="bbox 192 1544 939 1619; baseline -0.004 -16"><span class='ocrx_word' id='word_1_65' title='bbox 192 1547 311 1619; x_wconf 80' lang='lat' dir='ltr'>Corpora</span> <span class='ocrx_word' id='word_1_66' title='bbox 328 1556 477 1602; x_wconf 79' lang='lat' dir='ltr'><strong>sanctornm</strong></span> <span class='ocrx_word' id='word_1_67' title='bbox 495 1563 550 1602; x_wconf 88' lang='lat' dir='ltr'><strong>cunt</strong></span> <span class='ocrx_word' id='word_1_68' title='bbox 570 1545 675 1602; x_wconf 81' lang='lat' dir='ltr'><strong>Christo</strong></span> <span class='ocrx_word' id='word_1_69' title='bbox 694 1544 775 1600; x_wconf 83' lang='lat' dir='ltr'><strong>multo</strong></span> <span class='ocrx_word' id='word_1_70' title='bbox 790 1553 939 1618; x_wconf 80' lang='lat' dir='ltr'><strong>resurgunt,</strong></span> 
     </span>
    </p>

    <p class='ocr_par' dir='ltr' id='par_1_11' title="bbox 54 1644 1094 4296">
     <span class='ocr_line' id='line_1_12' title="bbox 191 1644 924 1717; baseline -0.004 -14"><span class='ocrx_word' id='word_1_71' title='bbox 191 1648 274 1703; x_wconf 87' lang='lat' dir='ltr'><strong>Latro</strong></span> <span class='ocrx_word' id='word_1_72' title='bbox 290 1646 368 1701; x_wconf 90' lang='lat' dir='ltr'><strong>dulce</strong></span> <span class='ocrx_word' id='word_1_73' title='bbox 385 1654 472 1701; x_wconf 84' lang='grc' dir='ltr'><strong>ιιιιιιι</strong></span> <span class='ocrx_word' id='word_1_74' title='bbox 489 1661 536 1717; x_wconf 87' lang='lat' dir='ltr'><strong>per</strong></span> <span class='ocrx_word' id='word_1_75' title='bbox 554 1644 684 1700; x_wconf 81' lang='lat' dir='ltr'><strong>Christum</strong></span> <span class='ocrx_word' id='word_1_76' title='bbox 704 1645 815 1716; x_wconf 86' lang='lat' dir='ltr'><strong>suscipit</strong></span> <span class='ocrx_word' id='word_1_77' title='bbox 833 1645 924 1702; x_wconf 76' lang='lat' dir='ltr'><strong>Arnen.</strong></span> 
     </span>
     <span class='ocr_line' id='line_1_13' title="bbox 56 1743 1090 1818; baseline -0.001 -15"><span class='ocrx_word' id='word_1_78' title='bbox 56 1753 88 1810; x_wconf 69' lang='grc'><strong>1.</strong></span> <span class='ocrx_word' id='word_1_79' title='bbox 113 1746 193 1804; x_wconf 85' lang='lat' dir='ltr'><strong>ldlles</strong></span> <span class='ocrx_word' id='word_1_80' title='bbox 217 1744 322 1818; x_wconf 81' lang='lat' dir='ltr'><strong>quidam</strong></span> <span class='ocrx_word' id='word_1_81' title='bbox 343 1744 418 1802; x_wconf 86' lang='lat' dir='ltr'><strong>dives</strong></span> <span class='ocrx_word' id='word_1_82' title='bbox 434 1759 467 1801; x_wconf 91' lang='lat' dir='ltr'><strong>ac</strong></span> <span class='ocrx_word' id='word_1_83' title='bbox 487 1745 584 1801; x_wconf 88' lang='lat' dir='ltr'><strong>nobilis</strong></span> <span class='ocrx_word' id='word_1_84' title='bbox 599 1744 705 1800; x_wconf 86' lang='lat' dir='ltr'><strong>saeculo</strong></span> <span class='ocrx_word' id='word_1_85' title='bbox 720 1743 915 1801; x_wconf 82' lang='lat' dir='ltr'><strong>abrenuntiavit</strong></span> <span class='ocrx_word' id='word_1_86' title='bbox 932 1755 958 1802; x_wconf 90' lang='lat' dir='ltr'><strong>et</strong></span> <span class='ocrx_word' id='word_1_87' title='bbox 974 1746 1090 1804; x_wconf 83' lang='lat' dir='ltr'><strong>ordinem</strong></span> 
     </span>
     <span class='ocr_line' id='line_1_14' title="bbox 56 1844 1092 1916; baseline -0.001 -12"><span class='ocrx_word' id='word_1_88' title='bbox 56 1848 271 1904; x_wconf 71' lang='lat' dir='ltr'><strong>cisterciensium</strong></span> <span class='ocrx_word' id='word_1_89' title='bbox 296 1844 415 1900; x_wconf 79' lang='lat' dir='ltr'><strong>introlvit</strong></span> <span class='ocrx_word' id='word_1_90' title='bbox 445 1846 559 1916; x_wconf 83' lang='lat' dir='ltr'><strong>atquin</strong></span> <span class='ocrx_word' id='word_1_91' title='bbox 584 1845 687 1899; x_wconf 85' lang='lat' dir='ltr'><strong>litterae</strong></span> <span class='ocrx_word' id='word_1_92' title='bbox 721 1844 872 1912; x_wconf 78' lang='lat' dir='ltr'><strong>nesciebat,</strong></span> <span class='ocrx_word' id='word_1_93' title='bbox 905 1846 1092 1903; x_wconf 88' lang='lat' dir='ltr'><strong>erubescentes</strong></span> 
     </span>
     <span class='ocr_line' id='line_1_15' title="bbox 58 1943 1092 2016; baseline 0 -14"><span class='ocrx_word' id='word_1_94' title='bbox 58 1945 177 2002; x_wconf 81' lang='lat' dir='ltr'><strong>uenacbi</strong></span> <span class='ocrx_word' id='word_1_95' title='bbox 203 1953 255 2002; x_wconf 88' lang='lat' dir='ltr'><strong>tarn</strong></span> <span class='ocrx_word' id='word_1_96' title='bbox 282 1945 394 2000; x_wconf 79' lang='lat' dir='ltr'><strong>nobilest</strong></span> <span class='ocrx_word' id='word_1_97' title='bbox 416 1957 554 2014; x_wconf 82' lang='lat' dir='ltr'><strong>personatu</strong></span> <span class='ocrx_word' id='word_1_98' title='bbox 575 1945 642 1998; x_wconf 82' lang='lat' dir='ltr'><strong>inter</strong></span> <span class='ocrx_word' id='word_1_99' title='bbox 663 1943 746 1999; x_wconf 83' lang='lat' dir='ltr'><strong>laicos</strong></span> <span class='ocrx_word' id='word_1_100' title='bbox 771 1944 892 2016; x_wconf 89' lang='lat' dir='ltr'><strong>deputari</strong></span> <span class='ocrx_word' id='word_1_101' title='bbox 915 1945 1043 2001; x_wconf 86' lang='lat' dir='ltr'><strong>dederunt</strong></span> <span class='ocrx_word' id='word_1_102' title='bbox 1066 1950 1092 2002; x_wconf 89' lang='lat' dir='ltr'><strong>el</strong></span> 
     </span>
     <span class='ocr_line' id='line_1_16' title="bbox 55 2040 1093 2120; baseline 0.002 -20"><span class='ocrx_word' id='word_1_103' title='bbox 55 2048 220 2120; x_wconf 77' lang='lat' dir='ltr'><strong>magistrun,</strong></span> <span class='ocrx_word' id='word_1_104' title='bbox 236 2045 261 2099; x_wconf 87' lang='lat' dir='ltr'><strong>si</strong></span> <span class='ocrx_word' id='word_1_105' title='bbox 279 2043 346 2099; x_wconf 81' lang='lat' dir='ltr'><strong>forte</strong></span> <span class='ocrx_word' id='word_1_106' title='bbox 363 2041 491 2098; x_wconf 84' lang='lat' dir='ltr'><strong>nedicunt</strong></span> <span class='ocrx_word' id='word_1_107' title='bbox 508 2040 647 2098; x_wconf 89' lang='lat' dir='ltr'><strong>addiscere</strong></span> <span class='ocrx_word' id='word_1_108' title='bbox 665 2048 756 2115; x_wconf 88' lang='lat' dir='ltr'><strong>posset</strong></span> <span class='ocrx_word' id='word_1_109' title='bbox 773 2049 799 2097; x_wconf 93' lang='lat' dir='ltr'><strong>et</strong></span> <span class='ocrx_word' id='word_1_110' title='bbox 818 2042 866 2097; x_wconf 85' lang='lat' dir='ltr'><strong>aab</strong></span> <span class='ocrx_word' id='word_1_111' title='bbox 884 2043 934 2098; x_wconf 86' lang='lat' dir='ltr'><strong>lrac</strong></span> <span class='ocrx_word' id='word_1_112' title='bbox 951 2046 1093 2102; x_wconf 66' lang='lat' dir='ltr'><strong>eccaeicnc</strong></span> 
     </span>
     <span class='ocr_line' id='line_1_17' title="bbox 57 2139 1093 2216; baseline -0.001 -16"><span class='ocrx_word' id='word_1_113' title='bbox 57 2147 125 2200; x_wconf 87' lang='lat' dir='ltr'><strong>inter</strong></span> <span class='ocrx_word' id='word_1_114' title='bbox 142 2143 286 2200; x_wconf 79' lang='lat' dir='ltr'><strong>monachos</strong></span> <span class='ocrx_word' id='word_1_115' title='bbox 304 2148 476 2214; x_wconf 84' lang='lat' dir='ltr'><strong>permaneret.</strong></span> <span class='ocrx_word' id='word_1_116' title='bbox 519 2139 571 2196; x_wconf 85' lang='lat' dir='ltr'><strong>Sed</strong></span> <span class='ocrx_word' id='word_1_117' title='bbox 591 2155 647 2196; x_wconf 88' lang='lat' dir='ltr'><strong>cunt</strong></span> <span class='ocrx_word' id='word_1_118' title='bbox 666 2141 710 2195; x_wconf 90' lang='lat' dir='ltr'><strong>diu</strong></span> <span class='ocrx_word' id='word_1_119' title='bbox 730 2156 785 2196; x_wconf 85' lang='lat' dir='ltr'><strong>cunr</strong></span> <span class='ocrx_word' id='word_1_120' title='bbox 805 2144 932 2216; x_wconf 80' lang='lat' dir='ltr'><strong>magistro</strong></span> <span class='ocrx_word' id='word_1_121' title='bbox 953 2144 1047 2199; x_wconf 82' lang='lat' dir='ltr'><strong>inisset</strong></span> <span class='ocrx_word' id='word_1_122' title='bbox 1065 2151 1093 2199; x_wconf 86' lang='lat' dir='ltr'><strong>at</strong></span> 
     </span>
     <span class='ocr_line' id='line_1_18' title="bbox 56 2239 1091 2315; baseline -0.001 -16"><span class='ocrx_word' id='word_1_123' title='bbox 56 2244 245 2299; x_wconf 82' lang='lat' dir='ltr'><strong>nihilomnino</strong></span> <span class='ocrx_word' id='word_1_124' title='bbox 265 2249 371 2315; x_wconf 88' lang='lat' dir='ltr'><strong>praeter</strong></span> <span class='ocrx_word' id='word_1_125' title='bbox 393 2241 460 2297; x_wconf 87' lang='lat' dir='ltr'><strong>baec</strong></span> <span class='ocrx_word' id='word_1_126' title='bbox 482 2239 535 2296; x_wconf 87' lang='lat' dir='ltr'><strong>duo</strong></span> <span class='ocrx_word' id='word_1_127' title='bbox 554 2241 696 2298; x_wconf 81' lang='lat' dir='ltr'><strong>uocabula:</strong></span> <span class='ocrx_word' id='word_1_128' title='bbox 720 2255 769 2296; x_wconf 83' lang='lat' dir='ltr'><strong>avc</strong></span> <span class='ocrx_word' id='word_1_129' title='bbox 787 2241 891 2308; x_wconf 87' lang='lat' dir='ltr'><strong>Maria,</strong></span> <span class='ocrx_word' id='word_1_130' title='bbox 921 2242 1024 2298; x_wconf 85' lang='lat' dir='ltr'><strong>discere</strong></span> <span class='ocrx_word' id='word_1_131' title='bbox 1041 2260 1091 2314; x_wconf 85' lang='lat' dir='ltr'><strong>pe-</strong></span> 
     </span>
     <span class='ocr_line' id='line_1_19' title="bbox 56 2340 1091 2414; baseline -0.001 -16"><span class='ocrx_word' id='word_1_132' title='bbox 56 2346 168 2409; x_wconf 82' lang='lat' dir='ltr'><strong>tuissct,</strong></span> <span class='ocrx_word' id='word_1_133' title='bbox 185 2341 253 2398; x_wconf 84' lang='lat' dir='ltr'><strong>baec</strong></span> <span class='ocrx_word' id='word_1_134' title='bbox 268 2351 320 2397; x_wconf 85' lang='lat' dir='ltr'><strong>tan</strong></span> <span class='ocrx_word' id='word_1_135' title='bbox 339 2343 416 2397; x_wconf 85' lang='lat' dir='ltr'><strong>aride</strong></span> <span class='ocrx_word' id='word_1_136' title='bbox 436 2342 557 2406; x_wconf 87' lang='lat' dir='ltr'><strong>retinnit,</strong></span> <span class='ocrx_word' id='word_1_137' title='bbox 576 2346 604 2394; x_wconf 93' lang='lat' dir='ltr'><strong>nt</strong></span> <span class='ocrx_word' id='word_1_138' title='bbox 621 2355 783 2412; x_wconf 77' lang='lat' dir='ltr'><strong>quaeeunque</strong></span> <span class='ocrx_word' id='word_1_139' title='bbox 799 2340 990 2408; x_wconf 80' lang='lat' dir='ltr'><strong>deambularet,</strong></span> <span class='ocrx_word' id='word_1_140' title='bbox 1014 2342 1091 2414; x_wconf 85' lang='lat' dir='ltr'><strong>quid-</strong></span> 
     </span>
     <span class='ocr_line' id='line_1_20' title="bbox 56 2438 1092 2516; baseline 0.001 -20"><span class='ocrx_word' id='word_1_141' title='bbox 56 2442 119 2516; x_wconf 79' lang='lat' dir='ltr'><strong>qnid</strong></span> <span class='ocrx_word' id='word_1_142' title='bbox 131 2451 234 2514; x_wconf 81' lang='lat' dir='ltr'><strong>ageret,</strong></span> <span class='ocrx_word' id='word_1_143' title='bbox 248 2454 281 2498; x_wconf 85' lang='lat' dir='ltr'><strong>ea</strong></span> <span class='ocrx_word' id='word_1_144' title='bbox 293 2443 457 2496; x_wconf 87' lang='lat' dir='ltr'><strong>incessanter</strong></span> <span class='ocrx_word' id='word_1_145' title='bbox 467 2439 493 2510; x_wconf 91' lang='lat'><strong>¹)</strong></span> <span class='ocrx_word' id='word_1_146' title='bbox 505 2441 653 2494; x_wconf 79' lang='lat' dir='ltr'><strong>ruminaret</strong></span> <span class='ocrx_word' id='word_1_147' title='bbox 674 2438 791 2496; x_wconf 77' lang='lat' dir='ltr'><strong>Tandem</strong></span> <span class='ocrx_word' id='word_1_148' title='bbox 803 2441 912 2495; x_wconf 85' lang='lat' dir='ltr'><strong>moritur</strong></span> <span class='ocrx_word' id='word_1_149' title='bbox 927 2450 955 2495; x_wconf 91' lang='lat' dir='ltr'><strong>et</strong></span> <span class='ocrx_word' id='word_1_150' title='bbox 973 2443 998 2495; x_wconf 91' lang='lat' dir='ltr'><strong>in</strong></span> <span class='ocrx_word' id='word_1_151' title='bbox 1017 2444 1092 2497; x_wconf 84' lang='lat' dir='ltr'><strong>cini-</strong></span> 
     </span>
     <span class='ocr_line' id='line_1_21' title="bbox 57 2537 1092 2613; baseline 0 -15"><span class='ocrx_word' id='word_1_152' title='bbox 57 2543 124 2598; x_wconf 86' lang='lat' dir='ltr'><strong>lerie</strong></span> <span class='ocrx_word' id='word_1_153' title='bbox 144 2555 203 2596; x_wconf 84' lang='lat' dir='ltr'><strong>curu</strong></span> <span class='ocrx_word' id='word_1_154' title='bbox 219 2541 280 2596; x_wconf 82' lang='lat' dir='ltr'><strong>aliie</strong></span> <span class='ocrx_word' id='word_1_155' title='bbox 294 2539 420 2595; x_wconf 85' lang='lat' dir='ltr'><strong>iratribus</strong></span> <span class='ocrx_word' id='word_1_156' title='bbox 440 2539 568 2610; x_wconf 79' lang='lat' dir='ltr'><strong>sepelitur</strong></span> <span class='ocrx_word' id='word_1_157' title='bbox 584 2547 612 2595; x_wconf 91' lang='lat' dir='ltr'><strong>ct</strong></span> <span class='ocrx_word' id='word_1_158' title='bbox 630 2553 691 2596; x_wconf 87' lang='lat' dir='ltr'><strong>cccc</strong></span> <span class='ocrx_word' id='word_1_159' title='bbox 707 2553 787 2608; x_wconf 87' lang='lat' dir='ltr'><strong>anper</strong></span> <span class='ocrx_word' id='word_1_160' title='bbox 811 2537 869 2606; x_wconf 86' lang='lat' dir='ltr'><strong>ejus</strong></span> <span class='ocrx_word' id='word_1_161' title='bbox 887 2539 1010 2596; x_wconf 82' lang='lat' dir='ltr'><strong>tumulare</strong></span> <span class='ocrx_word' id='word_1_162' title='bbox 1028 2556 1092 2613; x_wconf 84' lang='lat' dir='ltr'><strong>apc-</strong></span> 
     </span>
     <span class='ocr_line' id='line_1_22' title="bbox 55 2635 1092 2710; baseline -0.001 -13"><span class='ocrx_word' id='word_1_163' title='bbox 55 2643 157 2698; x_wconf 78' lang='lat' dir='ltr'><strong>closum</strong></span> <span class='ocrx_word' id='word_1_164' title='bbox 172 2641 301 2696; x_wconf 81' lang='lat' dir='ltr'><strong>excrescit</strong></span> <span class='ocrx_word' id='word_1_165' title='bbox 319 2639 401 2693; x_wconf 74' lang='lat' dir='ltr'><strong>lilium</strong></span> <span class='ocrx_word' id='word_1_166' title='bbox 419 2645 445 2693; x_wconf 89' lang='lat' dir='ltr'><strong>et</strong></span> <span class='ocrx_word' id='word_1_167' title='bbox 459 2638 596 2710; x_wconf 81' lang='lat' dir='ltr'><strong>quodlibet</strong></span> <span class='ocrx_word' id='word_1_168' title='bbox 610 2637 715 2692; x_wconf 85' lang='lat' dir='ltr'><strong>ieliuru:</strong></span> <span class='ocrx_word' id='word_1_169' title='bbox 734 2635 879 2694; x_wconf 76' lang='lat' dir='ltr'><strong>anellaria</strong></span> <span class='ocrx_word' id='word_1_170' title='bbox 890 2637 986 2694; x_wconf 82' lang='lat' dir='ltr'><strong>biteris</strong></span> <span class='ocrx_word' id='word_1_171' title='bbox 1003 2643 1092 2696; x_wconf 83' lang='lat' dir='ltr'><strong>aureis</strong></span> 
     </span>
     <span class='ocr_line' id='line_1_23' title="bbox 55 2735 1092 2810; baseline 0.002 -16"><span class='ocrx_word' id='word_1_172' title='bbox 55 2738 176 2795; x_wconf 83' lang='lat' dir='ltr'><strong>babebat</strong></span> <span class='ocrx_word' id='word_1_173' title='bbox 194 2740 353 2810; x_wconf 81' lang='lat' dir='ltr'><strong>inscriptura.</strong></span> <span class='ocrx_word' id='word_1_174' title='bbox 390 2735 530 2793; x_wconf 77' lang='lat' dir='ltr'><strong>(lucrantes</strong></span> <span class='ocrx_word' id='word_1_175' title='bbox 548 2753 637 2794; x_wconf 88' lang='lat' dir='ltr'><strong>onnes</strong></span> <span class='ocrx_word' id='word_1_176' title='bbox 658 2735 694 2792; x_wconf 90' lang='lat' dir='ltr'><strong>ad</strong></span> <span class='ocrx_word' id='word_1_177' title='bbox 718 2741 771 2790; x_wconf 84' lang='lat' dir='ltr'><strong>iau</strong></span> <span class='ocrx_word' id='word_1_178' title='bbox 789 2736 890 2808; x_wconf 83' lang='lat' dir='ltr'><strong>grande</strong></span> <span class='ocrx_word' id='word_1_179' title='bbox 915 2740 1092 2808; x_wconf 85' lang='lat' dir='ltr'><strong>spectaculum</strong></span> 
     </span>
     <span class='ocr_line' id='line_1_24' title="bbox 54 2835 1090 2910; baseline 0 -16"><span class='ocrx_word' id='word_1_180' title='bbox 54 2848 154 2895; x_wconf 82' lang='lat' dir='ltr'><strong>terren</strong></span> <span class='ocrx_word' id='word_1_181' title='bbox 178 2838 211 2894; x_wconf 88' lang='lat' dir='ltr'><strong>dc</strong></span> <span class='ocrx_word' id='word_1_182' title='bbox 228 2835 326 2891; x_wconf 77' lang='lat' dir='ltr'><strong>tunsio</strong></span> <span class='ocrx_word' id='word_1_183' title='bbox 344 2835 492 2892; x_wconf 88' lang='lat' dir='ltr'><strong>ciiodernnt</strong></span> <span class='ocrx_word' id='word_1_184' title='bbox 511 2842 537 2892; x_wconf 91' lang='lat' dir='ltr'><strong>et</strong></span> <span class='ocrx_word' id='word_1_185' title='bbox 561 2836 674 2892; x_wconf 86' lang='lat' dir='ltr'><strong>redicen</strong></span> <span class='ocrx_word' id='word_1_186' title='bbox 698 2835 749 2890; x_wconf 91' lang='lat' dir='ltr'><strong>lilii</strong></span> <span class='ocrx_word' id='word_1_187' title='bbox 768 2836 801 2894; x_wconf 87' lang='lat' dir='ltr'><strong>dc</strong></span> <span class='ocrx_word' id='word_1_188' title='bbox 820 2851 866 2892; x_wconf 88' lang='lat' dir='ltr'><strong>ere</strong></span> <span class='ocrx_word' id='word_1_189' title='bbox 893 2835 1011 2893; x_wconf 79' lang='lat' dir='ltr'><strong>defuncti</strong></span> <span class='ocrx_word' id='word_1_190' title='bbox 1028 2856 1090 2910; x_wconf 91' lang='lat' dir='ltr'><strong>pro-</strong></span> 
     </span>
     <span class='ocr_line' id='line_1_25' title="bbox 55 2933 1091 3008; baseline 0 -14"><span class='ocrx_word' id='word_1_191' title='bbox 55 2937 154 2994; x_wconf 86' lang='lat' dir='ltr'><strong>cedere</strong></span> <span class='ocrx_word' id='word_1_192' title='bbox 174 2941 335 3008; x_wconf 85' lang='lat' dir='ltr'><strong>repererunt</strong></span> <span class='ocrx_word' id='word_1_193' title='bbox 381 2933 567 2992; x_wconf 82' lang='lat' dir='ltr'><strong>intellexerunt</strong></span> <span class='ocrx_word' id='word_1_194' title='bbox 584 2950 664 3008; x_wconf 78' lang='lat' dir='ltr'><strong>ergo,</strong></span> <span class='ocrx_word' id='word_1_195' title='bbox 691 2941 789 3008; x_wconf 83' lang='lat' dir='ltr'><strong>quanta</strong></span> <span class='ocrx_word' id='word_1_196' title='bbox 813 2933 951 2991; x_wconf 86' lang='lat' dir='ltr'><strong>devotione</strong></span> <span class='ocrx_word' id='word_1_197' title='bbox 975 2937 1022 2992; x_wconf 86' lang='lat' dir='ltr'><strong>illa</strong></span> <span class='ocrx_word' id='word_1_198' title='bbox 1040 2936 1091 2994; x_wconf 88' lang='lat' dir='ltr'><strong>duo</strong></span> 
     </span>
     <span class='ocr_line' id='line_1_26' title="bbox 55 3031 1092 3106; baseline -0.003 -13"><span class='ocrx_word' id='word_1_199' title='bbox 55 3036 141 3093; x_wconf 80' lang='lat' dir='ltr'><strong>rerba</strong></span> <span class='ocrx_word' id='word_1_200' title='bbox 157 3035 269 3100; x_wconf 83' lang='lat' dir='ltr'><strong>dixerat,</strong></span> <span class='ocrx_word' id='word_1_201' title='bbox 286 3050 361 3106; x_wconf 80' lang='lat' dir='ltr'><strong>quen</strong></span> <span class='ocrx_word' id='word_1_202' title='bbox 380 3031 498 3088; x_wconf 84' lang='lat' dir='ltr'><strong>dominus</strong></span> <span class='ocrx_word' id='word_1_203' title='bbox 512 3036 579 3089; x_wconf 90' lang='lat' dir='ltr'><strong>tanti</strong></span> <span class='ocrx_word' id='word_1_204' title='bbox 596 3034 695 3090; x_wconf 85' lang='lat' dir='ltr'><strong>honore</strong></span> <span class='ocrx_word' id='word_1_205' title='bbox 714 3033 830 3106; x_wconf 80' lang='lat' dir='ltr'><strong>prodigii</strong></span> <span class='ocrx_word' id='word_1_206' title='bbox 846 3032 995 3092; x_wconf 86' lang='lat' dir='ltr'><strong>illustravit.</strong></span> <span class='ocrx_word' id='word_1_207' title='bbox 1009 3063 1041 3080; x_wconf 64' lang='grc' dir='ltr'><strong>ο</strong></span> <span class='ocrx_word' id='word_1_208' title='bbox 1058 3066 1092 3079; x_wconf 92' lang='grc'>-</span> 
     </span>
     <span class='ocr_line' id='line_1_27' title="bbox 54 3130 1090 3204; baseline 0.002 -15"><span class='ocrx_word' id='word_1_209' title='bbox 54 3141 91 3197; x_wconf 73' lang='lat'><strong>8.</strong></span> <span class='ocrx_word' id='word_1_210' title='bbox 112 3133 224 3198; x_wconf 81' lang='lat' dir='ltr'><strong>ilnldarn</strong></span> <span class='ocrx_word' id='word_1_211' title='bbox 240 3131 315 3188; x_wconf 82' lang='lat' dir='ltr'><strong>utiles</strong></span> <span class='ocrx_word' id='word_1_212' title='bbox 335 3130 465 3204; x_wconf 78' lang='lat' dir='ltr'><strong>quoddam</strong></span> <span class='ocrx_word' id='word_1_213' title='bbox 486 3133 513 3187; x_wconf 93' lang='lat' dir='ltr'><strong>ln</strong></span> <span class='ocrx_word' id='word_1_214' title='bbox 531 3134 574 3189; x_wconf 85' lang='lat' dir='ltr'><strong>ria</strong></span> <span class='ocrx_word' id='word_1_215' title='bbox 591 3141 703 3188; x_wconf 80' lang='grc' dir='ltr'><strong>ιιιιιιιι</strong></span> <span class='ocrx_word' id='word_1_216' title='bbox 720 3131 836 3188; x_wconf 79' lang='lat' dir='ltr'><strong>babebat</strong></span> <span class='ocrx_word' id='word_1_217' title='bbox 853 3140 881 3188; x_wconf 89' lang='lat' dir='ltr'><strong>et</strong></span> <span class='ocrx_word' id='word_1_218' title='bbox 896 3149 986 3189; x_wconf 86' lang='lat' dir='ltr'><strong>ornnes</strong></span> <span class='ocrx_word' id='word_1_219' title='bbox 1005 3143 1090 3192; x_wconf 86' lang='lat' dir='ltr'><strong>trans-</strong></span> 
     </span>
     <span class='ocr_line' id='line_1_28' title="bbox 56 3231 1092 3304; baseline 0 -14"><span class='ocrx_word' id='word_1_220' title='bbox 56 3241 150 3291; x_wconf 83' lang='lat' dir='ltr'><strong>euntes</strong></span> <span class='ocrx_word' id='word_1_221' title='bbox 168 3237 226 3289; x_wconf 87' lang='lat' dir='ltr'><strong>sine</strong></span> <span class='ocrx_word' id='word_1_222' title='bbox 244 3233 413 3288; x_wconf 73' lang='lat' dir='ltr'><strong>ulceratione</strong></span> <span class='ocrx_word' id='word_1_223' title='bbox 436 3231 527 3304; x_wconf 84' lang='lat' dir='ltr'><strong>aliqua</strong></span> <span class='ocrx_word' id='word_1_224' title='bbox 550 3231 697 3301; x_wconf 87' lang='lat' dir='ltr'><strong>apellabat,</strong></span> <span class='ocrx_word' id='word_1_225' title='bbox 724 3233 852 3303; x_wconf 77' lang='lat' dir='ltr'><strong>virginem</strong></span> <span class='ocrx_word' id='word_1_226' title='bbox 874 3237 960 3287; x_wconf 82' lang='grc' dir='ltr'><strong>ιιιιιιι</strong></span> <span class='ocrx_word' id='word_1_227' title='bbox 984 3242 1092 3291; x_wconf 82' lang='lat' dir='ltr'><strong>matrem</strong></span> 
     </span>
     <span class='ocr_line' id='line_1_29' title="bbox 55 3329 1091 3404; baseline 0.001 -16"><span class='ocrx_word' id='word_1_228' title='bbox 55 3333 106 3390; x_wconf 89' lang='lat' dir='ltr'><strong>llel</strong></span> <span class='ocrx_word' id='word_1_229' title='bbox 124 3332 242 3404; x_wconf 81' lang='lat' dir='ltr'><strong>qnotidie</strong></span> <span class='ocrx_word' id='word_1_230' title='bbox 266 3331 398 3388; x_wconf 80' lang='lat' dir='ltr'><strong>adstabat</strong></span> <span class='ocrx_word' id='word_1_231' title='bbox 421 3346 470 3386; x_wconf 83' lang='lat' dir='ltr'><strong>nec</strong></span> <span class='ocrx_word' id='word_1_232' title='bbox 495 3345 544 3401; x_wconf 89' lang='lat' dir='ltr'><strong>pro</strong></span> <span class='ocrx_word' id='word_1_233' title='bbox 570 3329 659 3402; x_wconf 87' lang='lat' dir='ltr'><strong>aliquo</strong></span> <span class='ocrx_word' id='word_1_234' title='bbox 679 3329 863 3402; x_wconf 86' lang='lat' dir='ltr'><strong>inpedimento</strong></span> <span class='ocrx_word' id='word_1_235' title='bbox 888 3339 1022 3404; x_wconf 75' lang='lat' dir='ltr'><strong>emergent</strong></span> <span class='ocrx_word' id='word_1_236' title='bbox 1057 3333 1091 3389; x_wconf 87' lang='lat' dir='ltr'><strong>ab</strong></span> 
     </span>
     <span class='ocr_line' id='line_1_30' title="bbox 55 3429 1092 3504; baseline 0.002 -18"><span class='ocrx_word' id='word_1_237' title='bbox 55 3436 118 3504; x_wconf 82' lang='lat' dir='ltr'><strong>ipsa</strong></span> <span class='ocrx_word' id='word_1_238' title='bbox 133 3432 292 3487; x_wconf 65' lang='lat' dir='ltr'><strong>saluntione</strong></span> <span class='ocrx_word' id='word_1_239' title='bbox 310 3429 400 3503; x_wconf 84' lang='lat' dir='ltr'><strong>aliqua</strong></span> <span class='ocrx_word' id='word_1_240' title='bbox 416 3429 459 3486; x_wconf 90' lang='lat' dir='ltr'><strong>die</strong></span> <span class='ocrx_word' id='word_1_241' title='bbox 478 3443 585 3485; x_wconf 66' lang='lat' dir='ltr'><strong>cessam</strong></span> <span class='ocrx_word' id='word_1_242' title='bbox 602 3429 715 3486; x_wconf 79' lang='lat' dir='ltr'><strong>volebat.</strong></span> <span class='ocrx_word' id='word_1_243' title='bbox 749 3429 856 3484; x_wconf 84' lang='lat' dir='ltr'><strong>Accidit</strong></span> <span class='ocrx_word' id='word_1_244' title='bbox 871 3438 969 3496; x_wconf 83' lang='grc' dir='ltr'><strong>ιιιιιιιι,</strong></span> <span class='ocrx_word' id='word_1_245' title='bbox 986 3438 1014 3486; x_wconf 89' lang='lat' dir='ltr'><strong>ut</strong></span> <span class='ocrx_word' id='word_1_246' title='bbox 1032 3433 1092 3504; x_wconf 82' lang='lat' dir='ltr'><strong>qul·</strong></span> 
     </span>
     <span class='ocr_line' id='line_1_31' title="bbox 56 3526 1092 3603; baseline 0.003 -19"><span class='ocrx_word' id='word_1_247' title='bbox 56 3530 117 3586; x_wconf 83' lang='lat' dir='ltr'><strong>daur</strong></span> <span class='ocrx_word' id='word_1_248' title='bbox 136 3533 177 3583; x_wconf 80' lang='lat' dir='ltr'><strong>vir</strong></span> <span class='ocrx_word' id='word_1_249' title='bbox 191 3529 335 3603; x_wconf 79' lang='lat' dir='ltr'><strong>religiosus</strong></span> <span class='ocrx_word' id='word_1_250' title='bbox 348 3535 376 3586; x_wconf 87' lang='lat' dir='ltr'><strong>et</strong></span> <span class='ocrx_word' id='word_1_251' title='bbox 392 3537 500 3584; x_wconf 81' lang='grc' dir='ltr'><strong>ιιιιιιι</strong></span> <span class='ocrx_word' id='word_1_252' title='bbox 520 3528 581 3584; x_wconf 90' lang='lat' dir='ltr'><strong>inde</strong></span> <span class='ocrx_word' id='word_1_253' title='bbox 598 3529 734 3584; x_wconf 83' lang='lat' dir='ltr'><strong>transitum</strong></span> <span class='ocrx_word' id='word_1_254' title='bbox 751 3526 850 3584; x_wconf 85' lang='lat' dir='ltr'><strong>laceret</strong></span> <span class='ocrx_word' id='word_1_255' title='bbox 867 3531 895 3585; x_wconf 89' lang='lat' dir='ltr'><strong>ei</strong></span> <span class='ocrx_word' id='word_1_256' title='bbox 912 3531 996 3599; x_wconf 80' lang='lat' dir='ltr'><strong>ipsun</strong></span> <span class='ocrx_word' id='word_1_257' title='bbox 1014 3547 1092 3602; x_wconf 88' lang='lat' dir='ltr'><strong>prae-</strong></span> 
     </span>
     <span class='ocr_line' id='line_1_32' title="bbox 55 3626 1094 3702; baseline 0.001 -18"><span class='ocrx_word' id='word_1_258' title='bbox 55 3629 144 3685; x_wconf 88' lang='lat' dir='ltr'><strong>dictus</strong></span> <span class='ocrx_word' id='word_1_259' title='bbox 162 3629 238 3684; x_wconf 83' lang='lat' dir='ltr'><strong>relies</strong></span> <span class='ocrx_word' id='word_1_260' title='bbox 252 3630 375 3684; x_wconf 78' lang='lat' dir='ltr'><strong>condano</strong></span> <span class='ocrx_word' id='word_1_261' title='bbox 393 3627 537 3698; x_wconf 83' lang='lat' dir='ltr'><strong>exspoliari</strong></span> <span class='ocrx_word' id='word_1_262' title='bbox 550 3626 672 3698; x_wconf 84' lang='lat' dir='ltr'><strong>juberet,</strong></span> <span class='ocrx_word' id='word_1_263' title='bbox 703 3629 743 3680; x_wconf 81' lang='grc' dir='ltr'><strong>ιιι</strong></span> <span class='ocrx_word' id='word_1_264' title='bbox 759 3635 843 3684; x_wconf 84' lang='lat' dir='ltr'><strong>autent</strong></span> <span class='ocrx_word' id='word_1_265' title='bbox 863 3635 970 3683; x_wconf 84' lang='lat' dir='ltr'><strong>canctus</strong></span> <span class='ocrx_word' id='word_1_266' title='bbox 987 3632 1094 3702; x_wconf 77' lang='lat' dir='ltr'><strong>rogavit</strong></span> 
     </span>
     <span class='ocr_line' id='line_1_33' title="bbox 56 3725 1092 3801; baseline -0.001 -17"><span class='ocrx_word' id='word_1_267' title='bbox 56 3728 220 3801; x_wconf 72' lang='lat' dir='ltr'><strong>praedones,</strong></span> <span class='ocrx_word' id='word_1_268' title='bbox 252 3735 281 3783; x_wconf 91' lang='grc' dir='ltr'><strong>ιιι</strong></span> <span class='ocrx_word' id='word_1_269' title='bbox 302 3729 386 3800; x_wconf 86' lang='lat' dir='ltr'><strong>ipsum</strong></span> <span class='ocrx_word' id='word_1_270' title='bbox 409 3727 442 3781; x_wconf 89' lang='lat' dir='ltr'><strong>ad</strong></span> <span class='ocrx_word' id='word_1_271' title='bbox 462 3725 591 3781; x_wconf 82' lang='lat' dir='ltr'><strong>dominnm</strong></span> <span class='ocrx_word' id='word_1_272' title='bbox 615 3741 688 3782; x_wconf 86' lang='lat' dir='ltr'><strong>suunt</strong></span> <span class='ocrx_word' id='word_1_273' title='bbox 708 3725 855 3798; x_wconf 85' lang='lat' dir='ltr'><strong>deducant,</strong></span> <span class='ocrx_word' id='word_1_274' title='bbox 875 3728 938 3799; x_wconf 80' lang='lat' dir='ltr'><strong>quia</strong></span> <span class='ocrx_word' id='word_1_275' title='bbox 953 3727 987 3782; x_wconf 85' lang='lat' dir='ltr'><strong>ad</strong></span> <span class='ocrx_word' id='word_1_276' title='bbox 1007 3729 1092 3798; x_wconf 78' lang='lat' dir='ltr'><strong>ipsun</strong></span> 
     </span>
     <span class='ocr_line' id='line_1_34' title="bbox 55 3824 1093 3900; baseline 0.001 -20"><span class='ocrx_word' id='word_1_277' title='bbox 55 3824 138 3882; x_wconf 88' lang='lat' dir='ltr'><strong>lrabet</strong></span> <span class='ocrx_word' id='word_1_278' title='bbox 155 3833 275 3893; x_wconf 84' lang='lat' dir='ltr'><strong>secreta,</strong></span> <span class='ocrx_word' id='word_1_279' title='bbox 304 3841 372 3900; x_wconf 83' lang='lat' dir='ltr'><strong>qnae</strong></span> <span class='ocrx_word' id='word_1_280' title='bbox 386 3825 510 3898; x_wconf 84' lang='lat' dir='ltr'><strong>perierat</strong></span> <span class='ocrx_word' id='word_1_281' title='bbox 545 3825 682 3880; x_wconf 78' lang='lat' dir='ltr'><strong>Adductua</strong></span> <span class='ocrx_word' id='word_1_282' title='bbox 698 3831 784 3881; x_wconf 83' lang='lat' dir='ltr'><strong>autern</strong></span> <span class='ocrx_word' id='word_1_283' title='bbox 803 3825 1046 3898; x_wconf 79' lang='lat' dir='ltr'><strong>rogavitruilitern‚</strong></span> <span class='ocrx_word' id='word_1_284' title='bbox 1064 3831 1093 3882; x_wconf 91' lang='lat' dir='ltr'><strong>ut</strong></span> 
     </span>
     <span class='ocr_line' id='line_1_35' title="bbox 54 3923 1092 3996; baseline 0 -16"><span class='ocrx_word' id='word_1_285' title='bbox 54 3940 146 3981; x_wconf 83' lang='lat' dir='ltr'><strong>omnes</strong></span> <span class='ocrx_word' id='word_1_286' title='bbox 162 3924 196 3986; x_wconf 85' lang='lat' dir='ltr'><strong>de</strong></span> <span class='ocrx_word' id='word_1_287' title='bbox 215 3924 314 3981; x_wconf 88' lang='lat' dir='ltr'><strong>lanilia</strong></span> <span class='ocrx_word' id='word_1_288' title='bbox 331 3940 380 3983; x_wconf 89' lang='grc' dir='ltr'><strong>ιιι</strong></span> <span class='ocrx_word' id='word_1_289' title='bbox 396 3935 423 3981; x_wconf 86' lang='grc' dir='ltr'><strong>ιι</strong></span> <span class='ocrx_word' id='word_1_290' title='bbox 443 3932 530 3979; x_wconf 85' lang='grc' dir='ltr'><strong>ιιιιιι</strong></span> <span class='ocrx_word' id='word_1_291' title='bbox 554 3927 713 3996; x_wconf 77' lang='lat' dir='ltr'><strong>congregari</strong></span> <span class='ocrx_word' id='word_1_292' title='bbox 739 3923 852 3992; x_wconf 87' lang='lat' dir='ltr'><strong>iaceret,</strong></span> <span class='ocrx_word' id='word_1_293' title='bbox 883 3930 912 3979; x_wconf 88' lang='lat' dir='ltr'><strong>nt</strong></span> <span class='ocrx_word' id='word_1_294' title='bbox 935 3923 968 3980; x_wconf 90' lang='lat' dir='ltr'><strong>iis</strong></span> <span class='ocrx_word' id='word_1_295' title='bbox 986 3925 1092 3980; x_wconf 78' lang='lat' dir='ltr'><strong>terbum</strong></span> 
     </span>
     <span class='ocr_line' id='line_1_36' title="bbox 56 4020 1092 4098; baseline 0 -19"><span class='ocrx_word' id='word_1_296' title='bbox 56 4024 155 4080; x_wconf 83' lang='lat' dir='ltr'><strong>donini</strong></span> <span class='ocrx_word' id='word_1_297' title='bbox 174 4023 349 4097; x_wconf 78' lang='lat' dir='ltr'><strong>praedicaret.</strong></span> <span class='ocrx_word' id='word_1_298' title='bbox 391 4025 453 4081; x_wconf 84' lang='lat' dir='ltr'><strong>Gon</strong></span> <span class='ocrx_word' id='word_1_299' title='bbox 473 4031 558 4082; x_wconf 86' lang='lat' dir='ltr'><strong>auteur</strong></span> <span class='ocrx_word' id='word_1_300' title='bbox 577 4024 733 4098; x_wconf 74' lang='lat' dir='ltr'><strong>congregati</strong></span> <span class='ocrx_word' id='word_1_301' title='bbox 749 4020 877 4092; x_wconf 87' lang='lat' dir='ltr'><strong>luissent,</strong></span> <span class='ocrx_word' id='word_1_302' title='bbox 906 4021 953 4078; x_wconf 90' lang='lat' dir='ltr'><strong>ille</strong></span> <span class='ocrx_word' id='word_1_303' title='bbox 971 4024 1023 4076; x_wconf 88' lang='lat' dir='ltr'><strong>alt:</strong></span> <span class='ocrx_word' id='word_1_304' title='bbox 1044 4038 1092 4079; x_wconf 86' lang='lat' dir='ltr'><strong>ne-</strong></span> 
     </span>
     <span class='ocr_line' id='line_1_37' title="bbox 56 4120 1091 4196; baseline -0.001 -18"><span class='ocrx_word' id='word_1_305' title='bbox 56 4137 189 4195; x_wconf 79' lang='lat' dir='ltr'><strong>quaquan</strong></span> <span class='ocrx_word' id='word_1_306' title='bbox 204 4123 250 4180; x_wconf 88' lang='lat' dir='ltr'><strong>bic</strong></span> <span class='ocrx_word' id='word_1_307' title='bbox 267 4126 333 4180; x_wconf 87' lang='lat' dir='ltr'><strong>estis</strong></span> <span class='ocrx_word' id='word_1_308' title='bbox 353 4139 451 4191; x_wconf 84' lang='lat' dir='ltr'><strong>ornnes,</strong></span> <span class='ocrx_word' id='word_1_309' title='bbox 470 4123 518 4180; x_wconf 85' lang='lat' dir='ltr'><strong>sed</strong></span> <span class='ocrx_word' id='word_1_310' title='bbox 537 4125 634 4196; x_wconf 82' lang='lat' dir='ltr'><strong>aliquia</strong></span> <span class='ocrx_word' id='word_1_311' title='bbox 652 4121 739 4178; x_wconf 83' lang='lat' dir='ltr'><strong>adbuc</strong></span> <span class='ocrx_word' id='word_1_312' title='bbox 753 4120 838 4178; x_wconf 89' lang='lat' dir='ltr'><strong>dcctt.</strong></span> <span class='ocrx_word' id='word_1_313' title='bbox 874 4121 922 4178; x_wconf 84' lang='lat' dir='ltr'><strong>Cui</strong></span> <span class='ocrx_word' id='word_1_314' title='bbox 940 4137 1016 4194; x_wconf 81' lang='lat' dir='ltr'><strong>quum</strong></span> <span class='ocrx_word' id='word_1_315' title='bbox 1036 4138 1091 4177; x_wconf 83' lang='lat' dir='ltr'><strong>onr-</strong></span> 
     </span>
     <span class='ocr_line' id='line_1_38' title="bbox 54 4217 1086 4296; baseline -0.002 -20"><span class='ocrx_word' id='word_1_316' title='bbox 54 4236 102 4277; x_wconf 83' lang='lat' dir='ltr'><strong>nes</strong></span> <span class='ocrx_word' id='word_1_317' title='bbox 117 4238 148 4279; x_wconf 86' lang='lat' dir='ltr'><strong>sc</strong></span> <span class='ocrx_word' id='word_1_318' title='bbox 166 4221 263 4285; x_wconf 80' lang='lat' dir='ltr'><strong>ibidem</strong></span> <span class='ocrx_word' id='word_1_319' title='bbox 282 4238 342 4278; x_wconf 89' lang='lat' dir='ltr'><strong>esse</strong></span> <span class='ocrx_word' id='word_1_320' title='bbox 358 4233 524 4292; x_wconf 82' lang='lat' dir='ltr'><strong>assererent,</strong></span> <span class='ocrx_word' id='word_1_321' title='bbox 550 4223 654 4296; x_wconf 77' lang='lat' dir='ltr'><strong>ajebat:</strong></span> <span class='ocrx_word' id='word_1_322' title='bbox 674 4217 818 4295; x_wconf 80' lang='lat' dir='ltr'><strong>diligenter</strong></span> <span class='ocrx_word' id='word_1_323' title='bbox 834 4221 978 4293; x_wconf 86' lang='lat' dir='ltr'><strong>perquirite</strong></span> <span class='ocrx_word' id='word_1_324' title='bbox 995 4229 1023 4278; x_wconf 87' lang='lat' dir='ltr'><strong>ct</strong></span> <span class='ocrx_word' id='word_1_325' title='bbox 1038 4219 1086 4275; x_wconf 86' lang='lat' dir='ltr'><strong>ali-</strong></span> 
     </span>
    </p>
   </div>
   <div class='ocr_carea' id='block_1_3' title="bbox 102 4433 459 4488">
    <p class='ocr_par' dir='ltr' id='par_1_12' title="bbox 102 4433 459 4488">
     <span class='ocr_line' id='line_1_39' title="bbox 102 4433 459 4488; baseline 0.003 -10"><span class='ocrx_word' id='word_1_326' title='bbox 102 4433 183 4488; x_wconf 74' lang='lat' dir='ltr'><strong>etalii</strong></span> <span class='ocrx_word' id='word_1_327' title='bbox 196 4433 271 4487; x_wconf 76' lang='lat' dir='ltr'><strong>ierunt</strong></span> <span class='ocrx_word' id='word_1_328' title='bbox 285 4434 459 4480; x_wconf 83' lang='lat' dir='ltr'><strong>nominaret.</strong></span> 
     </span>
    </p>
   </div>
   <div class='ocr_carea' id='block_1_4' title="bbox 0 0 1426 5286">
    <p class='ocr_par' dir='ltr' id='par_1_13' title="bbox 0 0 1426 5286">
     <span class='ocr_line' id='line_1_40' title="bbox 0 0 1426 5286; baseline 0 0"><span class='ocrx_word' id='word_1_329' title='bbox 0 0 1426 5286; x_wconf 95' lang='lat' dir='ltr'><strong> </strong></span> 
     </span>
    </p>
   </div>
  </div>
 </body>
</html>
