2866 5310
296 497 358 562 ’288
502 495 574 575 Cep.
599 491 726 552 ctxttt.
767 490 812 550 De
833 495 932 548 semoto
955 485 1125 564 Crieogono.

238 701 239 704 η
297 657 383 728 gitur,
401 651 470 726 quod
488 637 552 712 meri
571 650 604 705 eb
621 650 668 705 illo
687 648 745 704 loco
764 650 898 703 cesiccuto
917 660 934 701 a
952 645 1031 702 bruto
1049 641 1148 716 cyrillo
1171 639 1343 712 ¹)lloreeo-

297 771 351 810 run
371 755 496 825 episcopo
518 750 623 809 llouunn
640 749 795 805 translatum
812 753 862 803 eet.

693 996 912 1011 ᾔ

614 1247 708 1344 lll’.
734 1243 870 1348 titii.
896 1241 1012 1345 det.)

478 1403 560 1472 lie
589 1402 788 1471 sancto
816 1396 1142 1484 crisogono.

365 1567 528 1640 ltrieogonue
542 1569 621 1639 Jueeu
639 1565 801 1638 lipoetettsnl
819 1565 845 1617 ln
863 1577 970 1617 carcere
989 1559 1141 1624 recluditur,
1162 1553 1207 1610 ubl
1222 1557 1337 1620 sanetae

295 1668 455 1723 Anastasiou
473 1666 603 1722 elimoniis
622 1666 770 1722 fovebatur.
807 1663 868 1718 eun
892 1677 958 1737 erpo
977 1660 1143 1717 inertuslen
1164 1658 1204 1712 rtr
1224 1657 1285 1727 ejus
1308 1655 1335 1708 iu

296 1768 452 1822 artissimam
477 1765 621 1822 custodiam
649 1767 798 1836 posuisset,
829 1763 994 1835 crisogono,
1027 1761 1070 1832 qut
1099 1773 1155 1815 eam
1186 1755 1335 1816 erudirent,

294 1867 361 1922 talia
374 1869 478 1937 scriptu
497 1866 601 1921 direxit.
636 1865 732 1920 Sancto
744 1862 891 1919 routeeeort
905 1861 1002 1917 tileristt
1016 1861 1164 1932 crisogono
1177 1857 1324 1913 inereretur

295 1966 424 2039 Sacrilegi
440 1969 532 2039 jugum
553 1967 638 2020 meriti
656 1967 771 2036 suscepi,
790 1964 864 2033 cuiue
883 1961 939 2018 lieo
959 1963 1102 2017 miseraute
1119 1966 1203 2014 torum
1223 1959 1336 2012 mentita

294 2065 443 2122 inienuitate
466 2065 601 2120 declinans
626 2062 670 2120 die
693 2071 822 2136 noctuque
846 2060 943 2118 domini
966 2063 1050 2117 nostri
1072 2059 1135 2118 terr
1157 2057 1259 2114 lileristi
1276 2071 1334 2112 em·

295 2164 397 2237 plector
415 2167 536 2239 reetlgie.
573 2163 635 2222 Gom
654 2166 704 2220 tete
722 2165 903 2237 patrimonium
920 2179 1017 2227 meum,
1041 2177 1074 2216 ex
1098 2173 1149 2232 quo
1174 2158 1335 2222 ttius-natur,

294 2283 350 2323 eum
377 2266 557 2339 indignatione
581 2279 613 2320 ao
639 2265 758 2338 turpibus
783 2263 940 2334 ydololatris
973 2261 1126 2328 exdenrlsl,
1157 2275 1196 2316 me
1226 2273 1335 2331 quoque

295 2367 366 2423 relnt
388 2381 488 2438 magam
513 2371 591 2437 utque
617 2365 773 2436 sacrilegum
795 2363 933 2418 custodiae
957 2369 1009 2418 tam
1031 2363 1206 2436 gravissimos
1232 2363 1335 2414 muci·

295 2467 383 2537 perit,
419 2472 446 2520 ut
476 2480 516 2520 me
548 2467 624 2519 ritem
654 2465 822 2535 temporalem
849 2465 969 2520 emittere
992 2465 1120 2534 eueplcer.
1142 2459 1233 2516 ¹lllluil
1264 2463 1334 2517 eni·

294 2573 432 2637 superest,
459 2565 510 2619 nisi
535 2571 563 2620 ut
587 2567 684 2619 emisso
709 2567 802 2635 spiritu
826 2565 903 2618 morti
921 2564 1093 2618 euecumlrenr.
1129 2561 1157 2618 ln
1176 2577 1231 2634 pra
1249 2567 1335 2618 morte

294 2664 357 2720 licet
375 2665 490 2739 glorier,
514 2673 599 2722 tamen
626 2680 683 2721 mea
700 2679 773 2720 mene
793 2663 869 2720 eulde
887 2665 1045 2730 conteritur,
1071 2665 1133 2735 pule
1155 2677 1223 2734 opes
1248 2677 1334 2728 meae,

296 2780 362 2836 pure
388 2763 443 2820 lieo
469 2764 640 2831 deruremm,
669 2761 831 2835 atnrplleue
855 2771 1048 2822 coneumuntur.
1094 2762 1174 2830 lete,
1206 2765 1249 2820 rir
1275 2761 1333 2828 Ilei,

295 2872 475 2937 mementoque
492 2867 549 2922 mei.
586 2866 633 2920 Cui
651 2865 816 2937 liriecgonue
835 2865 984 2935 respondit:
1010 2865 1087 2930 uide,
1106 2863 1176 2935 quod
1194 2879 1247 2918 non
1267 2879 1334 2919 cou-

292 2964 408 3020 turbrrie
433 2968 458 3019 iu
482 2963 549 3030 leco,
580 2964 650 3037 qaod
680 2964 727 3020 tibi
753 2966 796 3035 pie
829 2965 925 3019 uiuenti
950 2962 1097 3018 inlernuter
1120 2963 1251 3032 tedreree¹
1279 2981 1331 3021 noe

294 3067 360 3120 enlm
376 3064 517 3136 deciperis.
537 3063 583 3120 red
603 3064 740 3136 proborie3
757 3065 811 3119 cllo
829 3061 862 3118 nd
881 3069 908 3118 tr
922 3062 1045 3134 placitum
1058 3069 1159 3134 ternpus
1176 3062 1330 3135 ⁸)Clurlstrr

291 3170 426 3218 convertet
441 3170 466 3217 ct
478 3166 553 3235 ponet
569 3171 629 3233 pust
644 3166 730 3220 noctis
744 3163 868 3220 tenebrae
888 3161 1006 3218 llorldnm
1021 3161 1069 3219 Ilei
1089 3162 1174 3219 lumen
1193 3164 1331 3236 udepicire

292 3268 319 3318 et
332 3270 393 3330 poet
404 3263 501 3334 glaciei
515 3263 600 3336 lrigue
612 3279 694 3319 auree
706 3263 754 3318 titel
768 3270 887 3334 tempure
900 3277 932 3318 sc
946 3277 1041 3318 serene
1053 3263 1202 3320 suecedent.
1223 3263 1291 3323 l'ale
1303 3269 1330 3320 ln

291 3361 396 3418 domino
416 3369 443 3420 et
455 3377 502 3417 cru
515 3379 564 3434 pro
580 3379 628 3421 rue.
664 3363 781 3436 lienique
793 3379 849 3419 cnm
864 3362 945 3420 beate
958 3362 1101 3419 inretorto
1113 3366 1151 3420 ele
1164 3367 1190 3420 ln
1205 3366 1330 3423 custodia

291 3468 435 3526 emeretur,
460 3469 488 3517 ut
516 3464 558 3516 rte
582 3464 607 3518 et
625 3465 701 3534 pente
720 3457 854 3537 quadrans
873 3462 996 3531 deretur,
1021 3466 1174 3520 enietierene
1193 3481 1225 3544 ec
1244 3469 1327 3524 rauri-

289 3569 500 3627 commemoro
525 3562 674 3635 llrleogono
699 3564 836 3634 epistolem
862 3565 887 3618 in
914 3563 979 3619 inec
1003 3565 1084 3620 rerbe
1107 3565 1225 3638 scripsit.
1256 3565 1327 3624 Gon-

289 3662 385 3719 teeeuri
404 3661 501 3716 Ciriett
521 3661 670 3734 crisogono
689 3665 841 3720 innetnsia
875 3663 948 3719 Finis
975 3667 1046 3722 venit
1067 3667 1187 3736 corporis
1205 3669 1273 3733 nei,
1298 3672 1327 3723 rt

289 3760 467 3835 egredientem
484 3763 596 3816 animun
617 3763 674 3832 lpse
692 3765 835 3834 suscipiet,
855 3779 902 3836 pro
924 3767 999 3836 culce
1018 3780 1107 3822 umore
1126 3768 1178 3820 iste
1194 3769 1326 3832 sueduee.

287 3875 355 3933 queo
375 3877 406 3917 er
425 3877 472 3917 oru
487 3859 565 3932 hules
581 3861 685 3918 retnlne
707 3866 901 3936 recognoveris.
937 3864 984 3920 Cui
1000 3865 1045 3920 tlle
1060 3868 1210 3936 rescripsit:
1228 3883 1325 3939 erper-

288 3969 341 4025 eet,
366 3968 393 4015 ut
417 3959 501 4016 lumen
526 3961 651 4017 tenebrae
676 3961 844 4019 antecedent:
875 3966 917 4020 sto
944 3968 1022 4020 etium
1052 3971 1114 4035 post
1148 3964 1325 4024 indemnitatem

210 4107 211 4112 ,
285 4060 357 4116 selue
376 4063 517 4116 reuertitur
533 4068 560 4117 ot
578 4063 632 4116 rito
650 4068 710 4132 puel
728 4067 834 4118 mortem
858 4066 1026 4136 promittitur.
1063 4063 1118 4121 Uno
1142 4063 1192 4122 dne
1214 4069 1324 4124 coude-

285 4160 382 4217 dnntur
397 4167 424 4218 et
441 4160 552 4216 adrem
573 4160 651 4233 liniue
671 4161 759 4216 mundi
782 4168 809 4218 et
834 4178 980 4235 prospero,
1006 4180 1039 4220 ne
1062 4162 1101 4222 rel
1123 4165 1247 4220 tristibus
1274 4167 1324 4226 de·

283 4263 400 4332 speretis
427 4259 469 4316 rel
499 4259 577 4318 laede
609 4260 690 4316 eletio
722 4261 877 4319 dominetur.
918 4261 999 4320 llnum
1029 4279 1101 4321 erere
1132 4272 1188 4334 ret¹
1218 4267 1246 4322 tn
1269 4285 1324 4342 pro

331 4473 352 4531 i)
365 4473 450 4526 vulsor
462 4477 649 4519 moranornen
662 4473 749 4527 lenitur.
829 4478 853 4530 i)
865 4479 961 4522 nomene
981 4477 1118 4526 christus
1129 4481 1216 4527 onrittit
1231 4481 1273 4528 si.
1288 4487 1324 4532 Pr.
