2798 5302
321 499 359 564 16
514 503 587 582 Cep.
611 503 650 562 ii.
692 503 738 564 De
758 514 856 564 sencio
878 504 990 566 Andreu
1010 507 1154 588 apoetolo.

318 675 364 718 aon
380 661 595 718 munincides
611 665 680 718 vitae
700 661 813 719 reddidit
830 662 920 720 aethna
941 668 976 738 ¹).
995 697 1029 712 ι·-
1046 699 1081 712 -
1103 673 1137 731 Β.
1155 668 1257 727 licetne
1273 674 1351 746 igitvr

318 762 440 819 Andreae
455 762 483 816 iu
510 760 616 834 dolare
640 765 785 820 concisione
808 765 888 818 totam
905 779 962 822 cun
980 767 1099 824 cedualla
1116 767 1237 843 inplevit
1253 777 1281 827 et
1294 771 1348 845 piu·

318 864 398 918 riuoe
415 857 542 917 edidere
561 859 659 917 (invicti
675 864 810 918 convertit
861 861 972 921 Uxorern
989 881 1095 940 quoque
1110 867 1220 942 Aegeae
1239 883 1350 940 procon-

318 961 383 1018 enlle
400 959 476 1016 idern
492 957 588 1016 cinno
607 958 695 1016 docuit
712 966 738 1016 et
757 973 834 1016 sacro
852 960 1019 1034 lvapiirrnatio
1043 966 1115 1022 ionte
1134 968 1221 1038 ipsunt
1239 983 1348 1041 regene-

318 1063 394 1119 ravit
446 1056 613 1116 auripluo
636 1061 743 1132 Aegeae
767 1057 860 1118 Patrae
876 1064 1006 1120 dvitaoern
1025 1063 1172 1138 ingreditur
1188 1067 1347 1140 compellere

317 1163 481 1220 tinctiones
505 1157 538 1214 ad
561 1158 692 1214 occviioia
714 1159 866 1229 pdolovunn,
898 1164 941 1218 cui
961 1177 1100 1219 occurrens
1123 1164 1247 1221 Andrean
1268 1163 1347 1222 dixi:

316 1259 458 1334 oportebat
471 1264 500 1315 ut
514 1264 544 1312 tu
561 1260 605 1331 qui
620 1257 703 1332 judex
719 1257 847 1315 lenonum
865 1276 926 1318 eoae
942 1264 1060 1319 inerniati
1076 1265 1104 1319 in
1122 1264 1216 1330 terrie,
1234 1261 1347 1336 ludicen

314 1368 387 1416 tuuvn
403 1360 449 1432 qui
465 1359 492 1412 in
509 1358 592 1414 ooelle
609 1364 667 1425 eet,
701 1363 861 1430 agnosceret
884 1367 912 1418 et
934 1363 1050 1435 agnitum
1073 1361 1175 1418 coleret
1192 1369 1220 1420 et
1237 1363 1347 1420 colende

316 1464 428 1516 animun
445 1472 463 1515 e
478 1457 555 1515 ialeia
571 1457 628 1514 lliie
652 1458 756 1528 penitus
775 1473 923 1517 revoccree.
977 1461 1025 1516 (lui
1041 1461 1163 1534 Aegeae:
1197 1467 1226 1517 tu
1245 1477 1276 1519 ea
1293 1465 1346 1520 An·

316 1561 404 1624 drona
421 1561 465 1630 poi
482 1559 690 1630 superstitiosum
707 1556 845 1627 praedicas
862 1567 976 1627 soetun,
994 1575 1072 1632 quevo
1087 1557 1196 1616 Rornnni
1213 1565 1346 1633 principes

315 1675 398 1731 nuper
415 1659 587 1715 exterminare
601 1658 744 1729 jusserunt
777 1657 820 1714 Ad
836 1675 910 1730 quern
928 1659 1063 1717 Andreae:
1086 1658 1196 1716 Rotnani
1213 1663 1346 1734 principer

316 1757 429 1814 nondun
452 1761 645 1830 cognoverunt,
687 1756 817 1829 quonodo
839 1758 907 1815 illiue
929 1757 978 1816 liei
996 1761 1105 1816 veniere
1130 1758 1251 1815 docuerit
1267 1759 1346 1832 ydola

315 1873 375 1916 eoae
394 1856 548 1923 daemonia,
576 1871 646 1929 qnae
661 1854 711 1912 loo
726 1855 836 1926 docent,
861 1857 929 1914 uude
947 1857 1096 1915 offendatur
1112 1855 1197 1926 Deua,
1215 1863 1246 1914 ut
1263 1860 1345 1916 oden·

315 1973 361 2014 aue
387 1955 422 2013 alo
438 1958 472 2012 iio
488 1960 624 2012 avertatur
641 1962 669 2012 et
685 1971 795 2013 aversor
818 1973 871 2013 non
894 1958 1021 2014 exaudiat
1046 1963 1073 2014 et
1100 1973 1154 2014 nen
1177 1959 1344 2016 exaudiendo

314 2054 517 2130 ipvludpubolo
533 2057 698 2126 captiventur
714 2061 742 2112 et
756 2039 884 2128 captivati
899 2055 1172 2124 tandiudcludantur,
1189 2055 1344 2115 donecnvdl

315 2157 348 2214 de
366 2169 478 2227 corpore
495 2137 681 2221 ereant‚niill
698 2171 785 2213 eccon
802 2162 909 2228 praeter
926 2164 1034 2228 peccata
1050 2161 1195 2228 portentet.
1222 2156 1272 2214 (lui
1290 2160 1343 2216 Ae·

314 2271 396 2331 geon:
414 2256 467 2310 leta
485 2267 553 2310 vana
568 2252 647 2311 leena
664 2263 753 2312 veeter
769 2254 923 2328 praedicare
940 2257 1025 2312 emur
1043 2254 1161 2328 patibulo
1177 2262 1220 2313 eet
1235 2257 1342 2315 adiuva.

313 2358 362 2416 Cui
387 2355 524 2411 Andrean
549 2369 599 2425 pro
622 2357 813 2412 restauratione
835 2363 928 2414 noaino
951 2371 1004 2411 non
1027 2370 1078 2428 pro
1099 2355 1178 2426 culpa
1193 2369 1243 2412 eut
1258 2359 1343 2415 crucio

313 2454 457 2529 petihulnvn
474 2458 567 2525 eponte
586 2456 710 2525 suscepit
744 2454 786 2510 io
803 2471 878 2528 quen
895 2457 1002 2531 Aegeae
1020 2454 1101 2510 dixit:
1118 2469 1175 2510 cuna
1192 2469 1211 2511 a
1229 2455 1343 2514 euolo-

313 2555 400 2630 oipulo
418 2554 498 2610 inerit
512 2551 624 2608 traditur
641 2558 668 2608 et
682 2568 700 2608 a
714 2553 823 2611 ludaeis
840 2561 943 2623 tentae,
978 2559 1006 2611 et
1021 2569 1039 2610 a
1054 2553 1179 2610 niiuiuv
1192 2555 1341 2624 cruciiuue,

313 2652 444 2729 quornmlo
460 2657 491 2706 tu
506 2651 590 2718 diois,
628 2668 685 2708 evum
706 2659 801 2724 sponte
825 2655 910 2710 crucia
925 2653 1040 2710 sublim
1057 2652 1234 2725 suppliciunt
1268 2653 1343 2711 Tenc

312 2753 433 2811 Andreae
456 2752 570 2824 quinque
592 2750 738 2808 rationibus
760 2755 847 2823 coepit
875 2753 1014 2813 ostendere
1039 2751 1170 2809 citatum
1192 2752 1342 2812 voluntarie

312 2868 417 2926 pascum
443 2850 534 2906 inleso.
585 2849 692 2906 Scilicet
714 2865 748 2906 ex
770 2865 802 2907 eo
822 2853 892 2923 quod
910 2854 1060 2924 passionen
1077 2865 1150 2907 suern
1168 2853 1301 2923 praeridit
1315 2859 1342 2910 et

311 2950 447 3022 discipulis
464 2949 576 3004 iuturanu
592 2949 737 3020 praedixit3
755 2965 825 3020 ecoe,
840 2953 970 3024 inquiens,
988 2950 1150 3008 medimna
1159 2947 1343 3024 llieroeolpura

311 3059 361 3108 cic.
403 3048 438 3106 Ei
455 3063 488 3104 ox
505 3064 538 3105 eo
557 3048 628 3120 quoi
646 3048 724 3106 Petro
746 3066 804 3107 euru
827 3049 861 3106 ab
879 3049 929 3107 lroo
947 3056 1068 3107 avertere
1086 3051 1202 3122 capienti
1216 3049 1283 3108 dure
1299 3053 1340 3108 in-

311 3152 436 3225 dignatus
462 3148 511 3204 luit
534 3147 638 3204 dicene:
671 3148 740 3205 vade
763 3156 825 3221 poet
847 3165 888 3207 ne
912 3149 1013 3206 Satunu
1035 3155 1085 3206 etc.
1110 3155 1138 3205 et
1162 3164 1196 3206 ox
1212 3165 1246 3206 eo
1268 3152 1339 3224 quod

310 3253 446 3321 uuiunpue
470 3248 571 3304 acillcet
595 3247 713 3319 patiendi
733 3254 760 3304 et
776 3248 933 3322 reeurgendl
948 3265 979 3305 ae
995 3254 1151 3321 potestaten
1168 3248 1269 3307 iniere
1283 3267 1340 3307 nvn·

308 3350 444 3407 niieetnvit
461 3347 565 3402 dicere:
595 3353 752 3419 potestaten
775 3345 863 3405 haheo
885 3349 1000 3422 ponendi
1016 3349 1126 3404 animan
1144 3363 1227 3414 ineam
1245 3356 1272 3406 et
1288 3352 1339 3406 lte-

308 3466 363 3506 ruvu
381 3445 498 3504 sumendi
515 3461 582 3503 canu.
626 3446 660 3513 Et
676 3464 710 3505 ex
727 3463 759 3506 eo
779 3447 848 3521 quod
865 3448 1025 3520 proditorem
1041 3451 1246 3523 praecognovit,
1280 3463 1339 3505 curn

279 3595 281 3600 .
308 3563 401 3622 punem
417 3549 550 3602 intinctum
568 3549 593 3602 ei
612 3546 701 3616 dedii,
732 3564 780 3605 nec
795 3554 883 3604 tanen
900 3549 1002 3605 vitavit
1045 3547 1079 3604 iit
1095 3564 1128 3604 ex
1145 3563 1187 3614 eo,
1206 3547 1277 3620 quod
1296 3548 1338 3604 lo-

306 3663 373 3714 coru,
392 3649 420 3701 in
437 3660 490 3716 quo
507 3645 667 3718 proditorem
682 3652 818 3702 venturum
835 3647 951 3714 sciehat,
969 3646 1052 3719 elegit
1068 3652 1096 3702 et
1111 3646 1153 3702 irie
1169 3645 1289 3702 cunone
1308 3663 1338 3704 ee

305 3745 457 3804 interiuiroc
474 3747 596 3802 uaaerdt
630 3744 712 3801 iilic
728 3744 858 3814 Andreae,
876 3745 947 3819 quod
964 3748 1112 3817 ropewriuu
1122 3747 1206 3802 crucia
1215 3759 1339 3817 magum

305 3853 385 3904 cenet.
438 3844 487 3901 (lui
501 3843 625 3918 Aegeae:
659 3846 807 3916 mysterium
823 3844 875 3901 dici
895 3861 946 3902 nou
963 3851 1069 3917 potest,
1106 3844 1154 3902 eod
1171 3843 1337 3916 ruppliciunv.

305 3947 488 4004 Veruntamen
497 3941 613 3998 ubiniii
622 3959 674 4000 nou
687 3942 920 4016 obtemperaveris,
936 3947 1021 4016 ipsun
1031 3947 1180 4017 npeteriunv
1195 3949 1223 3999 te
1242 3943 1338 4002 tuorum

305 4047 430 4118 experiri.
482 4043 530 4100 Cui
546 4042 683 4098 Andreae:
713 4045 838 4103 elevacio
855 4043 998 4115 peu'lvuluu
1016 4058 1233 4116 expaveeoereru,
1251 4045 1338 4100 crucia

368 4266 391 4318 i)
408 4269 460 4308 l’oet
472 4263 528 4306 luceo
539 4261 610 4306 verdae
623 4259 682 4305 nnale
695 4261 838 4306 liecenliorea
851 4257 1045 4319 interpolaverunt
1056 4261 1115 4307 hano
1126 4261 1246 4320 periodum
1259 4267 1339 4318 operte

305 4331 405 4390 eperdun
418 4331 521 4375 etnexui
533 4330 602 4387 plene
619 4328 767 4374 eontrarium·
791 4334 883 4382 „itero
901 4328 1043 4382 meriatur
1060 4329 1210 4376 iohanuee
1228 4329 1339 4375 lieleiln

304 4395 750 4446 elidedeetovanctlAndrene.
775 4396 928 4441 scleudnvn
946 4403 1001 4450 eei,
1025 4396 1139 4454 inquii.
1164 4396 1339 4453 quodnieer

306 4466 488 4520 indiculum,
501 4463 736 4533 berbeprollxv.
755 4471 869 4509 etoturu
882 4464 1049 4513 mediocrl‘'.
