2828 5302
282 449 338 512 tta
502 453 575 534 Cap.
602 454 680 514 xxii
739 457 783 516 De
805 467 902 517 sancto
924 457 1060 518 Fabiano.

672 791 765 889 diii.
806 790 913 888 titt.

519 943 594 1014 lte
630 947 796 1014 saneto
828 943 1056 1050 Fabiano.

338 1106 469 1164 Fabianus
486 1111 563 1183 quasi
579 1108 711 1167 iabrioaus
731 1107 917 1164 beatitudinem
936 1125 1091 1181 supernam,
1119 1107 1145 1164 id
1164 1116 1220 1177 est,
1247 1123 1304 1165 eain

271 1207 323 1265 sibi
340 1211 479 1282 acquirens
504 1210 599 1282 tripiici
612 1211 691 1286 jure,
719 1209 820 1265 soiiieet
835 1207 1001 1281 adoptionis,
1031 1210 1152 1265 enutiounis
1169 1214 1197 1266 et
1213 1208 1304 1265 debel-

269 1309 386 1366 tationis.

335 1407 467 1465 Fabianus
491 1409 557 1463 nivis
580 1405 711 1465 Ronanus
733 1408 782 1464 iuit
805 1414 833 1465 ot
854 1423 911 1464 euru
934 1422 1006 1480 papa
1029 1405 1151 1464 defuneto
1175 1424 1224 1480 pro
1248 1407 1302 1464 aiio

269 1507 391 1581 eligendo
416 1507 528 1581 populus
551 1509 732 1575 emicuisset,
767 1509 836 1564 iuter
862 1521 909 1564 eos
930 1512 958 1563 et
980 1509 1038 1580 ipse
1062 1510 1132 1564 venit
1149 1509 1187 1563 rei
1206 1509 1302 1564 oxitntn

268 1609 337 1661 seire
354 1606 455 1663 rolens.
489 1605 523 1662 Et
540 1621 601 1663 ecoe
617 1605 737 1662 eoiuunba
753 1606 867 1663 eandida
883 1606 1018 1664 deseendit
1035 1624 1115 1680 super
1130 1614 1211 1680 eaput
1228 1609 1301 1679 ejus:

269 1706 338 1778 quod
356 1720 413 1766 eam
432 1721 520 1762 omnes
540 1708 710 1774 mirarentur,
728 1705 762 1762 ab
781 1708 814 1762 iis
833 1708 858 1763 in
877 1721 973 1779 papam
988 1707 1104 1780 eiigitur.
1139 1706 1198 1784 iiii,
1218 1715 1246 1762 ut
1263 1708 1301 1761 ait

267 1805 396 1862 [imaeue
419 1821 505 1879 popa,
541 1823 590 1878 per
606 1820 696 1862 ornnes
713 1807 837 1879 regiones
854 1812 953 1878 septen
971 1805 1104 1879 dyaconus
1121 1809 1192 1862 nisit
1209 1801 1237 1861 et
1253 1807 1299 1862 iis·

267 1903 325 1962 denu
349 1912 450 1979 septeni
478 1906 660 1978 subdyaconos
690 1903 814 1973 tradidit,
855 1907 900 1978 qui
925 1907 1037 1961 omninno
1065 1912 1143 1980 gesto
1166 1908 1300 1961 martirum

265 2003 439 2079 collegerunt.
474 2005 535 2072 iiie,
552 2009 581 2060 ut
598 2005 636 2060 nit
653 2004 766 2078 iiaytno,
792 2005 946 2077 inperatori
963 2003 1084 2078 Phiiippo
1103 2005 1200 2062 volenti
1218 2009 1300 2063 inter-

265 2105 325 2162 esse
341 2102 459 2161 Pasobae
478 2105 577 2178 vigitiis
596 2110 623 2160 et
643 2107 832 2161 communicare
848 2105 972 2160 nistoriis
990 2106 1087 2160 restitit
1101 2117 1166 2173 neo,
1200 2121 1296 2178 quoue

265 2220 316 2276 qne
335 2211 444 2277 peecata
461 2205 628 2259 obniteretur
644 2209 671 2259 et
687 2205 758 2259 tuton
774 2205 937 2276 poenitentes
961 2207 1059 2270 staret,
1091 2206 1219 2260 interesse
1236 2222 1298 2276 per·

264 2306 342 2360 misit.
377 2303 494 2360 Tandem
513 2303 678 2374 pontificatus
695 2304 735 2358 sni
755 2317 823 2358 anuo
846 2302 988 2359 tredecimo
1005 2303 1083 2374 jussu
1106 2303 1178 2358 Desii
1202 2307 1296 2376 seruitia

264 2401 461 2459 obtruncatione
487 2403 604 2458 martirio
625 2409 774 2460 coronatur.
826 2401 925 2460 Passus
949 2407 991 2459 est
1012 2408 1098 2459 autem
1115 2406 1185 2459 eirca
1201 2419 1295 2461 anunm

264 2501 361 2558 donini
376 2500 485 2562 chttt.

673 2708 882 2724 ψ

653 2993 747 3091 aaa.
780 2992 904 3090 biiii.

469 3147 546 3218 Ite
581 3147 747 3218 annoso
779 3143 1077 3220 Sebastiano.

324 3309 498 3367 Sebastianus
516 3307 601 3365 dietus
616 3314 658 3367 est
674 3324 691 3366 a
708 3323 821 3382 sequens
841 3316 867 3366 et
884 3308 1039 3377 beatitudo,
1063 3313 1091 3366 et
1106 3311 1199 3378 astino,
1218 3309 1289 3383 quod

256 3416 297 3466 est
313 3411 423 3477 oiritas,
447 3412 475 3465 ot
492 3421 557 3477 ana,
582 3407 653 3481 quod
669 3415 711 3465 est
729 3424 848 3478 sursum,
875 3412 953 3483 quasi
970 3424 1084 3482 sequens
1101 3407 1287 3465 beatitudinem

255 3511 370 3578 civitatis
389 3521 505 3564 sannae
521 3513 548 3564 et
564 3523 694 3580 supernae
710 3507 829 3584 gloriae,
863 3507 915 3565 boo
933 3515 990 3576 ast,
1025 3523 1081 3566 ean
1104 3507 1243 3580 possidens
1261 3513 1289 3564 et

201 3683 202 3688 η
255 3612 407 3684 soqudrem:
433 3615 461 3666 et
477 3606 527 3664 boo
545 3609 698 3682 quintuplici
716 3607 825 3665 denario
844 3607 983 3667 seoutndutn
1001 3610 1191 3683 augustinum,
1220 3622 1286 3680 pan-

254 3715 358 3782 oertate
374 3723 498 3782 regnum.
527 3707 619 3764 doiore
636 3708 777 3782 gaudium,
802 3707 895 3765 labore
912 3712 1043 3783 requiem,
1066 3709 1212 3781 ignominia
1226 3706 1287 3781 gio·

253 3811 335 3878 riaru,
372 3815 455 3865 uuorte
474 3809 563 3870 vitan.
603 3807 652 3865 Vei
669 3808 765 3864 dieitur
781 3806 954 3865 Sebastianus
970 3823 989 3864 a
1004 3809 1092 3865 basto.
1124 3806 1191 3864 Natu
1211 3807 1287 3865 nuties

254 3909 388 3977 Christus,
408 3923 490 3981 equus
508 3907 636 3978 ecelesia,
653 3907 757 3965 basiant
774 3911 831 3965 rire
849 3907 918 3965 solia
935 3906 1118 3976 Sebastianus,
1136 3922 1189 3980 quo
1203 3905 1286 3964 nodi·

253 4015 314 4065 ante
331 4007 451 4065 cbristus
468 4011 494 4064 in
513 4006 627 4064 eeclesia
645 4009 767 4065 militarit
782 4012 809 4065 et
827 4007 861 4064 de
878 4007 965 4063 muido
983 4006 1134 4064 martiribus
1149 4008 1284 4066 riotortanu

252 4107 371 4164 obtinuit
394 4107 443 4164 i'ei
461 4103 636 4166 Sebastianus
652 4111 840 4180 intorpretatur
855 4107 968 4164 uadatus
986 4108 1027 4164 rei
1042 4108 1210 4164 nironuuiens:
1228 4105 1284 4163 rai-

251 4207 337 4276 iatua,
356 4210 419 4280 quia
436 4210 542 4283 sagittis
559 4213 689 4281 unquam
709 4207 822 4264 berioins
842 4208 890 4264 tuit
906 4208 1096 4278 otroonudatur,
1119 4206 1282 4275 simoninus,

251 4309 315 4381 quta
332 4323 421 4364 onnes
438 4311 560 4366 martires
577 4307 730 4365 eironnibat
746 4314 772 4364 et
791 4324 880 4364 onnes
898 4307 1076 4364 confortabat.

316 4413 346 4468 Ι.
365 4405 538 4466 Sebastianus
558 4409 598 4465 vir
613 4407 858 4478 otrbttantsstmns,
883 4407 1062 4466 Narbonensis
1078 4422 1191 4482 genere,
1216 4407 1282 4462 siris
