<?xml version="1.0" encoding="UTF-8"?>
<!DOCTYPE html PUBLIC "-//W3C//DTD XHTML 1.0 Transitional//EN"
    "http://www.w3.org/TR/xhtml1/DTD/xhtml1-transitional.dtd">
<html xmlns="http://www.w3.org/1999/xhtml" xml:lang="en" lang="en">
 <head>
  <title>
</title>
<meta http-equiv="Content-Type" content="text/html;charset=utf-8" />
  <meta name='ocr-system' content='tesseract 3.04.00' />
  <meta name='ocr-capabilities' content='ocr_page ocr_carea ocr_par ocr_line ocrx_word'/>
</head>
<body>
  <div class='ocr_page' id='page_1' title='image "./jacobiavoragine00jacogoog_0257.png"; bbox 0 0 2842 5286; ppageno 0'>
   <div class='ocr_carea' id='block_1_1' title="bbox 297 463 1125 548">
    <p class='ocr_par' dir='ltr' id='par_1_1' title="bbox 297 463 1125 548">
     <span class='ocr_line' id='line_1_1' title="bbox 297 463 1125 548; baseline -0.011 -18"><span class='ocrx_word' id='word_1_1' title='bbox 297 470 358 530; x_wconf 80' lang='lat'>236</span> <span class='ocrx_word' id='word_1_2' title='bbox 498 468 570 548; x_wconf 88' lang='lat' dir='ltr'>Cap.</span> <span class='ocrx_word' id='word_1_3' title='bbox 592 467 668 527; x_wconf 79' lang='lat' dir='ltr'>Lis.</span> <span class='ocrx_word' id='word_1_4' title='bbox 711 467 756 532; x_wconf 83' lang='lat' dir='ltr'>De</span> <span class='ocrx_word' id='word_1_5' title='bbox 778 467 986 528; x_wconf 87' lang='lat' dir='ltr'>resurrectione</span> <span class='ocrx_word' id='word_1_6' title='bbox 1006 463 1125 524; x_wconf 87' lang='lat' dir='ltr'>domiui.</span> 
     </span>
    </p>
   </div>
   <div class='ocr_carea' id='block_1_2' title="bbox 284 614 1346 4431">
    <p class='ocr_par' dir='ltr' id='par_1_2' title="bbox 284 614 1346 4431">
     <span class='ocr_line' id='line_1_2' title="bbox 296 614 1333 699; baseline -0.014 -15"><span class='ocrx_word' id='word_1_7' title='bbox 296 627 490 699; x_wconf 71' lang='lat' dir='ltr'>sequebantur,</span> <span class='ocrx_word' id='word_1_8' title='bbox 506 631 567 696; x_wconf 90' lang='lat' dir='ltr'>post</span> <span class='ocrx_word' id='word_1_9' title='bbox 584 626 734 694; x_wconf 86' lang='lat' dir='ltr'>passionem</span> <span class='ocrx_word' id='word_1_10' title='bbox 753 625 840 676; x_wconf 83' lang='lat' dir='ltr'>autem</span> <span class='ocrx_word' id='word_1_11' title='bbox 858 619 901 675; x_wconf 85' lang='lat' dir='ltr'>iiic</span> <span class='ocrx_word' id='word_1_12' title='bbox 918 620 984 676; x_wconf 92' lang='lat' dir='ltr'>ordo</span> <span class='ocrx_word' id='word_1_13' title='bbox 1001 625 1114 674; x_wconf 81' lang='grc' dir='ltr'>ιιιιιιιιι</span> <span class='ocrx_word' id='word_1_14' title='bbox 1134 625 1192 685; x_wconf 82' lang='grc' dir='ltr'>ιιι,</span> <span class='ocrx_word' id='word_1_15' title='bbox 1209 619 1248 672; x_wconf 83' lang='lat' dir='ltr'>ita</span> <span class='ocrx_word' id='word_1_16' title='bbox 1266 614 1333 687; x_wconf 81' lang='lat' dir='ltr'>quod</span> 
     </span>
     <span class='ocr_line' id='line_1_3' title="bbox 296 717 1346 798; baseline -0.013 -16"><span class='ocrx_word' id='word_1_17' title='bbox 296 735 388 783; x_wconf 79' lang='lat' dir='ltr'>noctes</span> <span class='ocrx_word' id='word_1_18' title='bbox 404 723 566 798; x_wconf 85' lang='lat' dir='ltr'>praecedunt</span> <span class='ocrx_word' id='word_1_19' title='bbox 582 727 609 776; x_wconf 89' lang='grc' dir='ltr'>ιι</span> <span class='ocrx_word' id='word_1_20' title='bbox 627 721 684 776; x_wconf 88' lang='lat' dir='ltr'>dies</span> <span class='ocrx_word' id='word_1_21' title='bbox 700 724 845 791; x_wconf 84' lang='lat' dir='ltr'>sequuntur</span> <span class='ocrx_word' id='word_1_22' title='bbox 863 725 890 773; x_wconf 94' lang='lat' dir='ltr'>et</span> <span class='ocrx_word' id='word_1_23' title='bbox 906 718 956 773; x_wconf 84' lang='lat' dir='ltr'>troo</span> <span class='ocrx_word' id='word_1_24' title='bbox 972 720 1096 788; x_wconf 65' lang='lat' dir='ltr'>mysterio</span> <span class='ocrx_word' id='word_1_25' title='bbox 1110 717 1252 789; x_wconf 70' lang='lat' dir='ltr'>congruit,</span> <span class='ocrx_word' id='word_1_26' title='bbox 1270 729 1346 786; x_wconf 71' lang='lat' dir='ltr'>qao.</span> 
     </span>
     <span class='ocr_line' id='line_1_4' title="bbox 296 813 1333 894; baseline -0.014 -13"><span class='ocrx_word' id='word_1_27' title='bbox 296 829 364 881; x_wconf 85' lang='lat' dir='ltr'>utum</span> <span class='ocrx_word' id='word_1_28' title='bbox 376 824 452 879; x_wconf 86' lang='lat' dir='ltr'>homo</span> <span class='ocrx_word' id='word_1_29' title='bbox 471 820 598 894; x_wconf 84' lang='lat' dir='ltr'>primodo</span> <span class='ocrx_word' id='word_1_30' title='bbox 614 819 657 874; x_wconf 90' lang='lat' dir='ltr'>die</span> <span class='ocrx_word' id='word_1_31' title='bbox 672 821 776 890; x_wconf 79' lang='lat' dir='ltr'>gratiae</span> <span class='ocrx_word' id='word_1_32' title='bbox 789 817 884 872; x_wconf 87' lang='lat' dir='ltr'>cecidit</span> <span class='ocrx_word' id='word_1_33' title='bbox 902 819 927 871; x_wconf 92' lang='lat' dir='ltr'>in</span> <span class='ocrx_word' id='word_1_34' title='bbox 944 823 1044 872; x_wconf 85' lang='lat' dir='ltr'>noctem</span> <span class='ocrx_word' id='word_1_35' title='bbox 1060 816 1165 887; x_wconf 83' lang='lat' dir='ltr'>eulpae,</span> <span class='ocrx_word' id='word_1_36' title='bbox 1181 813 1333 886; x_wconf 85' lang='lat' dir='ltr'>perCisricti</span> 
     </span>
     <span class='ocr_line' id='line_1_5' title="bbox 295 912 1333 992; baseline -0.01 -14"><span class='ocrx_word' id='word_1_37' title='bbox 295 931 382 979; x_wconf 84' lang='lat' dir='ltr'>sutem</span> <span class='ocrx_word' id='word_1_38' title='bbox 402 924 552 992; x_wconf 86' lang='lat' dir='ltr'>passionem</span> <span class='ocrx_word' id='word_1_39' title='bbox 572 925 599 973; x_wconf 91' lang='lat' dir='ltr'>et</span> <span class='ocrx_word' id='word_1_40' title='bbox 617 919 834 972; x_wconf 83' lang='lat' dir='ltr'>resurrectionem</span> <span class='ocrx_word' id='word_1_41' title='bbox 854 915 886 970; x_wconf 89' lang='lat' dir='ltr'>de</span> <span class='ocrx_word' id='word_1_42' title='bbox 912 923 989 970; x_wconf 87' lang='lat' dir='ltr'>nocte</span> <span class='ocrx_word' id='word_1_43' title='bbox 1006 915 1100 986; x_wconf 81' lang='lat' dir='ltr'>cuipas</span> <span class='ocrx_word' id='word_1_44' title='bbox 1117 912 1251 969; x_wconf 83' lang='lat' dir='ltr'>rediitad</span> <span class='ocrx_word' id='word_1_45' title='bbox 1269 913 1333 968; x_wconf 88' lang='lat' dir='ltr'>diem</span> 
     </span>
     <span class='ocr_line' id='line_1_6' title="bbox 295 1012 1334 1094; baseline -0.009 -18"><span class='ocrx_word' id='word_1_46' title='bbox 295 1024 409 1094; x_wconf 77' lang='lat' dir='ltr'>gratiae.</span> <span class='ocrx_word' id='word_1_47' title='bbox 450 1021 527 1076; x_wconf 84' lang='lat' dir='ltr'>Circa</span> <span class='ocrx_word' id='word_1_48' title='bbox 546 1015 684 1073; x_wconf 85' lang='lat' dir='ltr'>secundum</span> <span class='ocrx_word' id='word_1_49' title='bbox 706 1012 839 1069; x_wconf 88' lang='lat' dir='ltr'>sciendum</span> <span class='ocrx_word' id='word_1_50' title='bbox 864 1022 920 1080; x_wconf 87' lang='lat' dir='ltr'>est,</span> <span class='ocrx_word' id='word_1_51' title='bbox 947 1013 1016 1086; x_wconf 87' lang='lat' dir='ltr'>quod</span> <span class='ocrx_word' id='word_1_52' title='bbox 1038 1014 1198 1068; x_wconf 85' lang='lat' dir='ltr'>conueniens</span> <span class='ocrx_word' id='word_1_53' title='bbox 1217 1013 1285 1078; x_wconf 86' lang='lat' dir='ltr'>imit,</span> <span class='ocrx_word' id='word_1_54' title='bbox 1308 1019 1334 1068; x_wconf 87' lang='lat' dir='ltr'>st</span> 
     </span>
     <span class='ocr_line' id='line_1_7' title="bbox 294 1109 1334 1188; baseline -0.008 -14"><span class='ocrx_word' id='word_1_55' title='bbox 294 1137 347 1174; x_wconf 89' lang='lat' dir='ltr'>non</span> <span class='ocrx_word' id='word_1_56' title='bbox 366 1121 468 1184; x_wconf 80' lang='lat' dir='ltr'>stetim,</span> <span class='ocrx_word' id='word_1_57' title='bbox 487 1113 592 1188; x_wconf 86' lang='lat' dir='ltr'>quando</span> <span class='ocrx_word' id='word_1_58' title='bbox 610 1115 726 1168; x_wconf 90' lang='lat' dir='ltr'>mortuus</span> <span class='ocrx_word' id='word_1_59' title='bbox 745 1113 809 1180; x_wconf 79' lang='lat' dir='ltr'>fuit,</span> <span class='ocrx_word' id='word_1_60' title='bbox 835 1111 953 1167; x_wconf 80' lang='lat' dir='ltr'>Christus</span> <span class='ocrx_word' id='word_1_61' title='bbox 972 1117 1124 1182; x_wconf 79' lang='lat' dir='ltr'>resurgeret</span> <span class='ocrx_word' id='word_1_62' title='bbox 1140 1109 1189 1166; x_wconf 88' lang='lat' dir='ltr'>sed</span> <span class='ocrx_word' id='word_1_63' title='bbox 1208 1113 1334 1184; x_wconf 75' lang='lat' dir='ltr'>usquein</span> 
     </span>
     <span class='ocr_line' id='line_1_8' title="bbox 296 1209 1335 1285; baseline -0.008 -13"><span class='ocrx_word' id='word_1_64' title='bbox 296 1219 363 1273; x_wconf 88' lang='lat' dir='ltr'>diem</span> <span class='ocrx_word' id='word_1_65' title='bbox 383 1219 487 1272; x_wconf 88' lang='lat' dir='ltr'>tertium</span> <span class='ocrx_word' id='word_1_66' title='bbox 507 1218 683 1285; x_wconf 71' lang='lat' dir='ltr'>exspectaret,</span> <span class='ocrx_word' id='word_1_67' title='bbox 703 1217 813 1282; x_wconf 85' lang='lat' dir='ltr'>propter</span> <span class='ocrx_word' id='word_1_68' title='bbox 829 1213 943 1282; x_wconf 85' lang='lat' dir='ltr'>quinque</span> <span class='ocrx_word' id='word_1_69' title='bbox 961 1213 1085 1266; x_wconf 87' lang='lat' dir='ltr'>rationes.</span> <span class='ocrx_word' id='word_1_70' title='bbox 1120 1209 1209 1265; x_wconf 87' lang='lat' dir='ltr'>Primo</span> <span class='ocrx_word' id='word_1_71' title='bbox 1226 1216 1335 1280; x_wconf 77' lang='lat' dir='ltr'>prepter</span> 
     </span>
     <span class='ocr_line' id='line_1_9' title="bbox 294 1307 1333 1388; baseline -0.011 -16"><span class='ocrx_word' id='word_1_72' title='bbox 294 1317 521 1388; x_wconf 77' lang='lat' dir='ltr'>significationem,</span> <span class='ocrx_word' id='word_1_73' title='bbox 540 1319 568 1367; x_wconf 91' lang='lat' dir='ltr'>ut</span> <span class='ocrx_word' id='word_1_74' title='bbox 586 1312 685 1366; x_wconf 83' lang='lat' dir='ltr'>scilicet</span> <span class='ocrx_word' id='word_1_75' title='bbox 704 1324 737 1365; x_wconf 91' lang='lat' dir='ltr'>ox</span> <span class='ocrx_word' id='word_1_76' title='bbox 754 1309 805 1364; x_wconf 84' lang='lat' dir='ltr'>noo</span> <span class='ocrx_word' id='word_1_77' title='bbox 816 1307 1020 1381; x_wconf 73' lang='lat' dir='ltr'>significaretur,</span> <span class='ocrx_word' id='word_1_78' title='bbox 1039 1309 1110 1380; x_wconf 85' lang='lat' dir='ltr'>quod</span> <span class='ocrx_word' id='word_1_79' title='bbox 1127 1309 1173 1364; x_wconf 87' lang='lat' dir='ltr'>iux</span> <span class='ocrx_word' id='word_1_80' title='bbox 1185 1323 1253 1363; x_wconf 85' lang='lat' dir='ltr'>suae</span> <span class='ocrx_word' id='word_1_81' title='bbox 1266 1323 1333 1362; x_wconf 87' lang='lat' dir='ltr'>mor-</span> 
     </span>
     <span class='ocr_line' id='line_1_10' title="bbox 292 1406 1334 1480; baseline -0.007 -13"><span class='ocrx_word' id='word_1_82' title='bbox 292 1415 330 1468; x_wconf 90' lang='lat' dir='ltr'>tis</span> <span class='ocrx_word' id='word_1_83' title='bbox 349 1415 451 1467; x_wconf 86' lang='lat' dir='ltr'>curauit</span> <span class='ocrx_word' id='word_1_84' title='bbox 474 1418 589 1466; x_wconf 79' lang='lat' dir='ltr'>nostrum</span> <span class='ocrx_word' id='word_1_85' title='bbox 614 1408 720 1480; x_wconf 86' lang='lat' dir='ltr'>duptam</span> <span class='ocrx_word' id='word_1_86' title='bbox 744 1414 853 1462; x_wconf 82' lang='lat' dir='ltr'>mortem</span> <span class='ocrx_word' id='word_1_87' title='bbox 878 1413 904 1462; x_wconf 91' lang='lat' dir='ltr'>et</span> <span class='ocrx_word' id='word_1_88' title='bbox 929 1408 1012 1479; x_wconf 78' lang='lat' dir='ltr'>igitur</span> <span class='ocrx_word' id='word_1_89' title='bbox 1038 1423 1090 1462; x_wconf 86' lang='lat' dir='ltr'>aaa</span> <span class='ocrx_word' id='word_1_90' title='bbox 1112 1406 1155 1462; x_wconf 88' lang='lat' dir='ltr'>die</span> <span class='ocrx_word' id='word_1_91' title='bbox 1185 1408 1293 1478; x_wconf 73' lang='lat' dir='ltr'>integre</span> <span class='ocrx_word' id='word_1_92' title='bbox 1309 1413 1334 1463; x_wconf 87' lang='lat' dir='ltr'>et</span> 
     </span>
     <span class='ocr_line' id='line_1_11' title="bbox 294 1505 1334 1581; baseline -0.005 -15"><span class='ocrx_word' id='word_1_93' title='bbox 294 1511 396 1566; x_wconf 82' lang='lat' dir='ltr'>eiuabus</span> <span class='ocrx_word' id='word_1_94' title='bbox 416 1510 535 1566; x_wconf 84' lang='lat' dir='ltr'>noctibus</span> <span class='ocrx_word' id='word_1_95' title='bbox 556 1511 642 1581; x_wconf 78' lang='lat' dir='ltr'>jacuit</span> <span class='ocrx_word' id='word_1_96' title='bbox 659 1510 685 1562; x_wconf 90' lang='lat' dir='ltr'>iu</span> <span class='ocrx_word' id='word_1_97' title='bbox 709 1506 865 1578; x_wconf 81' lang='lat' dir='ltr'>sepulchro,</span> <span class='ocrx_word' id='word_1_98' title='bbox 896 1511 925 1560; x_wconf 88' lang='lat' dir='ltr'>ut</span> <span class='ocrx_word' id='word_1_99' title='bbox 944 1520 991 1575; x_wconf 91' lang='lat' dir='ltr'>per</span> <span class='ocrx_word' id='word_1_100' title='bbox 1015 1505 1082 1560; x_wconf 87' lang='lat' dir='ltr'>diem</span> <span class='ocrx_word' id='word_1_101' title='bbox 1102 1505 1268 1578; x_wconf 80' lang='lat' dir='ltr'>intelligatur</span> <span class='ocrx_word' id='word_1_102' title='bbox 1290 1506 1334 1561; x_wconf 88' lang='lat' dir='ltr'>iux</span> 
     </span>
     <span class='ocr_line' id='line_1_12' title="bbox 294 1602 1333 1680; baseline -0.004 -16"><span class='ocrx_word' id='word_1_103' title='bbox 294 1625 359 1664; x_wconf 85' lang='lat' dir='ltr'>susa</span> <span class='ocrx_word' id='word_1_104' title='bbox 378 1611 479 1676; x_wconf 87' lang='lat' dir='ltr'>mortis,</span> <span class='ocrx_word' id='word_1_105' title='bbox 498 1625 547 1680; x_wconf 89' lang='lat' dir='ltr'>per</span> <span class='ocrx_word' id='word_1_106' title='bbox 563 1607 630 1664; x_wconf 85' lang='lat' dir='ltr'>duas</span> <span class='ocrx_word' id='word_1_107' title='bbox 647 1612 739 1662; x_wconf 87' lang='lat' dir='ltr'>noctes</span> <span class='ocrx_word' id='word_1_108' title='bbox 757 1612 848 1660; x_wconf 88' lang='lat' dir='ltr'>nostru</span> <span class='ocrx_word' id='word_1_109' title='bbox 867 1604 965 1676; x_wconf 79' lang='lat' dir='ltr'>duplex</span> <span class='ocrx_word' id='word_1_110' title='bbox 980 1619 1059 1668; x_wconf 86' lang='lat' dir='ltr'>mors,</span> <span class='ocrx_word' id='word_1_111' title='bbox 1077 1611 1104 1660; x_wconf 89' lang='grc' dir='ltr'>ιι</span> <span class='ocrx_word' id='word_1_112' title='bbox 1121 1602 1189 1658; x_wconf 83' lang='lat' dir='ltr'>iane</span> <span class='ocrx_word' id='word_1_113' title='bbox 1206 1607 1333 1662; x_wconf 79' lang='lat' dir='ltr'>rationem</span> 
     </span>
     <span class='ocr_line' id='line_1_13' title="bbox 294 1701 1332 1780; baseline -0.004 -18"><span class='ocrx_word' id='word_1_114' title='bbox 294 1711 416 1780; x_wconf 82' lang='lat' dir='ltr'>assignat</span> <span class='ocrx_word' id='word_1_115' title='bbox 431 1705 528 1762; x_wconf 86' lang='lat' dir='ltr'>Giossa</span> <span class='ocrx_word' id='word_1_116' title='bbox 548 1721 628 1776; x_wconf 89' lang='lat' dir='ltr'>super</span> <span class='ocrx_word' id='word_1_117' title='bbox 643 1702 804 1759; x_wconf 82' lang='lat' dir='ltr'>iiiudLueas</span> <span class='ocrx_word' id='word_1_118' title='bbox 817 1701 917 1757; x_wconf 77' lang='lat' dir='ltr'><strong>XXIV:</strong></span> <span class='ocrx_word' id='word_1_119' title='bbox 931 1705 1050 1774; x_wconf 90' lang='lat' dir='ltr'>oportuit</span> <span class='ocrx_word' id='word_1_120' title='bbox 1060 1703 1190 1758; x_wconf 75' lang='lat' dir='ltr'>Christum</span> <span class='ocrx_word' id='word_1_121' title='bbox 1209 1705 1266 1775; x_wconf 88' lang='lat' dir='ltr'>pati</span> <span class='ocrx_word' id='word_1_122' title='bbox 1282 1711 1332 1760; x_wconf 86' lang='lat' dir='ltr'>etc.</span> 
     </span>
     <span class='ocr_line' id='line_1_14' title="bbox 295 1801 1332 1876; baseline -0.001 -16"><span class='ocrx_word' id='word_1_123' title='bbox 295 1804 415 1860; x_wconf 87' lang='lat' dir='ltr'>Secundo</span> <span class='ocrx_word' id='word_1_124' title='bbox 433 1809 543 1876; x_wconf 89' lang='lat' dir='ltr'>propter</span> <span class='ocrx_word' id='word_1_125' title='bbox 559 1803 758 1874; x_wconf 82' lang='lat' dir='ltr'>probationem,</span> <span class='ocrx_word' id='word_1_126' title='bbox 783 1803 845 1874; x_wconf 79' lang='lat' dir='ltr'>quis</span> <span class='ocrx_word' id='word_1_127' title='bbox 862 1803 931 1856; x_wconf 89' lang='lat' dir='ltr'>sieut</span> <span class='ocrx_word' id='word_1_128' title='bbox 953 1803 979 1854; x_wconf 87' lang='lat' dir='ltr'>in</span> <span class='ocrx_word' id='word_1_129' title='bbox 998 1817 1044 1857; x_wconf 90' lang='lat' dir='ltr'>ore</span> <span class='ocrx_word' id='word_1_130' title='bbox 1062 1801 1171 1860; x_wconf 83' lang='lat' dir='ltr'>duorum</span> <span class='ocrx_word' id='word_1_131' title='bbox 1194 1804 1236 1860; x_wconf 81' lang='lat' dir='ltr'>rel</span> <span class='ocrx_word' id='word_1_132' title='bbox 1255 1805 1332 1859; x_wconf 81' lang='lat' dir='ltr'>trium</span> 
     </span>
     <span class='ocr_line' id='line_1_15' title="bbox 294 1898 1332 1973; baseline 0.001 -16"><span class='ocrx_word' id='word_1_133' title='bbox 294 1905 399 1958; x_wconf 88' lang='lat' dir='ltr'>testium</span> <span class='ocrx_word' id='word_1_134' title='bbox 417 1910 470 1958; x_wconf 84' lang='lat' dir='ltr'>stat</span> <span class='ocrx_word' id='word_1_135' title='bbox 483 1918 558 1958; x_wconf 88' lang='lat' dir='ltr'>omno</span> <span class='ocrx_word' id='word_1_136' title='bbox 575 1901 699 1969; x_wconf 85' lang='lat' dir='ltr'>uerbum,</span> <span class='ocrx_word' id='word_1_137' title='bbox 727 1902 766 1955; x_wconf 89' lang='lat' dir='ltr'>sic</span> <span class='ocrx_word' id='word_1_138' title='bbox 783 1901 811 1954; x_wconf 91' lang='lat' dir='ltr'>in</span> <span class='ocrx_word' id='word_1_139' title='bbox 825 1899 911 1954; x_wconf 86' lang='lat' dir='ltr'>tribus</span> <span class='ocrx_word' id='word_1_140' title='bbox 929 1898 1022 1955; x_wconf 84' lang='lat' dir='ltr'>dieiuns</span> <span class='ocrx_word' id='word_1_141' title='bbox 1037 1902 1171 1971; x_wconf 87' lang='lat' dir='ltr'>experitur</span> <span class='ocrx_word' id='word_1_142' title='bbox 1186 1903 1332 1973; x_wconf 78' lang='lat' dir='ltr'>quiremus</span> 
     </span>
     <span class='ocr_line' id='line_1_16' title="bbox 294 1999 1331 2070; baseline 0.001 -13"><span class='ocrx_word' id='word_1_143' title='bbox 294 2002 400 2067; x_wconf 81' lang='lat' dir='ltr'>iactum,</span> <span class='ocrx_word' id='word_1_144' title='bbox 419 2007 445 2057; x_wconf 92' lang='lat' dir='ltr'>et</span> <span class='ocrx_word' id='word_1_145' title='bbox 462 2001 523 2057; x_wconf 86' lang='lat' dir='ltr'>ideo</span> <span class='ocrx_word' id='word_1_146' title='bbox 540 2008 569 2055; x_wconf 89' lang='lat' dir='ltr'>ut</span> <span class='ocrx_word' id='word_1_147' title='bbox 587 2008 693 2055; x_wconf 88' lang='lat' dir='ltr'>mortem</span> <span class='ocrx_word' id='word_1_148' title='bbox 708 2001 776 2055; x_wconf 85' lang='lat' dir='ltr'>hene</span> <span class='ocrx_word' id='word_1_149' title='bbox 794 1999 920 2070; x_wconf 85' lang='lat' dir='ltr'>probaret</span> <span class='ocrx_word' id='word_1_150' title='bbox 936 2005 962 2054; x_wconf 92' lang='lat' dir='ltr'>ct</span> <span class='ocrx_word' id='word_1_151' title='bbox 981 2014 1010 2053; x_wconf 91' lang='lat' dir='ltr'>se</span> <span class='ocrx_word' id='word_1_152' title='bbox 1022 1999 1152 2068; x_wconf 78' lang='lat' dir='ltr'>probasse</span> <span class='ocrx_word' id='word_1_153' title='bbox 1169 1999 1331 2068; x_wconf 84' lang='lat' dir='ltr'>ostenderet,</span> 
     </span>
     <span class='ocr_line' id='line_1_17' title="bbox 292 2096 1330 2171; baseline 0.002 -18"><span class='ocrx_word' id='word_1_154' title='bbox 292 2099 377 2154; x_wconf 86' lang='lat' dir='ltr'>tribus</span> <span class='ocrx_word' id='word_1_155' title='bbox 397 2099 491 2154; x_wconf 85' lang='lat' dir='ltr'>diebus</span> <span class='ocrx_word' id='word_1_156' title='bbox 509 2100 602 2171; x_wconf 85' lang='lat' dir='ltr'>jacere</span> <span class='ocrx_word' id='word_1_157' title='bbox 621 2100 704 2154; x_wconf 84' lang='lat' dir='ltr'>votuit</span> <span class='ocrx_word' id='word_1_158' title='bbox 720 2102 746 2153; x_wconf 91' lang='lat' dir='ltr'>in</span> <span class='ocrx_word' id='word_1_159' title='bbox 770 2096 917 2169; x_wconf 85' lang='lat' dir='ltr'>sepulchro.</span> <span class='ocrx_word' id='word_1_160' title='bbox 959 2096 1052 2152; x_wconf 86' lang='lat' dir='ltr'>Tertio</span> <span class='ocrx_word' id='word_1_161' title='bbox 1071 2105 1179 2169; x_wconf 88' lang='lat' dir='ltr'>propter</span> <span class='ocrx_word' id='word_1_162' title='bbox 1196 2115 1262 2154; x_wconf 83' lang='lat' dir='ltr'>suae</span> <span class='ocrx_word' id='word_1_163' title='bbox 1281 2116 1330 2170; x_wconf 90' lang='lat' dir='ltr'>po-</span> 
     </span>
     <span class='ocr_line' id='line_1_18' title="bbox 292 2195 1329 2270; baseline 0.001 -18"><span class='ocrx_word' id='word_1_164' title='bbox 292 2200 397 2253; x_wconf 82' lang='lat' dir='ltr'>testatis</span> <span class='ocrx_word' id='word_1_165' title='bbox 416 2203 603 2266; x_wconf 78' lang='lat' dir='ltr'>ostensionem,</span> <span class='ocrx_word' id='word_1_166' title='bbox 623 2201 686 2270; x_wconf 83' lang='lat' dir='ltr'>quia</span> <span class='ocrx_word' id='word_1_167' title='bbox 702 2199 726 2252; x_wconf 91' lang='lat' dir='ltr'>si</span> <span class='ocrx_word' id='word_1_168' title='bbox 743 2198 830 2252; x_wconf 85' lang='lat' dir='ltr'>statim</span> <span class='ocrx_word' id='word_1_169' title='bbox 845 2197 1044 2262; x_wconf 80' lang='lat' dir='ltr'>resurrexisset,</span> <span class='ocrx_word' id='word_1_170' title='bbox 1065 2195 1262 2253; x_wconf 81' lang='lat' dir='ltr'>consideretur</span> <span class='ocrx_word' id='word_1_171' title='bbox 1280 2214 1329 2269; x_wconf 91' lang='lat' dir='ltr'>po-</span> 
     </span>
     <span class='ocr_line' id='line_1_19' title="bbox 291 2293 1330 2367; baseline 0.003 -17"><span class='ocrx_word' id='word_1_172' title='bbox 291 2299 413 2352; x_wconf 81' lang='lat' dir='ltr'>testatem</span> <span class='ocrx_word' id='word_1_173' title='bbox 425 2296 523 2352; x_wconf 82' lang='lat' dir='ltr'>habere</span> <span class='ocrx_word' id='word_1_174' title='bbox 538 2296 652 2367; x_wconf 89' lang='lat' dir='ltr'>ponendi</span> <span class='ocrx_word' id='word_1_175' title='bbox 665 2299 780 2351; x_wconf 82' lang='lat' dir='ltr'>ssimum</span> <span class='ocrx_word' id='word_1_176' title='bbox 790 2309 863 2351; x_wconf 87' lang='lat' dir='ltr'>suam</span> <span class='ocrx_word' id='word_1_177' title='bbox 873 2297 943 2350; x_wconf 88' lang='lat' dir='ltr'>sieut</span> <span class='ocrx_word' id='word_1_178' title='bbox 951 2293 1114 2366; x_wconf 74' lang='lat' dir='ltr'>resurgendi.</span> <span class='ocrx_word' id='word_1_179' title='bbox 1135 2293 1170 2350; x_wconf 85' lang='lat' dir='ltr'>Et</span> <span class='ocrx_word' id='word_1_180' title='bbox 1180 2295 1247 2352; x_wconf 84' lang='lat' dir='ltr'>haee</span> <span class='ocrx_word' id='word_1_181' title='bbox 1260 2300 1330 2353; x_wconf 82' lang='lat' dir='ltr'>ratio</span> 
     </span>
     <span class='ocr_line' id='line_1_20' title="bbox 291 2391 1329 2468; baseline -0.001 -18"><span class='ocrx_word' id='word_1_182' title='bbox 291 2393 396 2450; x_wconf 80' lang='lat' dir='ltr'>ridetur</span> <span class='ocrx_word' id='word_1_183' title='bbox 415 2395 522 2468; x_wconf 81' lang='lat' dir='ltr'>tangil.</span> <span class='ocrx_word' id='word_1_184' title='bbox 534 2397 593 2450; x_wconf 82' lang='lat' dir='ltr'>Gor.</span> <span class='ocrx_word' id='word_1_185' title='bbox 607 2393 657 2451; x_wconf 84' lang='lat' dir='ltr'>XV</span> <span class='ocrx_word' id='word_1_186' title='bbox 667 2393 802 2466; x_wconf 84' lang='lat' dir='ltr'>superiiio</span> <span class='ocrx_word' id='word_1_187' title='bbox 814 2411 821 2448; x_wconf 75' lang='grc' dir='ltr'><strong>ε</strong></span> <span class='ocrx_word' id='word_1_188' title='bbox 835 2395 956 2465; x_wconf 83' lang='lat' dir='ltr'>quoniam</span> <span class='ocrx_word' id='word_1_189' title='bbox 969 2391 1089 2448; x_wconf 83' lang='lat' dir='ltr'>Cirristus</span> <span class='ocrx_word' id='word_1_190' title='bbox 1098 2403 1216 2448; x_wconf 73' lang='lat' dir='ltr'>mortuus</span> <span class='ocrx_word' id='word_1_191' title='bbox 1229 2403 1270 2450; x_wconf 89' lang='lat' dir='ltr'>est</span> <span class='ocrx_word' id='word_1_192' title='bbox 1280 2404 1329 2451; x_wconf 87' lang='lat' dir='ltr'>etc.</span> 
     </span>
     <span class='ocr_line' id='line_1_21' title="bbox 290 2477 1331 2564; baseline 0.001 -18"><span class='ocrx_word' id='word_1_193' title='bbox 290 2491 369 2560; x_wconf 90' lang='lat' dir='ltr'>ideo,</span> <span class='ocrx_word' id='word_1_194' title='bbox 384 2483 487 2564; x_wconf 82' lang='lat' dir='ltr'>inquit,</span> <span class='ocrx_word' id='word_1_195' title='bbox 506 2493 539 2549; x_wconf 90' lang='lat' dir='ltr'>de</span> <span class='ocrx_word' id='word_1_196' title='bbox 555 2492 637 2548; x_wconf 75' lang='lat' dir='ltr'>morte</span> <span class='ocrx_word' id='word_1_197' title='bbox 656 2477 849 2563; x_wconf 80' lang='lat' dir='ltr'>praemittitur,</span> <span class='ocrx_word' id='word_1_198' title='bbox 869 2499 898 2547; x_wconf 87' lang='grc' dir='ltr'>ιι</span> <span class='ocrx_word' id='word_1_199' title='bbox 914 2493 983 2547; x_wconf 91' lang='lat' dir='ltr'>sieut</span> <span class='ocrx_word' id='word_1_200' title='bbox 1001 2505 1064 2546; x_wconf 85' lang='lat' dir='ltr'>sera</span> <span class='ocrx_word' id='word_1_201' title='bbox 1083 2507 1153 2546; x_wconf 86' lang='lat' dir='ltr'>rnors</span> <span class='ocrx_word' id='word_1_202' title='bbox 1172 2492 1331 2560; x_wconf 73' lang='lat' dir='ltr'>ostenditur,</span> 
     </span>
     <span class='ocr_line' id='line_1_22' title="bbox 290 2590 1330 2660; baseline 0.002 -16"><span class='ocrx_word' id='word_1_203' title='bbox 290 2593 328 2646; x_wconf 92' lang='lat' dir='ltr'>ita</span> <span class='ocrx_word' id='word_1_204' title='bbox 354 2606 416 2646; x_wconf 86' lang='lat' dir='ltr'>uera</span> <span class='ocrx_word' id='word_1_205' title='bbox 440 2594 599 2648; x_wconf 84' lang='lat' dir='ltr'>resurrectio</span> <span class='ocrx_word' id='word_1_206' title='bbox 631 2590 792 2647; x_wconf 69' lang='lat' dir='ltr'>osuudstur.</span> <span class='ocrx_word' id='word_1_207' title='bbox 831 2591 934 2655; x_wconf 73' lang='lat' dir='ltr'>&#39;Quarto</span> <span class='ocrx_word' id='word_1_208' title='bbox 962 2595 1069 2660; x_wconf 89' lang='lat' dir='ltr'>propter</span> <span class='ocrx_word' id='word_1_209' title='bbox 1099 2592 1330 2646; x_wconf 83' lang='lat' dir='ltr'>mtaurundorum</span> 
     </span>
     <span class='ocr_line' id='line_1_23' title="bbox 289 2687 1331 2762; baseline 0.003 -20"><span class='ocrx_word' id='word_1_210' title='bbox 289 2687 546 2762; x_wconf 76' lang='lat' dir='ltr'>praefigurationem.</span> <span class='ocrx_word' id='word_1_211' title='bbox 581 2689 651 2745; x_wconf 79' lang='lat' dir='ltr'>Hanc</span> <span class='ocrx_word' id='word_1_212' title='bbox 671 2692 796 2744; x_wconf 81' lang='lat' dir='ltr'>rationem</span> <span class='ocrx_word' id='word_1_213' title='bbox 816 2691 935 2761; x_wconf 81' lang='lat' dir='ltr'>assignat</span> <span class='ocrx_word' id='word_1_214' title='bbox 952 2687 1045 2742; x_wconf 87' lang='lat' dir='ltr'>Petrus</span> <span class='ocrx_word' id='word_1_215' title='bbox 1063 2687 1203 2744; x_wconf 78' lang='lat' dir='ltr'>Ravennae</span> <span class='ocrx_word' id='word_1_216' title='bbox 1223 2688 1331 2746; x_wconf 90' lang='lat' dir='ltr'>diceus:</span> 
     </span>
     <span class='ocr_line' id='line_1_24' title="bbox 289 2785 1331 2858; baseline 0.004 -18"><span class='ocrx_word' id='word_1_217' title='bbox 289 2794 345 2843; x_wconf 87' lang='lat' dir='ltr'>tres</span> <span class='ocrx_word' id='word_1_218' title='bbox 363 2785 421 2842; x_wconf 88' lang='lat' dir='ltr'>dies</span> <span class='ocrx_word' id='word_1_219' title='bbox 441 2787 522 2842; x_wconf 83' lang='lat' dir='ltr'>notuit</span> <span class='ocrx_word' id='word_1_220' title='bbox 541 2803 601 2844; x_wconf 87' lang='lat' dir='ltr'>esse</span> <span class='ocrx_word' id='word_1_221' title='bbox 620 2803 685 2844; x_wconf 83' lang='lat' dir='ltr'>suae</span> <span class='ocrx_word' id='word_1_222' title='bbox 703 2787 863 2858; x_wconf 85' lang='lat' dir='ltr'>sepulturae,</span> <span class='ocrx_word' id='word_1_223' title='bbox 883 2801 950 2858; x_wconf 86' lang='lat' dir='ltr'>quse</span> <span class='ocrx_word' id='word_1_224' title='bbox 969 2789 995 2842; x_wconf 90' lang='lat' dir='ltr'>iu</span> <span class='ocrx_word' id='word_1_225' title='bbox 1014 2788 1089 2842; x_wconf 88' lang='lat' dir='ltr'>coeio</span> <span class='ocrx_word' id='word_1_226' title='bbox 1106 2795 1177 2852; x_wconf 88' lang='lat' dir='ltr'>sunt,</span> <span class='ocrx_word' id='word_1_227' title='bbox 1195 2795 1331 2844; x_wconf 79' lang='grc' dir='ltr'>ιιιιιιιιι-</span> 
     </span>
     <span class='ocr_line' id='line_1_25' title="bbox 288 2885 1330 2957; baseline 0.004 -19"><span class='ocrx_word' id='word_1_228' title='bbox 288 2891 378 2951; x_wconf 88' lang='lat' dir='ltr'>turus,</span> <span class='ocrx_word' id='word_1_229' title='bbox 403 2901 471 2957; x_wconf 83' lang='lat' dir='ltr'>quae</span> <span class='ocrx_word' id='word_1_230' title='bbox 488 2887 621 2954; x_wconf 86' lang='lat' dir='ltr'>interra,</span> <span class='ocrx_word' id='word_1_231' title='bbox 649 2892 833 2957; x_wconf 81' lang='lat' dir='ltr'>reparaturus,</span> <span class='ocrx_word' id='word_1_232' title='bbox 853 2901 921 2957; x_wconf 83' lang='lat' dir='ltr'>quse</span> <span class='ocrx_word' id='word_1_233' title='bbox 939 2885 1010 2956; x_wconf 87' lang='lat' dir='ltr'>spud</span> <span class='ocrx_word' id='word_1_234' title='bbox 1027 2886 1138 2950; x_wconf 85' lang='lat' dir='ltr'>interos,</span> <span class='ocrx_word' id='word_1_235' title='bbox 1156 2887 1330 2944; x_wconf 86' lang='lat' dir='ltr'>redemturus.</span> 
     </span>
     <span class='ocr_line' id='line_1_26' title="bbox 289 2978 1331 3057; baseline 0.004 -20"><span class='ocrx_word' id='word_1_236' title='bbox 289 2978 385 3045; x_wconf 79' lang='lat' dir='ltr'>Quinto</span> <span class='ocrx_word' id='word_1_237' title='bbox 410 2991 519 3054; x_wconf 91' lang='lat' dir='ltr'>propter</span> <span class='ocrx_word' id='word_1_238' title='bbox 540 2986 654 3057; x_wconf 84' lang='lat' dir='ltr'>triplicis</span> <span class='ocrx_word' id='word_1_239' title='bbox 676 2991 761 3040; x_wconf 86' lang='lat' dir='ltr'>stutus</span> <span class='ocrx_word' id='word_1_240' title='bbox 786 2986 917 3056; x_wconf 83' lang='lat' dir='ltr'>justorum</span> <span class='ocrx_word' id='word_1_241' title='bbox 945 2987 1221 3054; x_wconf 76' lang='lat' dir='ltr'>repraesentationem.</span> <span class='ocrx_word' id='word_1_242' title='bbox 1257 2985 1331 3041; x_wconf 83' lang='lat' dir='ltr'>iiauo</span> 
     </span>
     <span class='ocr_line' id='line_1_27' title="bbox 287 3081 1330 3157; baseline 0.002 -22"><span class='ocrx_word' id='word_1_243' title='bbox 287 3083 416 3136; x_wconf 90' lang='lat' dir='ltr'>rationem</span> <span class='ocrx_word' id='word_1_244' title='bbox 432 3085 553 3154; x_wconf 82' lang='lat' dir='ltr'>assignat</span> <span class='ocrx_word' id='word_1_245' title='bbox 570 3081 715 3157; x_wconf 77' lang='lat' dir='ltr'>Gregorius</span> <span class='ocrx_word' id='word_1_246' title='bbox 734 3099 814 3152; x_wconf 86' lang='lat' dir='ltr'>snper</span> <span class='ocrx_word' id='word_1_247' title='bbox 828 3081 926 3138; x_wconf 85' lang='lat' dir='ltr'>Erech.</span> <span class='ocrx_word' id='word_1_248' title='bbox 945 3081 1051 3137; x_wconf 87' lang='lat' dir='ltr'>diceus:</span> <span class='ocrx_word' id='word_1_249' title='bbox 1070 3091 1147 3138; x_wconf 85' lang='lat' dir='ltr'>sexta</span> <span class='ocrx_word' id='word_1_250' title='bbox 1163 3083 1231 3140; x_wconf 84' lang='lat' dir='ltr'>teria</span> <span class='ocrx_word' id='word_1_251' title='bbox 1250 3083 1330 3140; x_wconf 84' lang='lat' dir='ltr'>Chri·</span> 
     </span>
     <span class='ocr_line' id='line_1_28' title="bbox 288 3180 1330 3253; baseline 0.002 -19"><span class='ocrx_word' id='word_1_252' title='bbox 288 3183 345 3234; x_wconf 88' lang='lat' dir='ltr'>stus</span> <span class='ocrx_word' id='word_1_253' title='bbox 365 3195 460 3250; x_wconf 90' lang='lat' dir='ltr'>passus</span> <span class='ocrx_word' id='word_1_254' title='bbox 480 3187 536 3246; x_wconf 89' lang='lat' dir='ltr'>est,</span> <span class='ocrx_word' id='word_1_255' title='bbox 556 3181 669 3236; x_wconf 83' lang='lat' dir='ltr'>sabbato</span> <span class='ocrx_word' id='word_1_256' title='bbox 688 3183 788 3253; x_wconf 86' lang='lat' dir='ltr'>quieuit</span> <span class='ocrx_word' id='word_1_257' title='bbox 805 3182 831 3234; x_wconf 89' lang='lat' dir='ltr'>in</span> <span class='ocrx_word' id='word_1_258' title='bbox 849 3180 1004 3251; x_wconf 82' lang='lat' dir='ltr'>sepulchro,</span> <span class='ocrx_word' id='word_1_259' title='bbox 1031 3180 1161 3236; x_wconf 88' lang='lat' dir='ltr'>dominico</span> <span class='ocrx_word' id='word_1_260' title='bbox 1180 3189 1267 3238; x_wconf 85' lang='lat' dir='ltr'>sutem</span> <span class='ocrx_word' id='word_1_261' title='bbox 1285 3181 1330 3237; x_wconf 87' lang='lat' dir='ltr'>die</span> 
     </span>
     <span class='ocr_line' id='line_1_29' title="bbox 287 3278 1329 3351; baseline 0.002 -20"><span class='ocrx_word' id='word_1_262' title='bbox 287 3280 433 3332; x_wconf 89' lang='lat' dir='ltr'>resurrexit</span> <span class='ocrx_word' id='word_1_263' title='bbox 450 3291 467 3331; x_wconf 84' lang='lat' dir='ltr'>s</span> <span class='ocrx_word' id='word_1_264' title='bbox 482 3285 574 3347; x_wconf 87' lang='lat' dir='ltr'>morte,</span> <span class='ocrx_word' id='word_1_265' title='bbox 593 3296 719 3351; x_wconf 85' lang='lat' dir='ltr'>praeseus</span> <span class='ocrx_word' id='word_1_266' title='bbox 733 3285 819 3335; x_wconf 84' lang='lat' dir='ltr'>sutem</span> <span class='ocrx_word' id='word_1_267' title='bbox 839 3281 893 3334; x_wconf 83' lang='lat' dir='ltr'>uita</span> <span class='ocrx_word' id='word_1_268' title='bbox 905 3278 990 3334; x_wconf 86' lang='lat' dir='ltr'>adhuc</span> <span class='ocrx_word' id='word_1_269' title='bbox 1006 3279 1084 3334; x_wconf 87' lang='lat' dir='ltr'>mobis</span> <span class='ocrx_word' id='word_1_270' title='bbox 1101 3289 1179 3336; x_wconf 85' lang='lat' dir='ltr'>sextu</span> <span class='ocrx_word' id='word_1_271' title='bbox 1196 3280 1267 3336; x_wconf 85' lang='lat' dir='ltr'>ieris</span> <span class='ocrx_word' id='word_1_272' title='bbox 1278 3286 1329 3347; x_wconf 83' lang='lat' dir='ltr'>est,</span> 
     </span>
     <span class='ocr_line' id='line_1_30' title="bbox 288 3369 1328 3451; baseline 0.006 -25"><span class='ocrx_word' id='word_1_273' title='bbox 288 3377 351 3445; x_wconf 80' lang='lat' dir='ltr'>quia</span> <span class='ocrx_word' id='word_1_274' title='bbox 374 3376 400 3428; x_wconf 88' lang='lat' dir='ltr'>tu</span> <span class='ocrx_word' id='word_1_275' title='bbox 424 3379 557 3448; x_wconf 82' lang='lat' dir='ltr'>angustiis</span> <span class='ocrx_word' id='word_1_276' title='bbox 583 3385 610 3434; x_wconf 94' lang='lat' dir='ltr'>et</span> <span class='ocrx_word' id='word_1_277' title='bbox 632 3369 769 3433; x_wconf 83' lang='lat' dir='ltr'>doloribus</span> <span class='ocrx_word' id='word_1_278' title='bbox 795 3379 957 3444; x_wconf 80' lang='lat' dir='ltr'>cruciamur,</span> <span class='ocrx_word' id='word_1_279' title='bbox 991 3377 1040 3432; x_wconf 92' lang='lat' dir='ltr'>sed</span> <span class='ocrx_word' id='word_1_280' title='bbox 1064 3379 1177 3434; x_wconf 75' lang='lat' dir='ltr'>sabbato</span> <span class='ocrx_word' id='word_1_281' title='bbox 1205 3381 1282 3451; x_wconf 77' lang='lat' dir='ltr'>quasi</span> <span class='ocrx_word' id='word_1_282' title='bbox 1301 3381 1328 3432; x_wconf 89' lang='lat' dir='ltr'>in</span> 
     </span>
     <span class='ocr_line' id='line_1_31' title="bbox 287 3472 1328 3548; baseline 0.004 -22"><span class='ocrx_word' id='word_1_283' title='bbox 287 3472 430 3543; x_wconf 82' lang='lat' dir='ltr'>sepulchro</span> <span class='ocrx_word' id='word_1_284' title='bbox 448 3477 615 3545; x_wconf 81' lang='lat' dir='ltr'>quiescimus,</span> <span class='ocrx_word' id='word_1_285' title='bbox 635 3477 698 3547; x_wconf 85' lang='lat' dir='ltr'>quia</span> <span class='ocrx_word' id='word_1_286' title='bbox 712 3477 828 3548; x_wconf 75' lang='lat' dir='ltr'>nquiem</span> <span class='ocrx_word' id='word_1_287' title='bbox 847 3477 949 3532; x_wconf 82' lang='lat' dir='ltr'>animae</span> <span class='ocrx_word' id='word_1_288' title='bbox 967 3483 1028 3546; x_wconf 88' lang='lat' dir='ltr'>post</span> <span class='ocrx_word' id='word_1_289' title='bbox 1046 3485 1153 3532; x_wconf 91' lang='lat' dir='ltr'>mortem</span> <span class='ocrx_word' id='word_1_290' title='bbox 1171 3479 1328 3544; x_wconf 86' lang='lat' dir='ltr'>iureuiurus,</span> 
     </span>
     <span class='ocr_line' id='line_1_32' title="bbox 288 3571 1327 3647; baseline 0.008 -23"><span class='ocrx_word' id='word_1_291' title='bbox 288 3571 417 3625; x_wconf 86' lang='lat' dir='ltr'>dominico</span> <span class='ocrx_word' id='word_1_292' title='bbox 437 3579 522 3628; x_wconf 87' lang='lat' dir='ltr'>autem</span> <span class='ocrx_word' id='word_1_293' title='bbox 543 3573 586 3630; x_wconf 91' lang='lat' dir='ltr'>dio</span> <span class='ocrx_word' id='word_1_294' title='bbox 604 3589 620 3628; x_wconf 92' lang='lat' dir='ltr'>a</span> <span class='ocrx_word' id='word_1_295' title='bbox 638 3573 803 3640; x_wconf 87' lang='lat' dir='ltr'>conditione,</span> <span class='ocrx_word' id='word_1_296' title='bbox 821 3580 916 3629; x_wconf 86' lang='lat' dir='ltr'>octauo</span> <span class='ocrx_word' id='word_1_297' title='bbox 935 3589 992 3629; x_wconf 89' lang='lat' dir='ltr'>oum</span> <span class='ocrx_word' id='word_1_298' title='bbox 1011 3591 1123 3647; x_wconf 87' lang='lat' dir='ltr'>corpore</span> <span class='ocrx_word' id='word_1_299' title='bbox 1146 3581 1265 3630; x_wconf 77' lang='lat' dir='ltr'>araone</span> <span class='ocrx_word' id='word_1_300' title='bbox 1284 3590 1327 3632; x_wconf 88' lang='lat' dir='ltr'>re·</span> 
     </span>
     <span class='ocr_line' id='line_1_33' title="bbox 286 3671 1328 3748; baseline 0.005 -24"><span class='ocrx_word' id='word_1_301' title='bbox 286 3671 419 3741; x_wconf 78' lang='lat' dir='ltr'>surgimus</span> <span class='ocrx_word' id='word_1_302' title='bbox 444 3678 471 3726; x_wconf 92' lang='lat' dir='ltr'>et</span> <span class='ocrx_word' id='word_1_303' title='bbox 494 3673 521 3726; x_wconf 89' lang='lat' dir='ltr'>tn</span> <span class='ocrx_word' id='word_1_304' title='bbox 542 3672 632 3745; x_wconf 75' lang='lat' dir='ltr'>gioria</span> <span class='ocrx_word' id='word_1_305' title='bbox 653 3673 755 3727; x_wconf 80' lang='lat' dir='ltr'>enimse</span> <span class='ocrx_word' id='word_1_306' title='bbox 782 3674 860 3727; x_wconf 87' lang='lat' dir='ltr'>etium</span> <span class='ocrx_word' id='word_1_307' title='bbox 879 3688 935 3727; x_wconf 91' lang='lat' dir='ltr'>cum</span> <span class='ocrx_word' id='word_1_308' title='bbox 959 3688 1038 3730; x_wconf 83' lang='lat' dir='ltr'>earne</span> <span class='ocrx_word' id='word_1_309' title='bbox 1055 3673 1208 3748; x_wconf 81' lang='lat' dir='ltr'>gaudemus.</span> <span class='ocrx_word' id='word_1_310' title='bbox 1243 3673 1328 3730; x_wconf 87' lang='lat' dir='ltr'>Doior</span> 
     </span>
     <span class='ocr_line' id='line_1_34' title="bbox 286 3771 1326 3843; baseline 0.002 -19"><span class='ocrx_word' id='word_1_311' title='bbox 286 3782 353 3840; x_wconf 82' lang='lat' dir='ltr'>ergo</span> <span class='ocrx_word' id='word_1_312' title='bbox 374 3783 423 3824; x_wconf 90' lang='lat' dir='ltr'>uos</span> <span class='ocrx_word' id='word_1_313' title='bbox 443 3771 470 3824; x_wconf 89' lang='lat' dir='ltr'>in</span> <span class='ocrx_word' id='word_1_314' title='bbox 488 3776 579 3838; x_wconf 89' lang='lat' dir='ltr'>sexta,</span> <span class='ocrx_word' id='word_1_315' title='bbox 605 3773 709 3842; x_wconf 86' lang='lat' dir='ltr'>requies</span> <span class='ocrx_word' id='word_1_316' title='bbox 726 3773 753 3824; x_wconf 87' lang='lat' dir='ltr'>iu</span> <span class='ocrx_word' id='word_1_317' title='bbox 772 3773 884 3839; x_wconf 85' lang='lat' dir='ltr'>septima</span> <span class='ocrx_word' id='word_1_318' title='bbox 908 3777 934 3825; x_wconf 91' lang='grc' dir='ltr'>ιι</span> <span class='ocrx_word' id='word_1_319' title='bbox 952 3771 1042 3842; x_wconf 78' lang='lat' dir='ltr'>gioria</span> <span class='ocrx_word' id='word_1_320' title='bbox 1059 3774 1159 3843; x_wconf 88' lang='lat' dir='ltr'>excipit</span> <span class='ocrx_word' id='word_1_321' title='bbox 1176 3774 1203 3826; x_wconf 91' lang='lat' dir='ltr'>tn</span> <span class='ocrx_word' id='word_1_322' title='bbox 1221 3780 1326 3827; x_wconf 81' lang='grc' dir='ltr'>ιιιιιι.</span> 
     </span>
     <span class='ocr_line' id='line_1_35' title="bbox 286 3865 1326 3942; baseline 0.003 -21"><span class='ocrx_word' id='word_1_323' title='bbox 286 3866 358 3921; x_wconf 81' lang='lat' dir='ltr'>ilaec</span> <span class='ocrx_word' id='word_1_324' title='bbox 379 3865 532 3938; x_wconf 82' lang='lat' dir='ltr'>Gregorius.</span> <span class='ocrx_word' id='word_1_325' title='bbox 568 3868 647 3923; x_wconf 81' lang='lat' dir='ltr'>Circa</span> <span class='ocrx_word' id='word_1_326' title='bbox 663 3870 767 3923; x_wconf 84' lang='lat' dir='ltr'>tertium</span> <span class='ocrx_word' id='word_1_327' title='bbox 790 3868 908 3935; x_wconf 83' lang='lat' dir='ltr'>seilicet,</span> <span class='ocrx_word' id='word_1_328' title='bbox 927 3871 1041 3942; x_wconf 89' lang='lat' dir='ltr'>quaiiter</span> <span class='ocrx_word' id='word_1_329' title='bbox 1057 3872 1210 3936; x_wconf 84' lang='lat' dir='ltr'>resurrexit,</span> <span class='ocrx_word' id='word_1_330' title='bbox 1229 3877 1326 3924; x_wconf 75' lang='lat' dir='ltr'>nouu-</span> 
     </span>
     <span class='ocr_line' id='line_1_36' title="bbox 288 3964 1325 4039; baseline 0.004 -21"><span class='ocrx_word' id='word_1_331' title='bbox 288 3964 356 4031; x_wconf 87' lang='lat' dir='ltr'>dum,</span> <span class='ocrx_word' id='word_1_332' title='bbox 377 3965 447 4037; x_wconf 83' lang='lat' dir='ltr'>quod</span> <span class='ocrx_word' id='word_1_333' title='bbox 465 3967 548 4036; x_wconf 82' lang='lat' dir='ltr'>primo</span> <span class='ocrx_word' id='word_1_334' title='bbox 567 3968 680 4021; x_wconf 86' lang='lat' dir='ltr'>surrexit</span> <span class='ocrx_word' id='word_1_335' title='bbox 699 3973 837 4037; x_wconf 88' lang='lat' dir='ltr'>potenter,</span> <span class='ocrx_word' id='word_1_336' title='bbox 857 3970 921 4039; x_wconf 85' lang='lat' dir='ltr'>quia</span> <span class='ocrx_word' id='word_1_337' title='bbox 943 3969 1037 4023; x_wconf 84' lang='lat' dir='ltr'>uirtute</span> <span class='ocrx_word' id='word_1_338' title='bbox 1055 3969 1171 4039; x_wconf 81' lang='lat' dir='ltr'>propria</span> <span class='ocrx_word' id='word_1_339' title='bbox 1205 3965 1265 4023; x_wconf 83' lang='lat' dir='ltr'>ion.</span> <span class='ocrx_word' id='word_1_340' title='bbox 1285 3969 1325 4023; x_wconf 86' lang='lat' dir='ltr'>X:</span> 
     </span>
     <span class='ocr_line' id='line_1_37' title="bbox 285 4063 1324 4135; baseline 0.006 -19"><span class='ocrx_word' id='word_1_341' title='bbox 285 4069 442 4134; x_wconf 83' lang='lat' dir='ltr'>potestatem</span> <span class='ocrx_word' id='word_1_342' title='bbox 467 4063 552 4119; x_wconf 81' lang='lat' dir='ltr'>habeo</span> <span class='ocrx_word' id='word_1_343' title='bbox 578 4063 693 4135; x_wconf 87' lang='lat' dir='ltr'>ponendi</span> <span class='ocrx_word' id='word_1_344' title='bbox 717 4067 827 4120; x_wconf 74' lang='lat' dir='ltr'>mimam</span> <span class='ocrx_word' id='word_1_345' title='bbox 845 4081 927 4122; x_wconf 83' lang='lat' dir='ltr'>meum</span> <span class='ocrx_word' id='word_1_346' title='bbox 951 4069 1093 4123; x_wconf 88' lang='lat' dir='ltr'>etiterum</span> <span class='ocrx_word' id='word_1_347' title='bbox 1118 4066 1238 4122; x_wconf 88' lang='lat' dir='ltr'>sumendi</span> <span class='ocrx_word' id='word_1_348' title='bbox 1257 4083 1324 4124; x_wconf 87' lang='lat' dir='ltr'>eam.</span> 
     </span>
     <span class='ocr_line' id='line_1_38' title="bbox 284 4159 1324 4233; baseline 0.004 -17"><span class='ocrx_word' id='word_1_349' title='bbox 284 4159 345 4217; x_wconf 80' lang='lat' dir='ltr'>dots.</span> <span class='ocrx_word' id='word_1_350' title='bbox 363 4159 403 4215; x_wconf 91' lang='lat' dir='ltr'>ii:</span> <span class='ocrx_word' id='word_1_351' title='bbox 431 4161 528 4217; x_wconf 85' lang='lat' dir='ltr'>soisite</span> <span class='ocrx_word' id='word_1_352' title='bbox 554 4162 676 4233; x_wconf 87' lang='lat' dir='ltr'>tempium</span> <span class='ocrx_word' id='word_1_353' title='bbox 695 4162 746 4218; x_wconf 85' lang='lat' dir='ltr'>iseo</span> <span class='ocrx_word' id='word_1_354' title='bbox 771 4172 798 4220; x_wconf 92' lang='grc' dir='ltr'>ιι</span> <span class='ocrx_word' id='word_1_355' title='bbox 823 4167 850 4219; x_wconf 93' lang='lat' dir='ltr'>in</span> <span class='ocrx_word' id='word_1_356' title='bbox 873 4166 959 4221; x_wconf 86' lang='lat' dir='ltr'>tritsss</span> <span class='ocrx_word' id='word_1_357' title='bbox 983 4163 1076 4221; x_wconf 87' lang='lat' dir='ltr'>dicbus</span> <span class='ocrx_word' id='word_1_358' title='bbox 1098 4163 1221 4220; x_wconf 88' lang='lat' dir='ltr'>excitabo</span> <span class='ocrx_word' id='word_1_359' title='bbox 1250 4165 1324 4221; x_wconf 90' lang='lat' dir='ltr'>iliud.</span> 
     </span>
     <span class='ocr_line' id='line_1_39' title="bbox 286 4257 1323 4334; baseline 0.008 -22"><span class='ocrx_word' id='word_1_360' title='bbox 286 4257 408 4314; x_wconf 86' lang='lat' dir='ltr'>Secundo</span> <span class='ocrx_word' id='word_1_361' title='bbox 429 4257 551 4325; x_wconf 88' lang='lat' dir='ltr'>ioiieitcr,</span> <span class='ocrx_word' id='word_1_362' title='bbox 571 4263 633 4333; x_wconf 79' lang='lat' dir='ltr'>puin</span> <span class='ocrx_word' id='word_1_363' title='bbox 650 4260 773 4332; x_wconf 85' lang='lat' dir='ltr'>deposita</span> <span class='ocrx_word' id='word_1_364' title='bbox 790 4263 859 4318; x_wconf 87' lang='lat' dir='ltr'>omui</span> <span class='ocrx_word' id='word_1_365' title='bbox 877 4263 998 4329; x_wconf 87' lang='lat' dir='ltr'>miseria;</span> <span class='ocrx_word' id='word_1_366' title='bbox 1015 4262 1110 4319; x_wconf 89' lang='lat' dir='ltr'>iiiatth.</span> <span class='ocrx_word' id='word_1_367' title='bbox 1129 4261 1229 4318; x_wconf 79' lang='lat' dir='ltr'><strong>XXVI:</strong></span> <span class='ocrx_word' id='word_1_368' title='bbox 1247 4271 1323 4334; x_wconf 89' lang='lat' dir='ltr'>post-</span> 
     </span>
     <span class='ocr_line' id='line_1_40' title="bbox 285 4359 1325 4431; baseline 0.007 -20"><span class='ocrx_word' id='word_1_369' title='bbox 285 4371 362 4426; x_wconf 77' lang='lat' dir='ltr'>quam</span> <span class='ocrx_word' id='word_1_370' title='bbox 379 4363 465 4412; x_wconf 87' lang='lat' dir='ltr'>autem</span> <span class='ocrx_word' id='word_1_371' title='bbox 492 4373 679 4428; x_wconf 88' lang='lat' dir='ltr'>resurrexero,</span> <span class='ocrx_word' id='word_1_372' title='bbox 706 4360 862 4431; x_wconf 79' lang='lat' dir='ltr'>praecedam</span> <span class='ocrx_word' id='word_1_373' title='bbox 889 4378 937 4418; x_wconf 88' lang='lat' dir='ltr'>uos</span> <span class='ocrx_word' id='word_1_374' title='bbox 961 4364 987 4418; x_wconf 90' lang='lat' dir='ltr'>in</span> <span class='ocrx_word' id='word_1_375' title='bbox 1014 4359 1166 4419; x_wconf 82' lang='lat' dir='ltr'>Galilaeuru.</span> <span class='ocrx_word' id='word_1_376' title='bbox 1203 4359 1325 4418; x_wconf 86' lang='lat' dir='ltr'>(iaiiiaes</span> 
     </span>
    </p>
   </div>
   <div class='ocr_carea' id='block_1_3' title="bbox 0 0 1426 5286">
    <p class='ocr_par' dir='ltr' id='par_1_3' title="bbox 0 0 1426 5286">
     <span class='ocr_line' id='line_1_41' title="bbox 0 0 1426 5286; baseline 0 3"><span class='ocrx_word' id='word_1_377' title='bbox 0 0 1426 5286; x_wconf 95' lang='lat' dir='ltr'> </span> 
     </span>
    </p>
   </div>
  </div>
 </body>
</html>
