2866 5310
311 428 371 520 soe
415 461 488 540 erp.
506 459 659 520 nxxxvr.
683 459 727 520 uo
742 461 890 520 narniens
907 460 996 519 aaran
1009 459 1075 522 mn.
1090 461 1240 540 arpenne.

310 621 412 674 tissima
425 624 453 675 el
470 613 577 676 diuersa
595 633 702 675 munera
718 621 832 692 gratiae,
858 619 978 693 quonlam
996 617 1089 674 tatuit
1106 617 1294 690 perfectionem
1308 619 1345 690 ¹),
1398 675 1399 678 ,

311 734 369 774 nam
390 717 523 791 propheta
539 718 602 786 luit,
626 717 730 790 quondo
747 717 826 774 dixit:
855 721 899 791 qul
926 725 987 790 post
1011 733 1059 782 ne,
1077 724 1201 774 venturu
1221 723 1263 773 est
1281 723 1346 786 etc.;

311 819 371 890 plns
389 834 467 890 quum
486 817 632 891 propheta,
660 817 763 889 quando
783 816 913 874 Christum
936 816 1022 893 digito
1045 817 1252 884 oenonstrartt,
1278 832 1345 888 apo·

311 918 414 987 stolus,
439 921 539 990 quiaa
564 916 621 973 lleo
646 918 742 974 missus
768 918 831 985 lult,
856 916 994 989 apostolus
1018 920 1086 973 enlm
1104 915 1172 972 idern
1193 921 1250 984 eet,
1275 915 1346 989 quod

312 1021 416 1074 missus.
449 1016 524 1074 Unde
541 1016 590 1073 luit
608 1017 685 1073 lnomo
704 1019 799 1072 missus
820 1031 836 1072 a
854 1017 925 1083 ileo,
950 1019 992 1072 cal
1010 1032 1102 1071 nornen
1121 1023 1178 1072 erut
1194 1016 1345 1083 iohannes,

311 1119 417 1184 martir,
442 1119 505 1189 quin
528 1132 577 1186 pro
592 1117 699 1188 justitia
722 1124 829 1173 mortens
846 1105 987 1184 suetinsit3
1014 1116 1166 1190 confessor,
1194 1119 1258 1188 qula
1280 1131 1346 1171 con·

255 1255 257 1260 ·
311 1217 399 1273 lessus
419 1223 459 1272 est
473 1223 500 1272 et
517 1233 568 1272 non
587 1218 708 1290 negavit,
720 1218 817 1290 uirgo,
843 1216 957 1290 undeet
975 1223 1084 1288 propter
1103 1217 1187 1287 ipsine
1208 1219 1346 1289 virginita-

310 1321 361 1373 ten
387 1315 498 1389 angelus
523 1322 566 1372 est
590 1315 741 1388 appellatus
764 1315 878 1373 muron.
902 1316 938 1373 ll:
964 1331 1025 1372 ecce
1049 1331 1101 1389 ego
1125 1317 1199 1370 mitto
1222 1315 1344 1389 angelum

310 1431 392 1472 menn
410 1421 461 1472 etc.
494 1413 524 1470 ln
540 1430 653 1488 egressu
672 1414 705 1470 dc
725 1415 819 1472 mundo
837 1415 930 1471 lubuit
947 1404 1044 1486 triplex
1069 1431 1176 1483 munus,
1201 1417 1264 1488 pule
1286 1415 1343 1470 elir-

311 1517 380 1571 oltur
395 1516 487 1570 martir
503 1516 629 1570 lunicius:
654 1521 715 1571 tunc
740 1517 806 1572 enim
829 1516 940 1586 palmam
963 1517 1072 1572 martirii
1091 1515 1204 1586 adeptus
1224 1522 1280 1582 eot3
1302 1513 1344 1568 di-

311 1617 407 1689 rigitur
422 1616 528 1670 nuntius
547 1616 697 1686 protiosus,
721 1616 779 1687 lpse
799 1617 866 1671 eninr
884 1622 945 1671 tunc
963 1614 1032 1681 illia,
1056 1616 1100 1687 qul
1118 1621 1194 1672 erent
1210 1618 1236 1670 ln
1254 1614 1343 1683 limbo,

310 1717 453 1788 pretiosum
472 1716 587 1774 nuntinru
605 1714 703 1781 attulit,
723 1715 824 1770 scillcet
841 1715 875 1770 de
891 1713 1006 1770 ddrentu
1020 1707 1118 1770 Christi
1138 1721 1165 1770 et
1180 1714 1344 1770 redemtione

310 1817 443 1887 ipsorum,
463 1821 490 1869 ct
506 1814 603 1871 oolitnr
620 1816 706 1870 oritus
724 1814 874 1888 gloriosus,
900 1815 958 1886 ejus
976 1817 1041 1872 enlm
1059 1817 1145 1870 celtus
1162 1814 1196 1870 dc
1214 1813 1343 1884 omnibus,

310 1916 356 1988 qul
373 1913 408 1972 ad
425 1914 529 1970 linium
548 1914 756 1982 descenderunt,
782 1915 935 1987 specialiter
954 1913 989 1969 ab
1011 1913 1125 1971 ecclesia
1147 1913 1344 1970 sollennizulnr

311 2022 337 2071 et
354 2014 473 2088 gloriose
490 2014 593 2069 colitur.
630 2013 725 2078 Quinto
742 2031 774 2071 ex
793 2015 1006 2086 praedicatione:
1024 1999 1095 2072 circa
1114 2015 1190 2086 culus
1203 2012 1342 2085 praedica-

308 2117 405 2170 tionem
425 2112 536 2186 angelus
554 2120 668 2186 quotuor
684 2115 772 2186 ponit,
796 2129 852 2169 cum
864 2107 949 2170 'otetur
972 2121 1001 2170 et
1017 2113 1112 2168 multoe
1131 2113 1241 2170 iliorum
1259 2112 1342 2168 lsrael

308 2216 439 2271 convertit
456 2212 490 2269 ad
502 2212 640 2268 -donirun
660 2213 740 2270 llcun
760 2216 876 2285 ipsorum
895 2220 923 2270 et
940 2216 998 2284 ipse
1016 2212 1158 2285 praecedet
1181 2219 1232 2270 etc.
1269 2212 1341 2268 Tan-

308 2317 350 2388 git
364 2320 494 2388 ‚quamon
512 2313 616 2369 scilicet
634 2312 758 2380 fructum,
773 2313 909 2380 ordinem,
934 2316 1054 2382 uirtutem
1072 2320 1099 2369 ct
1117 2312 1208 2381 luem,
1229 2316 1299 2369 sicut
1315 2316 1341 2368 in

307 2414 398 2470 littora
414 2419 496 2484 patet,
514 2418 541 2468 cl
558 2411 710 2481 notandum,
729 2413 799 2486 quod
817 2413 981 2485 praedicatio
990 2410 1118 2468 iohannis
1135 2413 1278 2485 tripliciter
1293 2412 1342 2468 luit

276 2561 279 2568 .
307 2511 530 2569 commendabilis.
564 2511 626 2584 lpse
650 2527 760 2585 nanque
784 2513 949 2583 praedicarit
970 2512 1118 2581 ferventer,
1149 2512 1292 2569 eficaciter
1315 2520 1342 2569 et

308 2611 458 2684 prudenter.
493 2609 636 2667 Ferventer
654 2613 720 2668 enlm
738 2610 858 2666 dicebat:
884 2613 1018 2684 genimina
1043 2615 1189 2684 viperarum
1207 2619 1270 2680 etc,
1296 2615 1340 2685 qut

307 2710 412 2784 quidem
436 2709 527 2766 lerror
542 2710 592 2767 luit
609 2710 782 2766 inflammatus
801 2712 927 2780 caritate,
950 2715 1012 2784 qnia
1033 2719 1091 2769 erat
1107 2711 1216 2769 lucerna
1234 2711 1342 2770 ardent.

308 2809 381 2868 iJndo
398 2812 457 2882 lpse
475 2810 539 2866 dicit
557 2811 584 2865 in
602 2824 717 2882 persons
739 2808 885 2867 ieremias:
910 2815 1000 2883 posuit
1021 2825 1053 2868 os
1075 2827 1158 2868 meum
1181 2815 1257 2884 quasi
1279 2812 1339 2885 gla-

308 2911 377 2967 dium
395 2917 505 2967 muium.
537 2908 692 2966 lniormatus
709 2911 837 2977 veritate,
855 2912 918 2982 qula
934 2918 993 2967 emt
1008 2910 1116 2968 lucerna
1133 2911 1232 2968 lucens.
1267 2911 1341 2968 Unde

307 3011 419 3069 dolonn.
437 3011 474 3068 l:
501 3027 547 3066 rou
566 3011 676 3066 misistis
696 3008 730 3064 ad
747 3008 890 3068 iohannem
910 3016 937 3067 cl
953 3010 998 3068 ille
1016 3010 1149 3082 perhibuit
1165 3014 1339 3067 testimoninm

307 3115 421 3174 veritati.
455 3111 577 3168 Dirrotus
595 3125 612 3164 a
631 3111 790 3166 discretione
811 3110 870 3164 slro
890 3111 1014 3178 uolentia,
1037 3111 1106 3167 undo
1129 3111 1213 3167 turbis
1241 3119 1268 3167 et
1292 3128 1341 3184 pu-

306 3207 420 3268 blicanis
444 3217 472 3267 ot
494 3211 620 3268 militibus
644 3208 784 3264 secundum
803 3211 1008 3283 uniuscujusque
1031 3213 1190 3285 exigentiam
1208 3213 1340 3283 proprian

222 3363 224 3367 .
307 3313 393 3386 legem
412 3310 497 3378 dedit,
516 3307 603 3364 tirmus
622 3310 786 3374 concientia,
803 3307 872 3364 uude
890 3315 982 3365 ettam
1000 3317 1153 3367 constanter
1168 3311 1341 3382 praedicarit,
1418 3288 1421 3296 ¹

308 3411 377 3485 quod
396 3428 429 3469 cx
446 3410 498 3466 lroc
516 3413 594 3466 ritum
612 3410 709 3464 emisit.
743 3407 814 3464 llaec
838 3399 905 3464 eninr
924 3415 1038 3481 quatuor
1054 3410 1133 3467 dehet
1151 3410 1249 3467 habere
1266 3411 1340 3468 zelus

307 3511 447 3568 emendum
475 3509 545 3583 qnod
569 3508 635 3563 dicit
659 3507 824 3564 Bernardna:
851 3487 935 3566 ¹zelum
962 3515 1033 3564 tuuur
1063 3497 1203 3566 inflammet
1232 3513 1340 3583 caritas,

307 3611 429 3666 lniornet
445 3611 558 3677 ueritas,
584 3615 661 3681 regat
679 3609 791 3664 scientia
807 3615 834 3664 et
851 3605 934 3666 timet
950 3613 1107 3666 constantia.
1142 3610 1265 3666 Secundo
1283 3609 1341 3667 elli-

306 3711 414 3776 caclter,
432 3710 553 3781 quoniam
571 3706 606 3764 ad
622 3706 844 3779 praedicationem
863 3709 921 3780 ejus
938 3709 1142 3766 multiconrcrui
1154 3717 1222 3765 sunt.
1257 3709 1340 3767 urae-

307 3810 406 3866 licant
416 3810 484 3866 eninr
498 3806 578 3864 uerbo
593 3823 642 3878 per
654 3805 835 3862 assiduitatem
851 3808 987 3864 doctrinae
998 3815 1025 3864 et
1038 3808 1157 3880 exemplu
1176 3826 1224 3881 per
1241 3814 1340 3866 smmi·

302 3915 385 3967 *tatem
411 3911 480 3964 vitae
503 3907 667 3979 praedicarit
690 3913 718 3962 et
738 3909 868 3963 convertit
884 3909 983 3963 meritis
1001 3915 1028 3964 el
1045 3897 1339 3966 orationibns'dcvoiis.

307 4009 401 4065 'lertio
424 4007 581 4081 prudenter:
613 4009 689 4078 culus
715 4005 857 4078 prudentia
883 3987 1089 4080 praedicationis
1114 4011 1140 4062 ln
1163 4008 1249 4064 tribus
1275 4008 1340 4066 init:

308 4111 391 4180 primo
410 4111 435 4163 tn
453 4125 501 4175 ro,
526 4105 595 4180 qnod
622 4120 684 4161 usus
708 4105 758 4160 luit
780 4108 1038 4176 conminationibus,
1062 4115 1089 4163 ut
1113 4109 1197 4164 malos
1220 4117 1341 4175 torreret,

308 4207 412 4264 diceus:
432 4207 488 4279 jam
513 4208 580 4263 enin
604 4207 703 4264 securis
728 4206 762 4260 ad
789 4206 901 4263 radicem
919 4208 1023 4264 arboris
1041 4211 1128 4280 posita
1146 4215 1199 4276 est}
1225 4208 1342 4266 secundo

359 4432 381 4482 1)
392 4428 434 4476 Ed.
447 4431 499 4474 ltro.
513 4428 599 4473 addunt
613 4427 737 4472 omnivm
751 4433 929 4490 sanctorum.
