2866 5310
285 484 359 563 Cep.
378 482 539 545 Lxxxtv.
581 482 627 544 De
648 491 747 544 eenete
767 480 878 542 Morino
898 479 1015 558 virgine.
1103 473 1164 541 353
1285 477 1286 480 ’

406 657 536 822 ιιι.
560 722 726 822 ιιιιιι.
761 723 859 826 ιιι.)

281 877 357 946 lte
378 877 546 949 serneio
571 874 792 949 'interino
811 873 1018 964 virgine.

198 1019 303 1079 Marino
322 1027 397 1100 virgo
416 1029 493 1082 nntee
510 1032 569 1084 eret
585 1028 654 1098 petri
671 1041 737 1082 eno:
762 1041 819 1081 oon
837 1033 923 1081 epten
942 1031 1018 1096 peter
1036 1021 1164 1096 quoddam

131 1126 317 1178 nonasterium
335 1127 474 1193 intrasset,
491 1129 602 1182 noterit
617 1125 733 1182 bebiton
751 1123 821 1180 btiee
839 1139 920 1192 ense,
939 1131 969 1179 nt
987 1137 1040 1179 non
1057 1122 1165 1190 tenne,

132 1220 181 1276 sed
200 1223 330 1280 ressontne
348 1225 496 1293 videretur,
521 1229 678 1298 reperitque
701 1225 823 1281 ebbetenr
849 1229 877 1280 et
901 1223 1014 1290 irotres,
1040 1229 1068 1278 nt
1086 1221 1165 1278 itinn

133 1337 208 1378 eren
227 1324 329 1382 nntenns
346 1327 509 1398 reeiperrnt;
535 1323 630 1397 qnibne
648 1325 707 1396 ejtre
725 1323 848 1396 precibus
869 1323 1044 1380 annuentibus
1063 1325 1090 1378 in
1108 1339 1165 1377 nro-

132 1419 242 1478 necbrun
268 1431 309 1480 est
339 1432 461 1497 reseptos
489 1433 516 1481 et
539 1423 623 1482 iroter
645 1423 765 1480 Morinos
788 1423 823 1479 eb
855 1424 975 1506 onntbos
1006 1423 1165 1496 eppettetns.

133 1519 228 1592 Coepit
251 1530 337 1579 ontern
356 1523 433 1581 retde
453 1525 581 1598 religiose
598 1527 686 1581 virere
705 1531 733 1582 et
757 1523 834 1579 redde
851 1505 978 1580 obedieris
997 1539 1065 1580 esee.
1101 1524 1164 1582 Gnn

121 1627 219 1678 ,soson
235 1632 309 1678 esset
326 1625 419 1697 viginti
438 1631 536 1696 septen
555 1641 679 1682 annorum
698 1633 724 1680 et
741 1631 818 1696 peter
841 1625 900 1695 ejus
917 1639 948 1680 ee
965 1633 1048 1680 nerse
1066 1640 1161 1697 eppro-

131 1723 259 1794 pinqoare
275 1725 400 1788 sentiret,
427 1721 507 1780 ntiae
531 1739 605 1782 enen
625 1727 773 1780 rooevitet
790 1726 874 1796 ipson
893 1725 920 1780 io
939 1724 1010 1779 bono
1028 1729 1165 1797 proposito

131 1820 287 1877 eooirnens
310 1825 460 1898 preeoepit,
485 1841 523 1880 ne·
541 1823 684 1896 etiqoendo
710 1823 788 1878 etient
813 1822 957 1890 repeteret,
985 1824 1054 1895 qnod
1073 1826 1166 1882 rentier

131 1928 212 1976 esset.
245 1918 305 1978 lbet
329 1924 411 1996 igiter
436 1923 588 1997 irepnenter
611 1939 668 1980 eon
685 1924 805 1996 ptoostro
824 1929 851 1978 et
868 1921 952 1978 bobes
971 1929 998 1978 et
1015 1924 1090 1997 tigne
1107 1939 1187 1982 nro-⁸

130 2023 248 2076 nesorio
267 2021 419 2081 deferebat:
447 2029 724 2081 oonsuereretentenr
742 2021 873 2093 bospttsri
890 2025 916 2076 tn
934 2023 1010 2079 deno
1029 2025 1163 2096 esjnsdesn

131 2121 196 2186 riri,
214 2122 290 2192 enine
308 2121 362 2178 titis
379 2139 436 2179 enn
454 2123 488 2180 de
506 2122 618 2196 predere
636 2124 718 2179 nittte
733 2124 909 2192 concepisset,
928 2125 1092 2198 interrogate
1104 2127 1164 2184 bin·

132 2221 215 2276 sinunt
238 2219 392 2278 nonnebent
410 2237 439 2290 se
455 2224 571 2279 rietesso
590 2207 712 2280 assernit.
746 2221 927 2297 lownogetns
941 2229 1027 2279 entem
1044 2225 1165 2284 Moriens

130 2334 178 2376 etr
195 2328 295 2400 tnntnrn
321 2321 449 2395 degittnnr
473 2331 668 2396 perpetrasset,
693 2337 724 2380 se
748 2335 874 2394 peeosssr
898 2323 995 2380 ietettn
1018 2331 1047 2380 et
1063 2329 1165 2385 renisio

129 2427 264 2492 preretnr;
288 2424 376 2477 stetten
393 2422 427 2479 de
443 2425 603 2480 monaterio
621 2425 722 2494 ejeetne
739 2421 772 2478 ed
789 2427 884 2479 oetion
902 2427 1053 2481 monasterii
1069 2432 1166 2485 nonsit

129 2526 158 2576 ot
185 2521 271 2578 tribue
302 2525 379 2580 ennio
410 2523 506 2580 ibidem
531 2513 690 2594 'permanens
714 2522 821 2579 bneeiia
849 2529 926 2595 penis
957 2528 1163 2587 snstrntebetnr.

130 2618 296 2678 Postmodum
320 2619 387 2680 ttins
411 2623 560 2680 obtentum
583 2621 675 2678 ebbeii
696 2626 805 2679 mittitur
828 2633 854 2680 et
878 2623 982 2681 btsrino
1012 2627 1164 2690 edocendes

131 2721 243 2777 traditor
268 2729 295 2778 et
319 2739 375 2779 enni
401 2740 433 2780 eo
459 2722 557 2778 ibidern
581 2740 629 2795 per
652 2723 719 2782 dnos
746 2739 829 2780 enisos
855 2733 1036 2782 commoretur.
1071 2729 1165 2786 Oronte

130 2828 216 2878 ersten
233 2837 289 2877 eon
306 2825 418 2880 nonime
436 2824 564 2894 potientis
580 2824 726 2896 reeipiebet
752 2831 778 2881 et
800 2825 827 2880 in
847 2825 966 2904 omnibns
984 2830 1087 2900 gretins
1107 2829 1163 2888 nso

131 2921 271 2978 reierebnt
308 2922 425 2979 Tendenr
450 2921 509 2994 ejo's
538 2920 691 2978 bonititntts
713 2929 740 2983 et
770 2927 914 2997 patientioe
938 2925 1035 2982 iratres
1066 2933 1163 2986 eriserit

130 3036 186 3077 enrn
212 3024 238 3078 tn
263 3025 447 3078 rnonsetsrinrn
472 3023 601 3093 reetpiont
627 3031 654 3079 et
676 3039 797 3097 qnsepne
823 3024 913 3080 odinis
935 3027 1029 3082 ritiors
1052 3029 1105 3084 eibi
1123 3033 1163 3084 in-

126 3125 254 3196 jungent,
281 3123 339 3194 ipse
356 3131 442 3180 ιιιιιιι
459 3126 547 3179 omnis
565 3124 686 3180 biteriter
702 3124 863 3195 suseiptebet
881 3133 908 3182 et
925 3135 1017 3183 ennete
1034 3134 1166 3200 patienter

129 3229 156 3278 et
174 3221 270 3280 derets
286 3223 392 3296 egebet.
429 3221 548 3280 Tendere
568 3224 688 3280 inbonis
711 3225 835 3296 operibns
853 3228 931 3282 vitan
949 3229 1047 3285 doeens
1066 3233 1164 3310 nigre-

130 3325 167 3379 rit
184 3322 218 3378 ed
237 3322 385 3380 dontnnn:
411 3339 466 3378 erre
489 3332 577 3381 snten
597 3340 693 3396 eorpus
711 3327 769 3396 ejus
789 3324 919 3393 tererent,
944 3334 972 3382 et
994 3331 1021 3384 in
1038 3331 1083 3385 viti
1104 3331 1163 3387 toeo

129 3425 245 3494 sepetire
268 3423 454 3495 disponerent,
480 3425 653 3498 respitientes
680 3425 813 3484 reniterent
838 3430 924 3497 ipsein
949 3443 1010 3484 esee
1035 3430 1162 3487 siderent.

129 3521 275 3596 Strpeieeti
294 3531 356 3580 tunt
371 3539 462 3580 ornnes
479 3531 508 3580 et
529 3527 678 3595 perterriti,
704 3541 734 3580 so
759 3529 784 3580 in
809 3525 857 3582 Dei
884 3527 1004 3583 temptare
1026 3531 1161 3600 pinrinrnrn

129 3624 275 3697 deitqniese
293 3626 423 3682 tetentnr:
449 3631 556 3681 enrmnt
581 3640 671 3681 onnes
696 3623 730 3680 ed
755 3633 806 3682 tent
826 3627 926 3700 grande
943 3631 1119 3699 speeteentnn
1138 3641 1165 3689 et

129 3725 230 3782 venient
262 3724 398 3796 poetntent
427 3727 594 3800 ignorentiee
624 3728 650 3781 et
684 3724 781 3782 deiiott.
816 3727 918 3799 corpus
949 3731 1031 3801 igitur
1055 3732 1114 3802 ejus
1135 3735 1172 3788 in·

129 3825 244 3881 secteris
262 3822 406 3880 bonertdee
420 3832 580 3896 poeneront,
605 3823 651 3880 tlte
668 3833 771 3893 setene,
797 3841 864 3899 qnos
884 3827 1007 3884 tenentem
1026 3829 1074 3887 Dei
1095 3831 1162 3888 inte·

129 3931 261 3991 nerent,
287 3939 304 3979 s
327 3924 453 3980 dornone
478 3926 605 3996 errtpitnr
626 3931 653 3980 et
674 3925 761 3982 scetes
785 3941 859 3981 ιιιιιι
880 3927 1005 3984 renitens
1025 3937 1051 3985 et
1066 3931 1100 3986 ed
1119 3947 1162 3988 re-

127 4025 260 4096 pntebrnn
292 4026 404 4098 virginis
438 4027 547 4082 rentens
580 4022 715 4082 tiberetnr.
750 4023 792 4083 nd
825 4025 901 4098 entes
926 4028 1049 4085 tnmntorn
1071 4033 1163 4104 popuii

127 4125 243 4198 undique
269 4124 401 4182 confluunt
425 4129 452 4180 et
475 4122 554 4179 nette
576 4125 701 4192 rntrseuin
729 4124 766 4181 ibi
791 4124 862 4182 fient.
900 4125 976 4184 Obiit
995 4136 1080 4188 entenr
1103 4131 1164 4191 xiv

23 4289 28 4299 ,
128 4225 251 4284 estendns
270 4226 342 4283 tetii.

177 4377 200 4428 i)
211 4377 251 4443 Βιῑ.
263 4381 298 4425 Pr.
310 4375 396 4431 obinde
411 4376 490 4422 retinet
504 4374 635 4430 eert'ptnrern
647 4377 742 4422 ¹biurio
755 4377 819 4423 tenor
833 4375 904 4424 birri
913 4392 972 4424 nee.
