2828 5302
280 486 353 567 Cap.
380 485 510 548 XXXVI.
553 486 598 552 De
619 493 718 546 sancto
740 483 863 564 ignatio.
1028 483 1088 548 155

432 825 527 923 titi.
565 823 710 923 iiiii.

314 981 388 1052 Ite
418 981 584 1052 sancto
611 975 821 1070 ignatio.

116 1143 238 1215 ignotius
256 1145 350 1202 dieitur
368 1151 444 1219 quusi
463 1151 549 1220 iguem
569 1146 687 1218 ponne,
718 1145 745 1200 td
762 1151 804 1202 est
821 1145 907 1218 mem
927 1143 1031 1214 patiens
1048 1140 1089 1196 di-

50 1242 105 1297 rini
121 1246 230 1302 cruoris.

120 1349 151 1403 1.
169 1343 288 1419 {gratim
312 1346 361 1402 tuit
385 1344 529 1417 disciputus
554 1345 625 1403 berti
648 1345 778 1404 iohannis
796 1349 824 1402 ot
838 1346 978 1417 opiscopus
996 1342 1090 1399 Antio-

51 1458 148 1501 ceuus:
180 1443 224 1501 hio
239 1446 377 1517 epistolant
396 1444 430 1500 ud
449 1445 553 1502 beatam
572 1447 699 1520 uirginem
718 1445 849 1504 direxisse
866 1445 965 1518 legitur
980 1445 1007 1499 tn
1025 1441 1091 1499 duee

53 1545 146 1605 nerito⁴
192 1545 365 1604 (linistiiorne
383 1546 487 1604 nitriae
504 1563 567 1603 surus
589 1545 716 1622 Ignotius.
759 1545 805 1602 die
821 1543 972 1616 neophitum
989 1542 1090 1602 dodon!

53 1647 149 1718 uisque
171 1649 210 1702 tut
235 1647 390 1719 discipulum
414 1646 565 1704 coniortnro
591 1651 618 1702 ot
641 1646 774 1702 consolari
792 1646 938 1713 debueras,
974 1642 1091 1701 dudeco

54 1748 123 1806 enin
143 1753 190 1802 tuo
212 1751 319 1820 percepi
345 1750 410 1803 miro
437 1748 506 1802 dicto
531 1753 558 1804 et
579 1747 743 1820 stupetactus
769 1763 823 1804 sunu
843 1743 998 1802 exauditu:
1031 1749 1091 1800 otc

54 1851 151 1912 auteur,
170 1863 238 1919 quse
255 1864 360 1920 semper
376 1848 449 1930 tristi
467 1848 633 1904 inmitioritur
650 1849 800 1920 conjuncto,
817 1853 844 1904 et
862 1851 1022 1902 secretorum
1033 1847 1091 1915 ejus

55 1949 170 2014 conscia,
189 1947 310 2012 desidero
329 1965 361 2005 ex
380 1949 466 2005 animo
487 1949 542 2005 tisri
561 1951 658 2006 sortior
675 1967 708 2007 ox
725 1947 832 2004 auditis.
867 1946 965 2004 Valeas
982 1950 1009 2001 et
1027 1960 1092 1999 nco·
1206 1935 1207 1938 ’

57 2045 134 2119 piniti,
154 2052 200 2120 qui
216 2065 313 2105 mecum
331 2055 400 2117 suut,
419 2065 452 2105 cu
468 2057 495 2107 to
512 2055 540 2108 et
555 2066 604 2121 μοι
622 2055 649 2106 to
667 2051 736 2107 etin
753 2055 779 2104 to
798 2047 988 2103 confortentur.
1009 2045 1093 2101 Beata

56 2157 143 2204 nunus
170 2152 262 2224 uirgo,
298 2150 347 2208 Dei
364 2153 480 2226 genitrix
496 2149 602 2217 Mario,
642 2151 669 2204 iu
685 2149 751 2205 ineo
769 2147 851 2206 norbo
868 2148 920 2204 sibi
937 2144 1093 2217 rospondit:

57 2247 161 2321 ignatio
179 2250 276 2306 dilecto
292 2250 471 2322 condiscipulo
489 2249 593 2306 humitis
617 2248 714 2305 sucidis
732 2247 829 2306 Christi
846 2248 920 2306 deso.
964 2245 1003 2303 Ito
1019 2245 1093 2312 iesu,

58 2364 126 2422 uuae
144 2365 162 2404 u
178 2349 299 2408 iohanne
323 2351 430 2406 audiisti
445 2356 472 2407 et
490 2350 621 2421 didicisti,
648 2365 712 2408 uero
730 2357 805 2406 sunt:
839 2349 886 2406 idio
904 2345 1014 2415 credas,
1042 2346 1093 2402 iilis

58 2447 207 2506 edim
233 2457 260 2508 et
282 2447 482 2508 christianitatis
507 2457 595 2508 notum
618 2441 726 2508 firmitur
751 2458 841 2509 teneas
860 2456 887 2507 et
904 2464 991 2506 mores
1009 2452 1036 2504 et
1055 2449 1093 2504 nt-

59 2557 111 2604 tem
131 2557 193 2606 roto
210 2551 366 2608 conformes.
391 2551 499 2609 Veniam
519 2558 605 2608 nutem
624 2567 676 2608 uno
692 2569 749 2608 curu
766 2551 885 2609 iohanne
902 2553 929 2605 to
946 2553 974 2604 ut
992 2550 1036 2620 qui
1055 2555 1095 2604 te-

57 2666 116 2706 crrn
134 2655 196 2708 sunt
216 2653 310 2710 uisere.
339 2652 388 2709 Sta
405 2659 432 2709 et
448 2653 559 2709 viriiiter
576 2667 627 2726 ogo
644 2655 671 2708 tu
689 2652 749 2720 tide,
766 2667 799 2709 no
816 2657 843 2709 te
862 2655 1023 2706 commouent
1035 2665 1094 2720 por·

60 2753 203 2808 motionis
228 2753 387 2822 austeritas,
424 2752 472 2810 sod
500 2752 588 2810 vulcat
606 2761 633 2810 et
651 2753 766 2811 exsultet
788 2754 975 2824 spiritustuus
995 2752 1021 2806 in
1040 2749 1096 2806 Boo

60 2851 173 2908 soluturi
192 2853 220 2924 ¹)
235 2857 281 2908 tuo
298 2845 382 2910 snen.
403 2885 439 2896 -
454 2835 490 2896 ss
505 2885 541 2896 -
564 2859 597 2914 1.
623 2853 727 2911 Tantae
744 2858 830 2909 nutem
849 2853 1014 2906 auctoritatis
1031 2850 1096 2907 iseu-

61 2961 103 3009 tos
120 2951 242 3026 ignotior
259 2956 375 3023 exstitit,
395 2953 561 3026 quodetiam
579 2955 736 3029 nunninus,
753 2953 829 3011 Ponit
847 2951 964 3024 apostoli
981 2950 1096 3023 discipu-

62 3055 119 3122 tus,
158 3057 204 3128 qui
221 3054 270 3109 tuit
287 3055 314 3109 tu
330 3053 502 3128 philosophis
518 3061 571 3112 tam
589 3071 703 3113 summus
721 3060 749 3112 et
765 3056 793 3109 tn
809 3053 899 3109 diuino
917 3055 1028 3110 scientio
1046 3058 1097 3108 tau

63 3155 207 3229 periectos,
225 3154 332 3211 uerbum
348 3154 422 3212 beati
439 3155 589 3230 ignonind
608 3156 830 3214 confirmationem
848 3155 975 3210 dictorum
993 3169 1098 3211 suorum

62 3267 188 3328 tanquan
206 3271 255 3328 pro
272 3259 428 3313 anctoritate
446 3256 594 3313 addiciunt.
629 3257 692 3314 Cium
711 3259 794 3324 onim,
814 3263 842 3314 ut
861 3258 918 3329 ipse
935 3259 962 3312 in
979 3256 1049 3313 libro
1067 3243 1099 3312 de

62 3357 160 3412 divinis
185 3355 332 3412 nontntos
352 3362 510 3426 sitestotur,
544 3356 650 3430 quidurn
668 3373 760 3414 nomen
778 3359 876 3413 umoris
894 3360 921 3413 tu
944 3356 1040 3414 divinis
1058 3373 1098 3414 ro-

63 3455 257 3528 pretenderent
272 3454 405 3525 dicentes,
423 3459 450 3512 in
465 3456 561 3514 diuinis
579 3475 631 3514 non
647 3463 699 3514 tam
718 3475 778 3516 esso
795 3474 889 3514 nomeu
905 3459 1003 3514 umoris
1023 3473 1100 3530 quom

62 3557 229 3623 dilectionis,
248 3555 338 3612 rodens
356 3557 495 3614 ostendere
514 3557 563 3614 iuoc
582 3561 685 3617 nomino
702 3561 799 3614 umoris
815 3575 867 3631 per
885 3561 972 3616 omnio
989 3561 1016 3614 in
1033 3558 1100 3614 diui·

63 3659 105 3714 nis
123 3673 185 3714 esse
203 3655 341 3726 utendum,
360 3659 412 3713 uit:
436 3659 527 3714 scribit
544 3667 630 3715 nutem
648 3641 751 3716 diuinus
767 3657 901 3734 ignotius:
937 3667 1100 3717 ausor'mous

61 3757 203 3813 crucifixus
228 3763 277 3814 est.
304 3789 339 3800 -
356 3789 387 3799 -
404 3790 439 3801 -
464 3763 498 3818 8.
522 3759 634 3834 Legitur
657 3760 821 3834 intrusionis
845 3763 993 3833 tripartita,
1031 3759 1100 3832 anod

62 3859 184 3932 ignotius
201 3857 303 3914 audiuit
321 3859 432 3932 ungulos
449 3867 585 3917 cantantes
603 3861 760 3933 antiphonas
773 3863 801 3934 ²)
811 3879 892 3935 snper
905 3868 1016 3919 montom
1028 3866 1098 3917 stun-

62 3967 114 4022 tes,
133 3957 228 4013 exinde
246 3955 338 4014 statuit
350 3957 515 4032 nutipironcs
535 3963 636 4018 conteri
653 3963 678 4018 iu
697 3964 811 4020 ccclesia
828 3969 855 4020 et
871 3964 988 4037 psnirnos
1008 3977 1102 4020 secun·

63 4058 124 4114 duuu
143 4057 302 4131 nuutipirouus
319 4059 444 4115 intonari.
498 4061 561 4117 Cum
579 4079 643 4135 orgo
661 4063 755 4120 bonius
772 4063 891 4138 Ignotius
909 4065 953 4120 diu
972 4081 1018 4136 pro
1037 4079 1102 4137 [ιιι-ι.

64 4158 195 4216 ecclesinc
213 4157 342 4216 dominun
360 4172 514 4230 etormet,
541 4178 592 4218 nou
611 4181 700 4232 urruns,
719 4164 766 4222 sed
785 4165 942 4221 intirmorum
961 4165 1102 4238 periculum

55 4313 470 4331 *fi—

117 4413 141 4466 1)
154 4417 217 4458 itueo
228 4411 274 4456 «luo
287 4397 399 4460 occubui·
412 4415 496 4460 omittit
509 4417 550 4462 rud
564 4422 598 4464 t’r.
672 4420 695 4472 2)
710 4419 796 4462 verbus
814 4432 903 4474 super
916 4427 1038 4465 montera
1052 4435 1100 4466 nn·

64 4480 209 4537 tiphoeus
222 4481 303 4526 omittit
318 4483 358 4532 Ed.
371 4484 506 4537 indulturus
519 4497 574 4530 vero
587 4498 633 4530 vox
645 4486 780 4531 intonsri
793 4487 858 4532 deest
872 4487 895 4532 in
908 4487 1017 4544 piurimis
1024 4489 1096 4534 duris.
