2828 5302
317 477 380 540 tati
442 479 513 560 Cup.
535 477 654 541 xxvtt.
696 481 741 540 De
762 491 860 540 taneto
880 480 1013 541 iohanne
1034 481 1271 542 Eleemesiaarin.

318 650 343 698 et
361 643 488 698 aeeemtto
505 642 609 697 notatio
628 640 693 697 ituit
711 642 750 697 at:
785 645 913 697 sectatum
931 641 990 697 volo
1010 642 1058 697 tibi
1075 643 1253 708 committere,
1285 640 1352 712 quot

318 745 340 796 si
354 740 536 813 propatorerts
554 747 600 796 aut
616 743 640 797 st
657 757 698 796 ute
715 755 767 797 uou
786 739 928 808 audiveris,
948 740 1071 798 barbaris
1094 739 1201 798 rendam
1218 747 1254 806 te,
1275 737 1351 793 dans·

318 859 368 914 que
390 843 414 896 et
436 841 524 896 decem
552 841 635 896 libras
664 843 721 896 auri
745 841 812 896 diiii
837 842 877 896 ei:
912 841 980 898 eade
997 845 1024 897 iu
1042 849 1158 898 sanctam
1176 842 1309 895 ciuitatem
1327 846 1352 896 et

318 956 416 997 merces
440 940 489 995 tibi
514 956 570 997 eure
595 947 622 996 et
646 957 685 996 me
710 940 788 996 alieni
807 939 950 996 christiano
969 941 1052 999 vaurde
1069 948 1097 998 et
1111 940 1274 1013 pauperibus
1294 956 1353 1012 pre-

317 1044 380 1096 tium
397 1039 491 1096 tribue.
526 1039 575 1096 lito
595 1048 681 1097 autem
700 1047 838 1096 recusante
856 1041 922 1096 dixit
939 1044 976 1098 ei:
994 1043 1017 1097 si
1035 1057 1074 1098 rue
1092 1040 1284 1108 assentieris,
1302 1057 1353 1114 ego

317 1141 440 1197 barbaris
457 1139 567 1198 tendam
585 1147 620 1196 te.
655 1141 757 1198 Ducena
777 1157 842 1214 erge
860 1156 932 1207 eum,
951 1149 980 1196 ut
997 1141 1117 1210 dixerat,
1136 1141 1240 1196 cuidam
1257 1155 1352 1212 argee·

318 1243 386 1298 tario
408 1240 526 1298 uestibus
551 1239 666 1296 sordidis
687 1241 803 1296 indutum
824 1245 956 1312 tamquam
982 1257 1056 1296 suum
1074 1257 1178 1296 seruum
1196 1239 1314 1297 uendidit
1329 1247 1355 1296 et

317 1341 394 1398 ΧΧΧ
411 1343 567 1395 numismata
583 1339 644 1396 iude
661 1342 792 1412 accipiens
809 1339 970 1412 pauperibus
989 1343 1119 1413 erogarit.
1171 1339 1267 1397 Petrus
1290 1355 1355 1414 ergo
1373 1397 1374 1401 ,

318 1443 405 1496 emnia
424 1439 512 1495 oibeia
530 1440 592 1495 viiia
611 1439 741 1506 iaciebat,
765 1442 803 1495 ita
821 1440 892 1512 qtred
910 1439 943 1496 ab
961 1439 1080 1496 omnibus
1096 1441 1312 1498 contemnebatur
1329 1448 1356 1497 et

318 1540 352 1597 ab
370 1538 430 1596 eliis
452 1540 538 1595 sertis
562 1540 714 1611 trequentes
731 1539 926 1612 percutiebatur
943 1546 970 1596 et
988 1542 1066 1595 etiam
1081 1543 1137 1612 jara
1156 1555 1246 1598 amens
1261 1541 1355 1614 appet-

319 1640 432 1696 tabetuu.
484 1638 608 1695 Dominus
631 1645 718 1695 autem
743 1639 894 1713 frequenter
916 1638 968 1696 sibi
990 1639 1138 1711 apparebat
1155 1648 1181 1697 et
1200 1644 1356 1699 uestimenta

318 1748 346 1798 et
360 1741 415 1796 aiia
434 1737 575 1794 osteadens
594 1741 678 1810 ipsum
696 1738 897 1806 consulabatur,
922 1755 1010 1795 uerum
1030 1742 1188 1813 imperatore
1205 1747 1233 1796 et
1250 1743 1356 1798 aniter-

318 1845 356 1898 sis
376 1840 409 1896 de
427 1839 568 1895 amissione
585 1841 652 1894 tanti
670 1841 719 1894 viri
735 1839 893 1896 dolentibus.
948 1839 1059 1905 Quidam
1079 1842 1157 1896 vieini
1175 1842 1233 1913 ejus
1252 1857 1269 1897 a
1285 1841 1356 1898 (ion-

317 1939 489 2011 stauttnepoti
508 1940 543 1995 ad
562 1938 718 1996 visitandum
736 1940 795 1995 teca
812 1947 904 1996 sauata
925 1947 1052 1996 uenerunt
1068 1949 1095 1996 et
1114 1955 1130 1996 a
1148 1941 1253 1997 domino
1271 1945 1356 2014 ipsias

317 2042 422 2099 inritati
443 2054 500 2095 eum
524 2039 698 2113 pranderent,
727 2039 778 2096 sibi
803 2038 837 2096 ad
855 2042 964 2096 invicem
980 2041 1007 2094 iu
1025 2056 1090 2097 aure
1108 2041 1246 2098 dixerunt:
1277 2057 1355 2115 quarn

317 2142 411 2199 eturttts
427 2147 468 2199 est
487 2158 553 2213 puer
570 2143 620 2198 tste
637 2140 742 2195 domino
760 2139 838 2197 Petro
856 2139 1019 2210 teloneario,
1046 2147 1073 2198 et
1089 2144 1193 2198 curiose
1210 2145 1355 2215 respicien-

317 2242 387 2298 tibus
405 2257 471 2297 uuus
490 2240 572 2297 dixit:
599 2256 659 2296 vere
677 2240 796 2295 domiuus
814 2238 908 2296 Petrus
926 2246 983 2306 eut,
1003 2255 1110 2314 surgen
1128 2247 1155 2300 et
1171 2241 1268 2300 tenebo
1286 2259 1353 2300 eum.

318 2341 395 2408 Quod
411 2341 461 2398 tite
476 2341 616 2398 Moericus
634 2341 748 2397 latenter
766 2341 842 2414 fugit.
878 2339 944 2402 Erat
962 2347 1047 2397 autom
1069 2344 1195 2398 usuarius
1213 2342 1309 2399 surdus
1328 2355 1355 2401 et

317 2448 411 2512 mutus,
431 2443 476 2515 qui
495 2459 543 2515 per
560 2444 661 2516 signum
679 2443 774 2497 ostium
792 2444 816 2498 ei
835 2440 988 2513 aperiebat,
1005 2444 1048 2498 cui
1064 2440 1158 2498 Petrus
1175 2449 1203 2498 ut
1219 2441 1272 2499 sibi
1289 2459 1356 2515 ape-

318 2534 391 2614 riret,
409 2558 462 2599 uon
481 2544 576 2617 siguis,
591 2540 640 2598 sed
659 2539 747 2598 verbis
764 2543 909 2614 imperarit.
945 2539 979 2597 Et
995 2542 1041 2598 tite
1057 2545 1181 2598 continue
1199 2543 1310 2600 audieus
1330 2551 1357 2600 et

316 2643 447 2718 loquelam
476 2645 605 2714 recipiens
629 2641 733 2714 sibique
750 2641 913 2713 respondens
930 2642 956 2697 ei
977 2644 1081 2713 aperuit
1098 2650 1125 2700 et
1141 2641 1243 2698 domum
1263 2659 1353 2716 regre-

317 2744 392 2802 diens
411 2747 510 2801 cummis
530 2742 563 2799 de
580 2743 638 2815 ejus
653 2742 761 2814 tequeia
780 2744 807 2814 ¹)
823 2740 976 2797 mirantibus
995 2741 1074 2798 dixit:
1089 2741 1135 2798 tlte
1154 2746 1198 2815 qni
1215 2745 1355 2816 capium

318 2845 442 2914 iaciebat,
456 2846 524 2918 exiit
540 2850 567 2898 et
584 2843 662 2916 fugit,
681 2840 729 2898 sed
749 2843 836 2899 uidete
853 2859 885 2899 ue
903 2841 951 2898 Dei
969 2844 1005 2898 sit
1017 2857 1125 2911 servus;
1143 2847 1276 2900 eumeurim
1290 2843 1354 2900 mibi

315 2946 393 3014 dixit,
410 2945 459 3000 tibt
476 2943 550 3000 dieo:
569 2944 653 3015 aperi,
672 2958 731 2998 mcx
749 2959 781 3000 ex
800 2959 846 2999 ore
866 2945 924 3015 ejus
944 2943 1048 3000 flamma
1065 2933 1139 3010 eniit,
1158 2944 1354 3017 quaeiiuguam

316 3052 344 3103 et
362 3061 441 3102 aures
457 3059 530 3101 meas
546 3045 650 3117 tetigit,
680 3049 707 3100 et
723 3046 845 3099 contiuuo
864 3043 979 3099 auditum
994 3049 1022 3100 ct
1037 3043 1170 3114 loquelam
1187 3047 1284 3116 recept.
1320 3043 1356 3100 tiu

223 3126 228 3134 ’
316 3147 469 3204 emittentes
493 3145 609 3201 neroni
632 3149 660 3199 et
681 3149 866 3200 concurrentes
885 3150 948 3216 post
970 3160 1027 3202 eum
1045 3147 1130 3216 ipsum
1148 3144 1261 3215 amptius
1276 3146 1354 3200 inre·

316 3249 373 3304 nire
392 3262 445 3302 auu
468 3251 616 3319 potueruut.
668 3242 743 3300 Tuae
768 3259 858 3300 omues
875 3245 909 3301 de
927 3244 1005 3301 domo
1022 3245 1070 3300 itta
1085 3246 1270 3316 poenitentiam
1288 3259 1353 3316 ege-

316 3355 384 3414 rant,
404 3363 436 3404 eo
453 3345 525 3418 quod
540 3345 619 3402 tmere
639 3346 721 3401 utrum
739 3347 777 3400 sie
794 3345 882 3401 uiliter
898 3351 1085 3401 tractaverunt.
1096 3373 1130 3386 -
1149 3373 1179 3385 -
1196 3375 1230 3386 -
1247 3349 1280 3405 ³.
1291 3342 1354 3401 bio-

316 3447 415 3504 nachus
435 3445 550 3519 quidam,
569 3444 665 3502 Vitatis
683 3447 796 3512 nomine,
814 3445 906 3502 ueicus
915 3451 1033 3501 sanaem
1041 3442 1187 3502 Jebannem
1196 3449 1309 3512 tentare,
1330 3445 1354 3498 si

315 3553 408 3622 posset
423 3546 476 3602 eibi
491 3546 581 3602 uerbis
599 3545 753 3617 persuaderi
776 3549 803 3602 et
820 3545 854 3600 ad
872 3545 1023 3600 scandatum
1048 3543 1126 3600 tacite
1143 3542 1278 3610 inclinari,
1312 3543 1353 3598 iu-

315 3647 439 3724 gredieus
457 3661 522 3719 ergo
541 3649 673 3721 ciuitatem
691 3661 781 3702 omnes
805 3643 925 3718 puubtioas
943 3647 1093 3701 meretrices
1110 3644 1274 3715 conseripsit.
1310 3642 1353 3700 tn-

315 3729 405 3807 trabat
421 3764 487 3822 ergo
504 3746 539 3803 ad
558 3747 618 3802 titas
638 3745 819 3818 perordinem
836 3745 925 3801 diceus
943 3744 1067 3800 cuilibet:
1084 3744 1154 3800 dona
1171 3741 1233 3798 mibi
1249 3749 1351 3799 uectem

316 3855 392 3908 biam
411 3857 438 3907 et
454 3849 509 3906 uolt
527 3847 660 3904 fornicari.
711 3846 771 3919 ipse
791 3853 877 3902 aumm
895 3845 997 3901 domant
1015 3845 1072 3917 ejus
1091 3846 1191 3900 iutrans
1211 3846 1236 3898 iu
1254 3843 1353 3917 angulo

314 3954 390 4011 dexte
414 3949 527 4026 genibus
553 3954 620 4006 tota„
633 3954 710 4004 noete
733 3949 760 4003 iu
788 3948 907 4003 oratione
929 3944 1018 4002 smbat
1042 3950 1067 4000 et
1082 3959 1131 4017 pro
1149 3943 1195 3998 iliu
1214 3942 1311 3998 orabat
1326 3949 1353 4001 et

315 4059 411 4127 postea
426 4067 502 4109 mane
518 4048 609 4107 exibat
631 4049 796 4122 praecipiens
819 4046 941 4115 cuilibet,
976 4063 1009 4103 ue
1026 4045 1104 4102 attend
1122 4043 1261 4102 revelaret.
1295 4043 1353 4101 ilua

316 4162 403 4212 autem
420 4155 498 4209 vtum
517 4153 575 4223 ejus
592 4148 786 4218 manifestarit,
805 4165 874 4222 quae
892 4147 979 4204 statim
998 4151 1091 4202 orante
1108 4159 1172 4202 seue
1191 4159 1208 4200 a
1225 4144 1352 4202 daemone

317 4255 409 4313 uexari
426 4253 522 4326 eoepit
558 4250 607 4308 Cui
623 4264 714 4306 omues
733 4248 869 4307 dicebaut:
886 4244 1000 4305 reddidit
1018 4246 1066 4303 uitri
1082 4246 1162 4314 Deus,
1181 4245 1251 4319 quod
1268 4261 1353 4304 mere·

369 4473 391 4527 Ι)
407 4471 449 4518 Ed.
466 4476 500 4520 Pr.
518 4469 653 4518 cairande
669 4468 775 4527 penten.
