2798 5302
312 487 352 548 stt
515 486 587 564 Cep.
611 485 646 542 V.
688 485 733 544 De
754 493 853 541 sancto
875 482 987 543 'l'lrome
1008 482 1150 562 apostolo.

313 662 411 703 cerere:
448 646 545 699 eduen
559 644 660 714 innitor
678 643 737 714 ejus
755 658 857 707 essen,
883 640 1005 698 diueroot
1022 640 1098 696 nihi:
1136 640 1223 696 lreter
1239 643 1301 695 tuns
1317 653 1342 694 se

312 747 359 802 illo
376 746 437 801 lecit
455 741 603 815 indignum
630 743 651 796 si
672 742 712 794 ris
730 744 755 796 io
775 741 820 796 illo
839 756 961 807 neuere,
986 741 1137 813 rogabimus
1154 739 1303 806 dominere,
1320 745 1344 792 ut

311 853 339 903 te
357 847 483 901 snsettsre
502 841 639 913 dignetur,
672 841 780 896 utillud
800 857 818 896 s
836 839 918 896 lrntre
933 846 979 896 tuo
997 843 1084 912 possis
1103 857 1206 905 estere,
1236 838 1343 896 reddens

313 948 338 1002 ei
357 945 507 1016 pecuniam,
543 957 619 1015 qrroor
645 942 832 1024 selexistinst
848 939 1003 1011 perdidisse.
1057 937 1091 995 lit
1107 939 1174 996 loeo
1194 941 1285 996 disens
1305 954 1345 994 re·

312 1047 393 1101 currit
411 1043 445 1098 ed
463 1056 592 1096 carcerem
607 1039 733 1111 apostoli,
752 1040 828 1096 trotrl
845 1055 893 1094 suo
911 1039 1049 1110 postulone
1062 1039 1205 1112 indulgeri,
1224 1038 1343 1110 abjectis-

314 1161 365 1219 que
382 1142 491 1202 vineolis
510 1154 607 1212 rogere
626 1139 773 1208 apostolum
789 1142 892 1210 eoepit,
928 1145 958 1193 ut
982 1145 1079 1194 restero
1098 1141 1234 1210 occiperet
1251 1139 1344 1209 pretio-

314 1259 378 1300 een.
413 1242 460 1298 Col
480 1238 629 1311 spostolus:
663 1239 787 1310 ignotus,
811 1236 963 1310 quodniltil
982 1237 1104 1303 urente,
1134 1237 1200 1293 nihil
1219 1246 1345 1293 terrenus

313 1345 439 1418 gestiunt,
457 1343 501 1412 qni
520 1339 627 1408 sopiunt
644 1336 742 1392 hebere
759 1340 786 1393 ln
803 1337 962 1394 eoelestilsus
980 1339 1158 1409 potestaten?
1193 1335 1345 1410 Egredieeti

314 1451 400 1499 nutent
425 1437 546 1513 spostolo
571 1436 605 1492 de
628 1451 734 1510 eernere
758 1452 805 1492 reu
823 1439 937 1492 oeonrrit
954 1443 981 1492 et
999 1437 1138 1493 obvolutus
1157 1441 1218 1510 ejus
1238 1437 1344 1508 penno

315 1545 415 1601 reniero
440 1536 601 1613 postulelost.
651 1536 724 1592 Tune
747 1536 884 1607 spostolus
908 1539 959 1592 stit:
997 1538 1101 1612 nultum
1121 1537 1205 1593 rolris
1218 1539 1347 1610 praesunt

262 1660 264 1664 ’
313 1644 393 1710 Deus,
411 1649 438 1696 nt
456 1645 558 1695 seoretn
575 1651 624 1692 sou
645 1635 720 1698 ¹vohis
736 1636 894 1692 ostenderet.
921 1636 1026 1692 (indite
1044 1639 1070 1691 in
1087 1636 1220 1694 christoe
1240 1647 1267 1696 et
1284 1640 1345 1710 lesp-

313 1742 437 1807 tlstunini,
456 1744 484 1794 ut
501 1740 601 1796 aeterni
619 1739 694 1810 regni
710 1737 853 1810 participes
871 1738 939 1792 sitis.
963 1735 1035 1792 Dixit
1053 1740 1077 1792 el
1097 1737 1278 1812 lrnterregis:
1296 1740 1346 1795 ridi

315 1841 457 1912 peletiun,
485 1838 556 1911 quod
573 1839 649 1893 lrutri
667 1837 843 1902 meetseren,
873 1841 900 1893 et
916 1836 980 1892 illud
997 1851 1151 1908 conparere
1169 1841 1263 1895 nerui.
1302 1839 1345 1894 cn

211 1946 217 1956 '
315 1939 469 2013 spostolus:
504 1935 554 1993 hoo
576 1939 601 1992 ln
628 1943 759 2008 potestne
785 1936 875 1991 iretris
898 1938 935 1991 tui
954 1943 1002 1991 est.
1054 1937 1100 1992 col
1120 1954 1182 1994 reu:
1217 1939 1346 1995 illuderit

315 2056 406 2097 neuun.
455 2037 599 2111 Apostolus
626 2035 737 2092 lubricet
759 2034 808 2091 tibi
833 2035 920 2102 eliud,
961 2035 1076 2108 quodsi
1101 2036 1168 2094 lone
1191 2040 1346 2109 nequiverit,

315 2138 378 2194 rnilrl
395 2146 422 2194 et
438 2137 486 2192 tibi
504 2154 579 2192 uourn
599 2135 649 2192 lton
666 2151 798 2193 conrnune
816 2138 873 2191 erit.
925 2134 1071 2206 Respondit
1088 2137 1245 2208 apostolus:
1275 2140 1345 2194 ineu-

317 2237 453 2296 nersbilit
478 2237 579 2309 peletiu
601 2243 663 2291 suot
686 2238 712 2291 iu
733 2235 809 2292 eoelo
822 2234 861 2291 'ob
888 2237 963 2291 initio
981 2235 1081 2292 saeculi
1099 2245 1262 2308 proepsrutn
1281 2253 1346 2310 pute

316 2338 378 2395 ludet
398 2338 425 2408 ¹)
454 2335 594 2409 (precibus
611 2338 689 2404 siue)
714 2339 799 2407 pretio
817 2341 844 2393 et
861 2335 1027 2392 elemosinis
1045 2337 1136 2394 elsotis
1154 2345 1345 2408 cooperentur.

316 2438 429 2495 lllritise
447 2443 534 2492 oeten
552 2443 655 2493 restrse
672 2434 707 2491 ed
722 2434 770 2490 lile
786 2449 834 2491 roe
858 2434 1013 2492 snteoerlere
1030 2443 1155 2506 possunt,
1193 2440 1270 2510 sequi
1289 2454 1348 2494 vero

318 2538 422 2592 ommno
437 2551 487 2590 non
507 2544 625 2608 possunt.
643 2565 677 2587 -.
694 2565 727 2576 -
745 2531 779 2594 l·
797 2532 862 2590 Post
879 2549 955 2589 onon
973 2541 1058 2614 auten
1077 2551 1190 2592 mensem
1210 2537 1274 2593 leeit
1285 2554 1343 2610 opo-

319 2634 403 2692 stolns
423 2650 553 2707 pauperes
571 2651 659 2691 onnes
678 2633 749 2690 illins
768 2635 917 2706 prouinciee
935 2637 1102 2707 congregari,
1122 2637 1217 2707 quibus
1238 2653 1348 2712 oongre-

317 2738 388 2809 gutis
411 2734 518 2793 debiles
538 2742 565 2792 et
589 2737 704 2790 inientes
728 2735 837 2788 seorsim
856 2739 927 2789 sture
941 2735 1023 2806 jussit
1041 2740 1068 2790 et
1085 2751 1167 2805 super
1185 2752 1233 2792 eos
1252 2741 1346 2802 erevit,

317 2850 426 2908 ennqoe
442 2837 486 2906 qni
504 2835 575 2890 loeti
593 2835 706 2899 luerent,
724 2832 934 2904 respondissent,
953 2831 1045 2899 Arsen,
1063 2839 1212 2892 cernentis
1231 2836 1265 2894 de
1274 2838 1347 2893 coelo

318 2936 424 2992 rentem
443 2942 495 2990 ten
512 2933 658 3005 spostolus
678 2946 753 3004 quse
778 2940 897 3010 eeeteros
915 2932 971 2989 iere
988 2935 1036 3005 per
1052 2932 1142 3016 lrorsn
1161 2936 1295 2992 dimidient
1313 2942 1349 2993 sis

318 3034 505 3106 perlustravit,
524 3041 551 3088 ut
568 3049 658 3089 ornnes
676 3049 705 3089 se
723 3039 847 3105 poterent
863 3035 915 3087 ictu
933 3032 1046 3106 fulguris
1063 3037 1213 3103 interiisse,
1244 3039 1349 3110 erigens

317 3139 404 3190 oeten
421 3150 450 3190 se
467 3133 604 3205 spostolus
621 3132 701 3187 diuit:
725 3134 836 3204 surgite,
866 3113 929 3205 quie
946 3132 1065 3190 doninus
1084 3151 1157 3192 neos
1173 3119 1243 3191 sieut
1264 3137 1350 3212 tutgn

318 3235 388 3290 reoit
405 3248 503 3304 eosque
523 3235 635 3288 snserit.
669 3231 849 3305 Exsurgentes
866 3239 951 3288 snten
971 3241 1060 3290 ornnes
1079 3237 1136 3290 seni
1147 3235 1228 3292 Denso
1246 3244 1275 3293 et
1286 3253 1347 3309 spe-

316 3333 411 3388 stolnn
433 3331 654 3405 glorldrnrernnt
696 3331 780 3388 ¹‘l'one
805 3332 941 3404 apostolus
958 3337 1046 3404 eoepit
1062 3350 1109 3390 eos
1126 3334 1222 3392 dooere
1240 3343 1268 3391 et
1288 3338 1351 3393 duo-

318 3431 399 3487 decin
416 3430 515 3504 gradus
534 3435 655 3487 rirtoton
673 3434 822 3505 sesignure.
873 3431 974 3489 Prinos
991 3441 1048 3500 ost,
1071 3440 1099 3488 ut
1117 3437 1144 3490 ln
1162 3434 1243 3492 [leon
1261 3437 1351 3494 crede-

266 3591 268 3596 ,
319 3538 390 3598 rent,
427 3533 470 3602 qul
489 3538 530 3586 est
547 3547 613 3587 onus
632 3533 657 3586 in
675 3534 791 3588 essentis
813 3538 841 3586 et
858 3533 942 3588 trinus
960 3534 986 3586 in
1003 3537 1138 3602 personis,
1177 3534 1302 3609 deditque
1320 3539 1351 3592 iis

318 3630 416 3702 triplex
432 3630 578 3703 euenplun
595 3631 728 3698 sensibile,
747 3632 877 3704 quoreodo
895 3633 949 3688 siut
967 3634 994 3686 io
1012 3647 1063 3687 une
1080 3637 1196 3690 essentie
1211 3642 1267 3692 tres
1292 3653 1351 3707 per·

320 3745 411 3786 sonoe.
463 3728 573 3786 Prinne
593 3738 648 3798 est,
684 3734 746 3803 quis
771 3747 822 3788 one
842 3738 882 3788 est
898 3734 925 3787 ln
942 3730 1045 3788 leonino
1062 3733 1195 3802 sepientis
1209 3742 1237 3790 et
1254 3735 1289 3792 de
1307 3737 1353 3792 ills

321 3843 373 3884 uno
390 3828 526 3901 prseeedit
541 3829 697 3897 intellectos,
714 3835 845 3886 nemoria-
856 3838 883 3888 et
900 3833 1040 3904 logenton.
1075 3831 1139 3888 Non
1158 3835 1291 3906 ingenioso
1302 3845 1352 3905 est,

320 3932 421 4002 inquit,
447 3935 474 3986 ut
492 3928 561 4000 quod
579 3946 630 3985 non
648 3929 779 3996 didicisti,
810 3933 942 4000 invenies:
964 3935 1104 4000 nonoris,
1129 3939 1225 3990 utnon
1242 3934 1354 3991 oblivis-

320 4032 400 4098 oeris,
417 4045 485 4102 quse
502 4026 635 4096 didiceris,
651 4030 809 4096 tutelleetus,
826 4036 855 4085 ot
872 4030 1016 4103 intelliges,
1035 4047 1103 4104 quse
1121 4033 1226 4089 ostendi
1243 4043 1355 4106 possunt

323 4129 364 4184 rel
380 4129 478 4186 deseri.
513 4127 657 4184 Secundum
677 4130 746 4201 quod
764 4133 788 4185 in
809 4146 861 4186 ons
877 4132 954 4187 rioen
971 4135 1023 4186 tris
1039 4138 1109 4200 sunt,
1128 4133 1228 4190 seilioet
1245 4129 1354 4207 lig'rrorn,

386 4351 408 4401 l)
422 4347 480 4394 edit.
493 4349 561 4392 l’rine
582 4347 665 4393 ornittit
677 4348 733 4392 ltere
746 4351 828 4404 verbe,
854 4365 911 4406 qrue
925 4365 952 4395 ox
972 4351 1106 4404 glossemate
1120 4357 1171 4396 nete
1185 4350 1304 4406 videnter,
1330 4359 1355 4396 ut

324 4417 458 4460 recentiores
472 4415 554 4461 deinde
568 4415 676 4462 electis
689 4431 768 4463 vorem
782 4416 865 4466 delent.
