2984 5316
326 463 386 526 39⁶2
463 535 466 542 Ι
523 466 595 545 cap.
616 465 677 524 XC.
721 465 763 526 De
786 473 890 523 ‘sancto
912 463 1000 532 Penio
1022 461 1161 542 apostolo.

327 621 439 678 nrundua
455 637 487 679 eo
504 621 611 696 dignior
627 639 678 678 non
697 629 746 690 est,
765 621 812 678 aed
830 621 900 678 torte
918 620 960 676 nol
974 619 1095 676 eoeiurn?
1117 617 1165 673 seul
1176 615 1245 672 istud
1257 632 1362 688 qnoque

302 721 311 738 ”
327 724 457 788 inpertitur
474 721 592 778 interius.
627 721 655 778 Si
674 726 739 778 enirn
758 738 809 776 non
825 722 907 776 sotuun
926 721 1035 788 ouetnm,
1056 717 1102 776 aaut
1122 723 1208 785 etiarn,
1227 731 1294 788 quaa
1312 699 1362 770 ina·

327 822 422 877 bennun
438 823 465 876 iu
485 821 581 888 cuniis,
607 821 653 876 itei
673 819 824 892 postposuit
847 824 969 889 raritati,
993 818 1122 892 quomodo
1141 803 1191 874 uon
1210 819 1295 889 tnagis
1313 816 1363 870 nio-

330 921 427 984 ninus,
461 923 505 992 qui
535 927 607 976 tanto
633 926 673 976 est
696 918 836 992 benignior
858 917 956 983 Panto,
986 927 1082 991 quanto
1107 917 1231 972 mniitinrn
1256 916 1363 970 bonitas

329 1018 472 1084 ustensitia,
492 1021 633 1074 innumeris
653 1019 735 1076 oooiia
756 1035 814 1076 euro
827 1018 933 1091 judicet
950 1019 1118 1092 digniorem?
1152 1015 1208 1072 Non
1228 1017 1295 1071 enine
1313 1027 1363 1068 noa

329 1125 427 1174 tanturn
451 1119 541 1191 diligit
568 1119 653 1182 Deua,
682 1127 806 1192 quantuni
830 1135 846 1173 a
870 1119 947 1173 nobis
971 1119 1029 1189 ipae
1054 1116 1187 1188 diligitur,
1218 1115 1364 1170 aetuoso

331 1218 454 1285 eiiusiua,
478 1226 575 1290 quanto
600 1233 648 1272 neo
672 1233 758 1274 sernno
785 1217 883 1274 suiiinit
903 1218 1043 1289 enpiioare.
1077 1214 1106 1270 in
1125 1213 1276 1286 paradisum
1299 1223 1365 1286 quo-

332 1333 383 1388 qne
402 1316 470 1372 huno
488 1317 559 1373 Dauus
576 1319 664 1386 rapuit
682 1323 709 1372 et
727 1319 751 1371 in
770 1317 870 1373 eoelum
890 1319 992 1373 tertium
1015 1315 1176 1380 subierunt,
1204 1328 1253 1368 neu
1277 1314 1366 1369 inne-

307 1467 308 1470 ,
334 1420 398 1482 rito,
422 1417 552 1488 siquidum
576 1415 671 1471 Penius
696 1417 722 1470 in
747 1423 819 1476 terre
835 1414 962 1490 grediens
980 1415 1019 1470 sic
1036 1405 1065 1470 se
1083 1413 1195 1488 gerebat
1212 1415 1237 1468 in
1256 1417 1366 1480 eunetis,

333 1517 409 1587 quast
434 1516 586 1589 angelornm
611 1517 741 1572 societate
760 1515 898 1572 teneretur.
934 1513 997 1569 Nnun
1025 1513 1122 1568 visibili
1150 1511 1236 1568 aritine
1261 1511 1367 1584 corpori

332 1613 475 1685 colligatus
489 1615 769 1686 iiioruuperte'otione
787 1614 929 1688 gaudebat,
946 1615 1026 1668 tantis
1046 1613 1368 1686 fragititntibnaoorporis

333 1710 454 1768 subditus
465 1716 491 1771 tn
502 1712 574 1768 nulio
585 1713 694 1769 interior
705 1718 825 1786 supernis
839 1713 977 1770 uirtutibus
994 1727 1124 1784 apparere
1141 1712 1268 1768 uertebat.
1303 1711 1367 1766 Nom

334 1818 362 1872 et
385 1818 512 1884 umquem
536 1821 665 1884 pennatus
689 1820 770 1869 toturn
790 1813 909 1870 docendo
928 1813 1078 1886 pernotavit
1102 1813 1190 1870 orbern
1210 1820 1237 1869 et
1254 1813 1326 1867 reiut
1342 1815 1369 1872 in

334 1927 446 1983 corpora
469 1912 575 1968 iabores
599 1915 767 1985 periculaque
792 1915 929 1968 nunteusit
947 1921 974 1968 et
997 1913 1142 1984 quesitum
1162 1912 1262 1968 eonium
1281 1913 1380 1982 possi<

334 2011 400 2069 dens
423 2020 516 2069 cuneta
540 2029 649 2084 pronus
675 2018 780 2067 terrene
805 2011 928 2083 despexit
955 2019 980 2068 et
1003 2018 1134 2083 tamquam
1155 2027 1211 2066 nun
1232 2013 1298 2082 ipsis
1313 2013 1370 2083 jann

334 2115 500 2184 incorporeis·
511 2113 648 2167 uirtutibus
659 2111 761 2185 degens
769 2113 832 2185 jugi
847 2115 941 2168 mentia
959 2114 1102 2168 intentione
1121 2111 1247 2184 vigilavit
1272 2109 1307 2166 Et
1321 2125 1367 2166 nru-

334 2211 404 2284 geiis
429 2213 533 2284 quietern
557 2227 639 2283 suupe
665 2211 826 2266 diuersurum
852 2215 966 2284 gentium
990 2227 1055 2266 eura
1076 2214 1215 2267 summissa
1239 2215 1295 2274 eet,
1321 2210 1370 2264 sed

334 2311 422 2366 nultus
440 2327 527 2366 eoruun
547 2314 584 2366 ita
600 2312 724 2367 eruditum
743 2311 795 2365 sibi
813 2311 935 2383 poputum
955 2312 1126 2385 gubernanti,
1152 2318 1179 2365 ut
1199 2309 1295 2366 Paulus
1311 2313 1371 2367 uni-

288 2475 290 2479 ,
334 2425 437 2465 veranus
456 2409 555 2466 orbern.
590 2411 664 2466 Siout
679 2417 764 2466 autern
786 2409 882 2482 aliquia
901 2410 1143 2484 indulgentissimus
1168 2418 1244 2480 puter
1260 2409 1375 2480 ntiiniwr

335 2506 487 2580 eugubiiuru
496 2509 619 2581 phrenesi
633 2510 855 2580 eomprehenanuu,
874 2513 950 2580 eujus
961 2517 1059 2582 quanto
1073 2511 1157 2582 nugis
1170 2506 1297 2564 eonuie'iia
1311 2512 1371 2563 iuti·

334 2605 438 2678 busque
451 2607 580 2677 putentur,
591 2617 664 2665 tanto
679 2611 736 2680 ejus
750 2612 838 2679 potius
851 2612 990 2664 miseretur
1001 2617 1028 2664 at
1041 2609 1129 2674 deflet,
1145 2612 1184 2665 iia
1194 2607 1291 2664 Penius
1302 2611 1370 2675 istis,

336 2705 466 2778 aquibus
485 2707 668 2781 affligebatur,
694 2710 795 2778 majora
813 2707 957 2764 adhibebat
972 2709 1088 2764 tomenta
1106 2710 1221 2780 pietatis.
1256 2708 1373 2780 {iuraque

334 2801 418 2878 saepe
434 2807 562 2877 proillio,
582 2809 626 2880 qui
644 2821 701 2862 euna
720 2808 859 2879 quinquies
874 2806 1080 2864 verberaverant
1099 2815 1126 2864 et
1144 2811 1202 2882 ejus
1218 2809 1372 2882 sanguinein

335 2905 475 2974 sitiebant,
499 2906 692 2978 lacrymabatur
717 2914 744 2961 et
769 2907 937 2963 vehementer
961 2904 1069 2963 dolebat
1097 2916 1123 2963 et
1146 2925 1194 2980 pro
1213 2911 1246 2964 iis
1261 2909 1372 2963 onabm:

337 3003 450 3070 iratres.
479 3008 579 3078 inquit,
609 3006 856 3078 voiuntas‘qnidem
881 3006 970 3062 nordio
993 3010 1044 3064 naei
1065 3015 1115 3064 eto.
1152 3007 1184 3064 Et
1207 3009 1375 3063 vehementer

338 3121 443 3178 qnoque
471 3089 640 3172 moriebatur
665 3121 697 3162 ee
721 3110 824 3178 penitus
851 3105 1051 3175 dissecabatur,
1082 3123 1139 3164 uun
1164 3124 1212 3164 eos
1233 3117 1374 3179 pereuntes

338 3205 448 3260 videret
483 3205 515 3262 iit
539 3208 606 3262 enirn
626 3208 736 3262 ¹ruinaunr
759 3208 785 3261 tn
811 3207 898 3279 ignem
924 3206 1019 3262 terrun
1052 3215 1140 3264 toton
1160 3189 1279 3282 proiecto
1305 3209 1375 3281 ignia

338 3305 466 3370 efficitur,
490 3309 531 3360 siu
555 3303 652 3362 Paulus
678 3309 788 3361 earitate
810 3321 954 3376 suspensus
981 3307 1089 3364 eiieotus
1115 3315 1156 3365 eat
1179 3304 1249 3364 totus
1268 3311 1374 3364 earitea

337 3403 386 3469 unt
410 3407 485 3478 quusi
509 3409 651 3471 eommunis
676 3408 758 3462 totius
784 3404 870 3461 nuntii
898 3412 969 3462 aaaet
991 3417 1082 3479 pater,
1107 3412 1146 3465 ita
1169 3411 1204 3464 in?
1220 3425 1310 3466 anone
1334 3407 1376 3464 nei

337 3507 442 3562 optione
460 3505 590 3563 hominurn
609 3513 636 3562 et
653 3509 725 3578 ipaoa
744 3521 832 3561 eorum
853 3506 1004 3574 imitabatue
1020 3513 1154 3578 pateatne,
1175 3511 1250 3565 inmo
1268 3514 1376 3565 eunetos

322 3621 390 3676 ¹tion
409 3607 546 3678 amba,
575 3622 663 3663 neruus
690 3608 767 3661 etiarn
792 3604 945 3677 spirituales
960 3613 1056 3676 petrea
1073 3603 1252 3664 aotttrtuitna
1270 3623 1301 3664 eo
1318 3610 1376 3678 pie·
1401 3587 1403 3592 ¹

334 3712 394 3760 tato
414 3705 565 3777 snpenbat.
603 3705 709 3760 omnen
733 3709 800 3762 entra
824 3721 934 3776 prorsus
958 3705 1087 3763 bominem
1110 3707 1166 3764 Deo
1185 3708 1311 3766 exhibere
1329 3723 1376 3764 eu·

338 3803 439 3876 piebat,
457 3809 533 3878 quasi
553 3808 620 3862 enter
639 3809 786 3861 uniuersum
801 3805 920 3861 nundum
942 3808 1000 3877 ipse
1017 3810 1164 3879 genuisset,
1184 3815 1210 3864 et
1227 3811 1267 3865 aio
1287 3817 1378 3864 ornnes
1459 3863 1461 3866 ,

338 3905 366 3961 in
385 3903 433 3960 Dei
448 3921 533 3978 regno
551 3905 696 3962 teatinabet
712 3905 851 3976 inducere,
877 3923 972 3979 eorpus
989 3915 1017 3964 et
1032 3910 1143 3968 antinum
1157 3925 1210 3979 pro
1227 3907 1286 3976 bia,
1312 3899 1381 3980 quoa

338 4002 484 4078 'diligeban
511 4005 670 4077 inpendens.
705 4005 787 4062 itone
813 4011 864 4064 iate
888 4008 1014 4082 ignobilis
1038 4016 1065 4064 et
1083 4009 1310 4078 oirounrierartas,
1333 4009 1379 4080 qut

338 4113 419 4162 arton
446 4105 589 4162 exercebat
610 4107 637 4160 in
662 4106 790 4178 puiiibus,
817 4116 890 4163 tenta
913 4111 1008 4164 virtute
1026 4123 1185 4181 progressus
1203 4115 1260 4176 eat,
1283 4117 1313 4164 ut
1334 4112 1379 4164 nix

339 4203 418 4272 xxii
437 4221 562 4262 annorum
590 4207 678 4277 spatio
704 4215 732 4262 et
749 4207 879 4264 Romanos
902 4215 929 4265 et
946 4208 1041 4288 Peraea
1058 4215 1085 4265 et
1102 4208 1215 4268 Parthos
1232 4214 1259 4266 et
1275 4207 1379 4276 Medos,

332 4304 418 4364 intua
437 4311 464 4363 et
481 4305 603 4378 Sepias,
621 4296 812 4380 Aethiopeaet
829 4309 981 4365 Sarnnntaa
999 4317 1079 4380 etqua
1095 4308 1244 4365 Saracenos
1259 4313 1286 4366 et
1303 4325 1380 4366 omna

339 4421 450 4479 prorsus
474 4405 605 4464 bontuuu
629 4422 713 4480 penus
738 4407 787 4465 aub
807 4399 875 4482 jugo
902 4411 1015 4466 mitteret
1043 4411 1179 4478 ueritatis,
1207 4412 1329 4466 etaient
1353 4413 1379 4462 in
