2984 5302
352 499 426 580 Cap.
449 499 550 560 cxiii.
594 501 639 560 De
662 513 760 560 senato
782 503 943 566 Domindeo.
1102 507 1167 576 tin

126 661 252 733 episeopo
271 656 323 715 lroo
340 657 418 713 nodo
434 663 594 715 monstratos
610 665 659 716 est.
695 659 760 716 Nam
779 673 835 718 eon
854 661 1039 732 inconpositi
1057 661 1166 722 iratrnrr

126 761 213 831 eapite
236 757 271 814 ad
297 773 394 814 narum
408 759 545 814 insinno
570 757 621 815 ieri
648 774 740 814 senrno
762 757 947 829 dormitasset,
976 761 1042 816 vidit
1065 765 1166 820 eoelanr

43 907 45 910 .
126 864 244 928 apertum
263 863 291 914 et
308 857 374 914 dnae
391 859 481 914 stains
499 857 626 916 candidat
644 859 678 912 ad
697 865 794 915 terraer
812 859 946 927 submitti,
970 877 1078 933 querani
1096 879 1166 918 sorr-

126 959 231 1012 nitates
257 957 378 1014 Christus
405 973 461 1014 enni
485 963 568 1014 matre
592 956 703 1013 tenebat
729 964 756 1015 et
777 959 867 1032 angeli
894 977 943 1032 psr
959 977 1006 1019 ess
1020 961 1167 1034 initiantes

127 1055 307 1113 ascendebant
328 1064 355 1114 et
381 1056 590 1114 descendebant.
623 1055 653 1112 in
677 1057 763 1113 aredio
789 1064 875 1114 anteri
902 1061 1032 1116 scelernm
1063 1063 1089 1116 in
1115 1063 1167 1118 ino

127 1154 206 1213 sedes
222 1159 313 1226 posits
329 1164 387 1213 erat
406 1162 433 1212 et
450 1155 637 1229 supersedens
656 1157 745 1214 velato
762 1159 850 1228 eapite
869 1159 951 1216 irater
964 1161 1070 1228 sedens,
1087 1161 1167 1219 Jrssa

127 1263 214 1312 sntenr
240 1261 267 1312 ot
291 1263 374 1313 nater
398 1257 457 1328 ejas
480 1272 583 1313 sorsen
605 1256 693 1315 sosias
714 1256 871 1324 trahebant,
898 1259 981 1314 donee
1005 1259 1114 1316 sedente
1140 1263 1168 1314 tn

128 1357 230 1412 eoelum
243 1355 348 1413 eierato
366 1363 492 1428 apertura
508 1357 576 1412 coeii
593 1356 686 1412 elassa
703 1362 753 1412 est.
787 1355 902 1414 Veniens
922 1361 1005 1433 igitar
1016 1359 1168 1430 praedictae

129 1456 213 1512 irater
242 1455 386 1512 Bononiam
417 1459 541 1513 eontinao
571 1456 663 1514 eadere
695 1455 739 1511 die
769 1461 796 1512 et
822 1454 890 1512 hora
915 1465 1016 1529 patrem
1037 1459 1169 1531 nigrasse

128 1557 262 1630 cognorit.
296 1555 390 1612 Frater
407 1559 511 1629 qnidam
529 1559 633 1613 nornine
654 1555 744 1612 ‘iiten
762 1559 867 1628 positos
883 1556 954 1628 epod
967 1555 1059 1628 Tpisnr
1076 1556 1168 1615 eaden
1197 1553 1200 1559 ’

129 1655 175 1712 die
196 1671 228 1711 ao
254 1657 337 1719 hora.
362 1671 415 1730 qne
433 1661 510 1728 pater
533 1657 659 1730 nigroris
675 1669 692 1712 a
709 1670 836 1726 serpere,
863 1659 970 1712 missen
986 1657 1169 1713 celebraturus

129 1763 280 1814 merserat
304 1755 338 1812 sd
363 1755 457 1811 nitere.
494 1754 556 1811 Gen
581 1754 711 1811 endiissst
731 1770 787 1812 earn
810 1753 947 1814 Bononiae
964 1763 1122 1830 aegrotante
1142 1761 1170 1812 et

129 1854 165 1911 ad
182 1859 267 1912 ioonor
286 1857 395 1912 nononis
414 1855 536 1926 veniens,
562 1857 588 1910 in
616 1870 668 1927 qno
693 1854 728 1912 de
743 1855 812 1911 sinis
830 1859 928 1914 inentio
947 1855 1005 1916 dori
1023 1857 1170 1925 consuevit,

129 1956 210 2014 reiiet
227 1973 275 2028 pro
294 1958 353 2029 eins
371 1956 458 2012 seinte
477 1969 571 2023 orare,
596 1953 685 2010 subito
710 1954 796 2011 tantos
824 1962 866 2012 est
888 1958 917 2012 in
939 1971 1053 2015 excedant
1076 1958 1170 2012 arentis

129 2057 247 2129 viditque
265 2059 348 2112 sirnnr
365 2055 415 2112 Dei
433 2055 593 2112 Donioiensr
612 2068 712 2109 corono
728 2054 842 2128 quadan
866 2071 949 2112 sures
965 2057 1111 2112 ianrsstarn
1127 2061 1171 2111 to-

130 2163 237 2229 tnnqno
260 2156 375 2214 nirnbiii
399 2154 542 2227 splendore
566 2153 725 2226 frigentem,
757 2153 861 2214 duobos
886 2154 992 2227 quiden
1017 2152 1170 2211 reverendis

132 2259 197 2312 virts
214 2259 378 2323 oonitntnnr,
395 2255 456 2312 irino
473 2253 535 2309 inde
554 2260 630 2308 entre
647 2251 792 2309 Bononiasr
810 2255 838 2309 in
855 2256 900 2310 rie
922 2253 1001 2328 regia
1023 2255 1171 2326 proceden-

131 2363 192 2414 ten.
227 2356 302 2414 Diem
320 2357 402 2430 igitur
418 2360 514 2410 notans
533 2358 560 2409 et
577 2351 669 2407 inraso
687 2353 788 2408 invenit
809 2359 871 2409 tune
894 2369 996 2410 semen
1015 2353 1065 2412 nei
1081 2354 1172 2411 lioni-
1227 2385 1233 2398 ·

131 2458 216 2512 ninnnr
243 2470 397 2526 soorpore
422 2454 562 2526 nigrante.
598 2449 661 2505 Gnnr
683 2453 767 2525 igitur
789 2467 887 2524 oorpns
913 2453 973 2525 ejus
997 2454 1078 2510 rnnito
1103 2459 1172 2511 tenr-

130 2572 197 2628 pore
224 2554 272 2610 sni
301 2561 374 2610 terra
394 2553 527 2626 jannisset
556 2556 583 2605 et
606 2548 836 2607 erebrssoentiinrs
858 2554 886 2608 in
908 2551 966 2608 dies
992 2553 1174 2613 indesinenter

132 2654 267 2710 nistoriis
282 2669 335 2709 non
349 2657 445 2724 posset
456 2650 567 2707 niterins
581 2649 640 2722 ejas
651 2653 778 2706 sanctitas
789 2652 925 2718 osenitnri¹
939 2651 1051 2709 irdeitnnn
1063 2651 1172 2725 dignans

132 2754 207 2810 desit
228 2753 335 2808 devotio
357 2765 454 2822 eorpus
476 2753 536 2822 eins
562 2747 596 2805 ad
622 2747 742 2806 nitiorenr
769 2751 854 2807 inane
871 2751 1035 2820 transferre,
1062 2765 1173 2824 eundae

133 2858 324 2909 nananentanr
357 2850 469 2917 inisset,
504 2848 590 2906 irneto
624 2851 668 2904 rin
701 2848 797 2906 terreis
828 2853 1008 2908 instrumentis
1037 2856 1173 2906 caemento

132 2953 291 3025 sabiatoqns
309 2951 408 3023 itepide,
426 2949 597 3022 paterenus,
615 2955 691 3005 tanta
708 2963 740 3004 ex
759 2949 819 3019 ipso
837 2951 986 3008 suavissimi
1005 2949 1097 3007 odoris
1109 2965 1173 3021 pro-

134 3041 205 3124 rapit
226 3053 388 3125 fragrantia,
407 3057 437 3106 nt
456 3066 506 3107 non
524 3057 577 3106 tarn
596 3047 762 3121 sepnioirraar
781 3065 857 3122 qnare
874 3050 944 3106 eriis
962 3049 1097 3107 rideretur
1112 3064 1174 3103 aro·

134 3159 229 3208 natans
247 3155 375 3224 patuisse.
411 3151 462 3215 Qni
488 3149 590 3222 nsidera
616 3148 685 3205 odor
705 3154 801 3205 sanata
821 3149 967 3222 superabat
989 3155 1109 3204 arenata
1125 3161 1175 3204 neo

134 3247 1175 3322 siieainsreinataraliaodorsireiiisridebatarneeroinrnossibnsautpalreri

134 3353 205 3407 saort
221 3352 342 3420 eorporis
359 3351 447 3407 inerat
465 3349 506 3406 rei
526 3363 639 3416 espsae,
665 3364 753 3406 rernm
770 3351 850 3406 etiae
866 3356 954 3408 terrae
973 3352 1175 3423 oiroonpnaqne

134 3458 294 3523 nongentas,
318 3451 357 3506 its
379 3449 459 3506 atad
478 3449 638 3522 longinquas
655 3449 781 3522 regiones
805 3453 883 3504 etirnn
902 3448 1066 3522 postmodnm
1085 3447 1176 3506 delata

135 3550 243 3608 odorent
258 3552 341 3615 ipson
354 3548 436 3622 longo
446 3555 564 3619 tenpore
577 3547 709 3603 retineret.
729 3547 848 3606 Fratrnra
864 3565 928 3605 tere
942 3547 1061 3605 naribos
1074 3546 1176 3622 aiipaid

137 3646 1176 3722 de¹)rriiqnitsnngennbnssisinisesn,unquentonrnnpreiotesreiennon

137 3749 300 3807 nonirioatae
318 3747 481 3824 fragrantias
499 3745 544 3801 din
561 3749 736 3802 testimoniare
754 3752 964 3818 praesentarent.
998 3745 1026 3802 in
1038 3747 1178 3817 provincia

137 3848 268 3922 [inperite
286 3849 327 3904 vir
344 3846 449 3919 qnidaor
465 3844 564 3901 nobilis
579 3861 637 3902 esna
654 3861 737 3904 onore
755 3861 805 3902 sne
827 3850 855 3901 st
871 3844 926 3902 iiio
947 3845 1058 3918 perseio
1079 3844 1113 3900 nd
1133 3859 1177 3902 re·

137 3949 234 4022 iiqniss
259 3946 332 4002 beati
355 3946 496 4012 dominini,
519 3960 588 4017 qnae
614 3946 642 4000 in
664 3944 740 4002 Siion
757 3944 939 4012 debebantur,
965 3944 1113 4001 risitandns
1130 3959 1176 4000 ae-

138 4051 235 4114 oessit‚
254 4051 283 4101 at
300 4045 369 4100 iiius
386 4046 445 4116 ejas
463 4043 628 4100 indominatas
647 4043 745 4101 ibidem
762 4043 796 4100 ad
808 4051 948 4100 eatrennn
961 4047 1031 4101 ritae
1042 4043 1178 4106 moriendo

137 4147 272 4218 pervenit,
303 4150 382 4217 pater
414 4151 502 4200 enters
535 4159 632 4210 nespas
663 4141 711 4198 oin
738 4157 825 4199 eoram
851 4143 930 4198 altari
952 4144 1026 4200 beati
1050 4143 1178 4201 noniniei

137 4245 273 4305 eoiioosns
291 4243 429 4301 innentari
446 4246 536 4317 eoepit
553 4249 581 4300 et
597 4243 701 4301 disere:
727 4241 807 4298 beate
830 4241 984 4312 Dominiee,
1009 4243 1095 4300 iaetus
1117 4243 1178 4299 esni

187 4396 209 4448 i)
222 4394 268 4439 niti
281 4395 359 4439 nobo
372 4393 457 4455 tepore.
535 4393 558 4449 2)
572 4395 623 4438 nso.
637 4391 726 4436 eridani
738 4391 945 4437 saerosanctis
966 4398 989 4438 et
1002 4398 1055 4450 post
1068 4388 1179 4437 soniri·

139 4469 233 4510 ostser
252 4469 354 4509 essent
373 4475 425 4519 per
443 4459 550 4518 plnres
569 4457 636 4505 dies
649 4463 855 4508 conseerstee.
920 4515 921 4518 Ἴ
