2918 5302
322 434 385 500 650
448 439 521 517 Cap.
545 435 658 497 CXLV.
700 436 744 495 De
768 443 867 494 saneto
890 433 1032 494 Mielraele
1054 432 1247 512 archangelo.

321 603 405 653 turum
424 611 457 653 ns
476 596 534 664 liat,
558 595 608 650 liou
634 597 764 668 signatum
792 600 833 649 est
850 592 956 653 Numer.
974 590 1046 648 llllll
1066 594 1092 646 ln
1109 591 1243 660 liolaam,
1268 593 1315 664 qui
1338 593 1370 647 ud

321 695 526 751 maledicendum
543 693 626 749 lsrael
645 710 760 766 pergens
779 693 812 748 ab
830 693 927 766 angelo
946 691 1087 762 impeditus
1106 697 1163 758 esi;
1191 690 1313 747 secundo
1332 692 1369 745 iu·

323 793 457 866 crepando
484 797 668 864 praeteritum,
692 800 721 848 ut
745 793 778 848 ab
803 810 834 849 eo
859 795 918 865 qiiis
944 791 1065 856 recedat,
1093 789 1148 871 hou
1174 791 1315 862 signatum
1333 796 1371 844 eut

319 894 380 952 lud.
398 893 436 962 ΙΙ,
463 893 525 962 ubi,
551 911 607 949 aum
634 893 746 966 augelus
772 890 840 946 lilios
865 891 946 946 lsraal
974 890 1006 945 da
1030 889 1267 959 praeuaricatione
1287 891 1370 944 inere·

319 1002 420 1072 passer,
440 995 491 1064 insi
510 989 681 1048 ululaverunt
701 1007 788 1046 rocem
807 997 834 1046 et
851 991 994 1056 llererunt;
1012 991 1091 1044 turtio
1113 987 1273 1042 violentiam
1294 991 1369 1060 quasi

319 1092 467 1156 tolerando,
483 1097 511 1146 ut
523 1107 539 1146 a
549 1092 680 1161 praesenti
694 1098 802 1161 peccato
817 1092 921 1159 eripiat,
941 1087 991 1143 hoc
1003 1089 1134 1161 signatum
1149 1092 1193 1141 ast
1210 1089 1237 1141 in
1253 1086 1370 1141 violenta

318 1191 457 1248 eductione
471 1189 540 1254 Loilr
559 1193 694 1245 eduxeris
714 1189 817 1260 ejusde
835 1188 968 1254 Sodomis,
988 1187 1015 1241 id
1034 1193 1077 1242 est
1093 1191 1201 1257 peeoati
1223 1195 1369 1244 consueta-

317 1290 388 1345 dina.
409 1289 517 1344 Tertius
531 1289 640 1345 auorum
654 1294 704 1355 ast,
718 1288 741 1343 sl
755 1286 841 1354 cudat,
861 1285 930 1358 quod
945 1285 1108 1357 postmodum
1124 1292 1265 1359 resurgat,
1282 1294 1312 1345 et
1322 1287 1370 1342 loe·

316 1388 383 1443 laoit
402 1387 516 1461 angelus
541 1389 626 1442 tribus
652 1386 751 1441 modis:
775 1390 859 1458 prino
884 1385 1012 1441 merendo
1031 1379 1069 1439 ad¹
1085 1387 1294 1452 contritionem,
1319 1386 1368 1440 lroe

314 1488 447 1560 signatum
462 1492 503 1540 est
516 1485 587 1540 Tob.
604 1485 651 1554 xi,
670 1484 716 1540 ubi
734 1485 768 1540 ad
783 1485 961 1540 documentum
976 1484 1065 1556 angeli
1080 1483 1113 1538 da
1128 1483 1202 1550 lelie,
1225 1497 1276 1556 per
1296 1487 1368 1558 quod

315 1585 474 1658 intelligitur
496 1587 637 1653 contritio,
661 1585 748 1639 linivit
770 1586 839 1655 patri
859 1583 967 1650 oculos,
991 1581 1093 1638 suiiioet
1110 1583 1200 1639 cordis
1208 1603 1216 1650 ς
1246 1585 1367 1641 sedando

314 1685 454 1758 purgando
467 1685 539 1739 labia
556 1683 591 1738 ad
608 1682 812 1751 confessionam,
832 1681 903 1756 quod
921 1684 1051 1756 signatum
1072 1686 1113 1740 est
1131 1679 1233 1737 Ysaiaa
1253 1682 1299 1751 vi,
1321 1685 1366 1740 uli

313 1802 363 1856 per
386 1783 509 1856 angelum
532 1781 605 1837 labia
630 1781 728 1837 isaiae
754 1790 915 1854 gargantum
943 1785 1023 1838 tertio
1044 1779 1185 1853 gaudendo
1214 1783 1252 1838 ad
1277 1786 1364 1840 satir·

314 1882 480 1949 iaaiendum,
507 1881 571 1937 Luc.
591 1881 647 1937 XV.
667 1881 778 1946 dicitur,
808 1881 876 1952 quod
902 1883 987 1952 majus
1011 1880 1135 1955 gaudium
1160 1887 1202 1937 est
1229 1884 1257 1937 in
1283 1885 1364 1938 ooeiu

312 1997 393 2055 super
411 1997 463 2036 uno
483 1988 624 2052 pereutere
642 1987 693 2036 etr.
730 1981 844 2044 Quartus
871 1980 979 2037 erectos
999 1988 1053 2048 eut,
1078 1997 1110 2036 na
1136 1981 1238 2037 totiens
1265 1984 1308 2038 rei
1337 1985 1363 2038 ir

313 2087 353 2137 tot
369 2081 439 2135 maia
456 2078 550 2148 radat,
569 2082 692 2151 quotiens
713 2083 753 2136 rei
772 2078 806 2135 ad
824 2087 889 2151 qrrot
907 2078 1036 2150 dyabolus
1055 2080 1157 2148 inritat,
1177 2085 1204 2136 et
1223 2079 1277 2138 lior
1297 2082 1364 2138 larii

311 2181 396 2236 tribus
415 2179 509 2246 modis,
528 2179 632 2242 scilicet
650 2184 809 2250 potestatam
825 2179 962 2235 daemonis
977 2177 1145 2246 reiterando,
1162 2185 1361 2251 uonoupisuen·

311 2282 373 2354 tiam
388 2278 568 2346 debititamio,
593 2286 620 2334 ri
632 2281 780 2332 memoriam
796 2277 943 2333 dominicae
959 2279 1091 2348 passionis
1104 2279 1204 2333 nostris
1221 2281 1361 2336 mentibus

311 2377 499 2449 imprimand03
528 2376 560 2432 da
585 2377 681 2449 quillus
705 2392 787 2448 supra
810 2377 906 2432 dictum
932 2381 983 2437 est.
1018 2376 1139 2434 Secundo
1157 2377 1288 2436 dehemus
1308 2395 1359 2436 oua

310 2477 457 2544 honorare,
476 2478 538 2547 quia
557 2484 618 2531 sunt
634 2479 827 2533 ministratores
848 2478 941 2542 nostri,
962 2493 1052 2531 omnes
1071 2478 1148 2542 enim,
1167 2478 1237 2531 sicut
1258 2479 1359 2534 dicitur

310 2577 388 2632 llebr.
407 2575 442 2643 l.‚
469 2582 530 2629 sunt
558 2574 777 2630 administratorii
803 2578 920 2646 spiritus.
955 2575 1050 2632 Omnes
1075 2579 1143 2630 enim
1166 2582 1280 2646 propter
1305 2595 1356 2634 nus

310 2678 463 2740 mittuntur,
493 2677 554 2746 quia
577 2678 730 2746 superiores
754 2675 789 2731 ad
811 2675 928 2742 medios,
956 2671 1033 2730 medii
1059 2674 1093 2728 ad
1116 2673 1233 2742 infimos,
1272 2675 1357 2732 inimi

309 2778 444 2830 mittuntur
467 2773 502 2827 ad
522 2791 585 2829 nos:
608 2773 674 2829 haas
697 2777 765 2830 euim
789 2777 880 2830 missio
899 2777 1024 2844 competit
1043 2775 1155 2829 bonitati
1174 2773 1308 2831 divinam
1325 2775 1355 2832 ln

308 2873 359 2928 lroc
387 2875 452 2928 enim
478 2871 661 2928 manifestatur
684 2872 774 2928 diuina
797 2873 918 2940 donitas,
947 2881 1070 2944 quantum
1094 2882 1211 2928 nostram
1236 2876 1354 2931 salutem

309 2974 420 3046 diligat,
440 2972 498 3025 dum
517 2971 833 3043 nobilissimusmpiritus,
851 2975 895 3044 qui
915 2974 940 3027 el
960 2960 1049 3027 intima
1066 2975 1178 3028 raritate
1192 2975 1353 3044 junguntur,

308 3075 401 3145 dirigit
428 3078 455 3127 ut
479 3075 632 3127 transmittit
653 3071 689 3126 ad
712 3072 903 3144 procurandum
926 3072 1037 3127 salutem
1064 3079 1190 3127 nostram.
1225 3049 1353 3130 serundo

307 3176 415 3229 raritati
434 3171 589 3244 angelicam
607 3187 663 3226 uum
683 3173 750 3228 anim
769 3173 887 3226 raritatis
906 3171 1024 3227 ardentis
1042 3173 1090 3238 ait,
1109 3171 1220 3227 maxima
1240 3169 1351 3228 deside-

307 3288 370 3329 rare
390 3273 499 3326 aliorum
519 3273 646 3337 salutem,
671 3269 705 3325 ob
723 3285 800 3342 quam
819 3273 896 3326 etiam
915 3270 982 3325 dixit
999 3269 1108 3326 isaias:
1132 3285 1193 3326 arca
1211 3286 1275 3343 rgo,
1301 3271 1350 3325 do-

307 3375 392 3440 mina,
412 3373 484 3426 mitte
503 3385 561 3437 ma,
579 3377 605 3426 et
622 3369 711 3443 angeli
731 3377 844 3440 possunt
862 3385 911 3424 nos
924 3373 1019 3441 Jurare
1038 3386 1085 3442 pro
1104 3385 1149 3436 au,
1169 3369 1238 3441 quud
1257 3370 1351 3424 rident

307 3489 356 3528 nos
369 3487 418 3528 suo
434 3471 530 3525 exsilio
544 3468 665 3543 indigere
680 3475 707 3524 et
719 3468 803 3524 nra'lot
818 3469 930 3542 angelos
949 3485 997 3524 nos
1017 3471 1180 3542 inpugnare,
1199 3467 1261 3523 ideo
1276 3469 1350 3542 quod

306 3571 341 3626 ad
354 3587 402 3626 uos
416 3570 561 3638 mittuntur,
578 3568 621 3624 lau
634 3571 718 3641 erigit
731 3569 871 3640 angelicae
885 3570 1012 3624 raritatis.
1049 3566 1143 3624 Tertio
1159 3567 1289 3624 humanae
1305 3571 1348 3626 ln·

307 3671 458 3744 digamiam
479 3671 615 3724 mittuntur
633 3671 700 3723 enim
715 3668 777 3723 boni
792 3667 881 3741 angeli
899 3667 933 3722 ad
945 3666 1153 3723 inllammaudom
1172 3668 1292 3722 atrorum
1313 3669 1347 3724 ad

307 3785 431 3834 amorem,
451 3767 519 3822 unde
532 3771 557 3822 in
571 3767 679 3840 liguram
695 3767 773 3838 hujus
787 3767 910 3840 leguntur
927 3769 999 3822 missi
1015 3767 1098 3821 luisse
1120 3770 1145 3820 in
1164 3783 1241 3822 curru
1255 3769 1346 3840 ignem

306 3867 427 3925 Secundo
446 3865 480 3922 ad
497 3866 692 3922 illuminandum
710 3867 872 3924 intellectum
891 3867 924 3922 ad
945 3853 1130 3939 cognitionem,
1150 3866 1201 3921 hoo
1213 3869 1346 3939 signatum

307 3976 349 4027 esi
368 3968 477 4040 Apocal.
496 3965 529 4022 ii.
552 3968 579 4021 lu
605 3965 718 4040 angelo,
744 3969 789 4040 qui
816 3967 933 4024 habebat
958 3967 1051 4021 librum
1077 3974 1195 4038 apertum
1219 3969 1245 4020 in
1268 3982 1345 4022 manu

306 4086 363 4124 sna.
400 4065 493 4124 Tertio
517 4067 552 4122 ad
579 4065 803 4122 corroborandum
829 4069 854 4121 in
873 4066 949 4122 nobis
970 4083 1045 4122 omne
1064 4066 1243 4138 imperior-tum
1262 4082 1354 4138 usque·

306 4171 345 4224 in'
358 4167 451 4236 inem,
477 4165 529 4222 lieu
554 4170 685 4240 signatum
713 4173 754 4222 est
778 4165 819 4222 lll.
840 4165 906 4240 llrg.
927 4165 1005 4234 xiti,
1036 4165 1081 4222 ubl
1100 4149 1211 4239 angelus
1229 4167 1346 4236 portarit

307 4269 398 4324 ileliae
416 4281 510 4339 panem
529 4264 731 4322 subcinericium
757 4273 783 4323 et
806 4282 854 4323 raa
876 4281 962 4341 aquae
982 4274 1008 4324 ot
1028 4267 1144 4342 comedit
1158 4274 1184 4323 et
1200 4263 1346 4320 ambularit

307 4373 332 4424 in
352 4365 506 4424 tortitudine
524 4365 575 4422 ciltl
597 4365 668 4422 illius
686 4367 818 4440 usquead
839 4375 949 4426 muntem
965 4367 1013 4425 llai
1033 4368 1112 4425 oreb.
1148 4365 1242 4423 Tertio
1258 4363 1343 4420 hono·
