2984 5316
346 470 425 550 448,
493 475 566 554 Cap.
588 473 680 535 cvtt.
730 472 776 533 De
798 480 897 532 saneto
922 474 1070 534 Germano
1091 472 1240 555 episeopo.
1292 503 1293 506 κ

689 817 785 916 nit.
812 815 909 915 tiit.
935 815 1051 920 (tot.)

468 967 544 1039 lte
565 970 732 1040 semoto
753 967 998 1046 (termeno
1026 967 1264 1058 episeopo.

413 1130 558 1188 Germanus
582 1131 679 1188 dieitur
696 1146 714 1187 a
732 1134 851 1206 germino
869 1138 896 1188 et
913 1147 979 1199 ana,
1006 1133 1077 1205 qnod
1099 1139 1141 1189 est
1163 1149 1283 1202 sursum,
1311 1151 1391 1209 quasp

345 1247 487 1304 supemum
509 1247 626 1305 germen.
661 1231 729 1288 'l'ria
752 1234 820 1289 enlm
844 1236 1011 1306 reperiuntur
1036 1233 1063 1287 iu
1091 1240 1185 1306 segete
1213 1237 1389 1308 germinante,

295 1337 296 1342 ’
345 1333 449 1389 seilicet
469 1331 544 1388 unior
565 1332 712 1399 naturalis,
744 1331 838 1388 humor
864 1332 1058 1390 nutrimentulls
1091 1340 1118 1390 et
1146 1335 1215 1390 ratio
1242 1337 1387 1393 seminalis.

345 1431 444 1489 Beatus
462 1434 544 1506 igitur
569 1430 713 1488 Germanus
740 1432 838 1488 dieitur
861 1435 938 1506 quasi
965 1448 1054 1489 semen
1078 1435 1244 1506 germinans:
1271 1437 1337 1507 quin
1360 1439 1389 1492 in

345 1533 404 1604 ipso
430 1531 480 1586 luit
502 1531 578 1588 oalor
604 1547 653 1604 por
675 1531 806 1588 lentorem
830 1532 995 1601 dilectionis,
1020 1531 1113 1588 humor
1135 1549 1184 1606 per
1200 1523 1387 1607 pinguedinem

346 1631 495 1688 denotionis
512 1639 539 1689 ot
556 1634 625 1688 ratio
643 1631 777 1687 seminalis
796 1647 845 1703 per
862 1635 983 1689 virtutem
1000 1632 1221 1704 praedicationis,
1241 1649 1291 1705 per
1309 1651 1388 1707 quom
1440 1653 1444 1662 ·

344 1732 440 1788 multos
472 1733 500 1788 in
522 1731 576 1788 ido
600 1737 627 1788 et
651 1731 768 1788 northus
793 1731 949 1805 generabat.
984 1732 1065 1804 CuJus
1095 1735 1174 1788 ritem
1198 1732 1388 1790 Constantinus

347 1832 481 1905 presbiter
498 1831 534 1887 ad
552 1839 669 1887 sonetum
682 1832 836 1888 censurium
851 1833 1002 1904 episcopum
1019 1831 1256 1890 Altisiodorensem
1269 1837 1389 1906 scripsit.

413 1931 557 1988 Germanos
583 1931 763 1987 nobilissimus
786 1947 887 2003 genere
904 1933 932 1986 in
948 1930 1014 1988 urbe
1032 1930 1197 1988 Altlslodoro
1214 1940 1292 1988 nutus
1311 1941 1338 1990 et
1353 1934 1389 1990 ll-

344 2031 482 2090 oorultous
509 2030 604 2086 studiis
629 2031 766 2102 plurimum
789 2030 908 2087 eruditus
931 2030 1037 2087 tandem
1055 2031 1162 2087 Romam
1181 2033 1389 2090 addiscendum

341 2135 413 2206 luris
431 2133 570 2187 seientiam
589 2136 631 2187 est
648 2131 799 2204 proieotns,
817 2131 978 2186 uiritantem
997 2131 1135 2204 dignitatis
1153 2135 1264 2205 aeosplt,
1281 2141 1311 2190 nt
1329 2152 1389 2191 euru

345 2240 454 2290 senatus
472 2230 507 2287 ad
525 2229 626 2287 Gallias
644 2234 848 2299 transmitteret,
872 2238 901 2286 nt
918 2233 1017 2302 apicem
1036 2231 1146 2288 dunatus
1164 2235 1246 2290 totius
1264 2233 1388 2308 Burgun-

346 2333 406 2388 diae
425 2332 566 2388 obtineret
602 2331 665 2387 Cum
691 2347 758 2404 ergo
781 2331 1018 2410 lltlsiodorensetn
1042 2333 1174 2388 olritatem
1193 2337 1307 2390 nanteolo
1325 2334 1388 2390 dlli-

344 2436 451 2506 geutlus
468 2433 646 2504 gnubernaret,
665 2411 787 2488 arborem
806 2430 935 2504 quandum
955 2434 1043 2504 plnum
1061 2435 1088 2486 ln
1106 2431 1194 2489 medie
1209 2435 1318 2489 ciuitate
1338 2433 1388 2489 lra-

344 2531 441 2599 lrelrat,
467 2530 504 2586 ed
526 2533 602 2603 enjus
627 2545 714 2586 muros
737 2547 786 2605 pro
805 2531 980 2588 admiratione
998 2530 1146 2589 uenationis
1165 2531 1279 2588 lerarnm
1295 2535 1389 2606 oapltn

343 2629 551 2702 respondebunt
587 2629 640 2686 Sed
658 2646 715 2686 enm
732 2637 840 2686 sanetus
858 2631 969 2686 Amator
986 2629 1103 2702 ejusdem
1116 2632 1231 2688 civitatis
1245 2634 1388 2705 episeopus

344 2731 378 2788 de
402 2731 452 2786 tali
471 2747 528 2786 eum
551 2733 668 2786 sanitate
686 2746 769 2803 saepo
788 2729 978 2804 redargueret,
1003 2745 1129 2798 monens,
1153 2738 1183 2787 nt
1207 2725 1286 2788 etlam
1312 2733 1387 2789 iliam

287 2845 290 2852 ’
343 2831 466 2887 mirorem
487 2830 567 2886 lnoidi
586 2830 733 2899 mundaret,
750 2847 784 2887 ue
802 2830 893 2902 eliqua
911 2828 981 2885 mnia
1000 2832 1107 2886 nonesto
1125 2847 1158 2888 ox
1170 2830 1221 2887 hoe
1233 2831 1387 2889 christianis

343 2934 475 2993 eveniret.
506 2930 553 2986 ille
582 2929 733 2986 nuliatenus
758 2931 899 3003 nequierit.
935 2929 1053 2993 Quadam
1076 2937 1163 2988 annm
1187 2932 1247 2988 nlon
1274 2929 1387 2988 ahsente

343 3031 474 3088 Germano
497 3030 619 3086 uberem
637 3028 731 3085 ineidit
746 3036 773 3086 et
786 3029 908 3085 incendio
924 3036 1006 3086 totam
1031 3029 1122 3098 dedit,
1146 3031 1220 3103 qnod
1240 3027 1387 3088 liemarus

343 3130 455 3187 audiens
472 3129 637 3187 christianos
651 3131 791 3204 religionis
809 3128 907 3185 oblitus
923 3129 1038 3186 salimus
1050 3129 1177 3186 militibus
1198 3131 1261 3186 illue
1277 3131 1388 3188 adrenlt

344 3237 372 3288 et
390 3237 498 3286 mortem
517 3232 638 3303 episeopi
657 3231 804 3288 intentarit.
838 3229 987 3302 Episonpns
1004 3235 1090 3284 antam
1116 3229 1207 3288 dirius
1223 3230 1387 3288 resolutione

344 3329 500 3388 Germanum
524 3330 577 3387 sibl
601 3345 783 3387 suoeessurnm
806 3343 955 3403 agnoscens
974 3328 1072 3385 lurenti
1096 3333 1179 3387 nessit
1204 3338 1232 3387 et
1248 3330 1386 3403 Auguste-

344 3431 440 3486 dunum
465 3432 590 3503 porrexit.
623 3429 789 3486 Postmodum
813 3429 1003 3486 Altislodornm
1031 3446 1155 3487 reversum
1179 3430 1334 3487 Germanum
1358 3433 1387 3486 in

344 3529 460 3588 eeclesia
483 3538 559 3586 ceute
584 3530 714 3586 eonnluolt
737 3536 765 3586 et
786 3529 883 3586 ibidem
907 3545 966 3586 euin
990 3536 1132 3586 tonsurans
1150 3533 1235 3603 ipsum
1252 3530 1306 3586 eilni
1324 3545 1387 3586 sse-

345 3645 478 3686 eessorem
490 3630 702 3702 essoprandlnit.
739 3629 814 3694 Quod
834 3629 929 3685 lentum
948 3636 998 3686 est.
1032 3629 1098 3686 liam
1113 3631 1267 3703 paulopost
1279 3633 1386 3703 episeo-

344 3745 393 3800 pus
411 3728 526 3786 ioiieiter
541 3729 608 3786 obiit
633 3736 660 3785 et
678 3728 832 3786 Germanum
855 3729 932 3802 plebs
955 3732 1039 3786 omnin
1058 3731 1085 3786 lu
1103 3733 1246 3792 antistitem
1265 3731 1387 3803 postule-

343 3831 397 3895 nlt,
419 3831 465 3902 qui
490 3827 641 3886 subeuntis
663 3828 826 3901 pauperibus
851 3837 965 3903 erogata
988 3838 1015 3888 et
1031 3847 1114 3888 uxore
1132 3834 1159 3886 iu
1177 3845 1297 3886 sororem
1314 3845 1387 3885 onm-

342 3935 444 3985 munta
464 3943 562 4000 eorpus
588 3944 662 3985 sunm
690 3945 740 4001 per
763 3931 875 4002 triginta
897 3945 981 3986 annes
1004 3933 1045 3987 sio
1062 3929 1175 3997 ullliutt,
1198 3935 1229 3984 ut
1256 3943 1387 4002 nonquam

342 4043 436 4100 panem
452 4021 593 4097 lrumsntl,
604 4045 656 4084 nou
669 4030 765 4098 tinum,
782 4045 834 4085 non
855 4029 1021 4102 ¹)lognmen,
1041 4027 1225 4103 uunquamrel
1236 4027 1320 4084 salem
1338 4043 1387 4100 pro

341 4143 439 4200 sapore
460 4128 612 4186 oomederit.
651 4128 698 4184 llis
715 4135 802 4185 tamen
822 4131 850 4185 in
867 4145 946 4198 anuo,
965 4129 1068 4186 soiiieet
1085 4131 1113 4184 lu
1130 4127 1231 4200 paseha
1248 4134 1276 4184 et
1294 4126 1387 4194 natali,

342 4229 430 4284 ninum
453 4229 590 4297 sumebat,
617 4227 665 4284 sed
689 4233 777 4285 tomen
804 4231 889 4302 ipsum
915 4231 969 4286 sini
993 4243 1116 4302 saporem
1135 4229 1214 4301 aquis
1230 4227 1319 4282 nimiis
1339 4242 1387 4283 ex-

395 4379 418 4431 i)
428 4376 477 4422 atti
493 4378 625 4434 tegimen
641 4379 732 4434 lerunt,
750 4392 780 4424 ex
797 4390 843 4434 qne
861 4392 905 4424 ree.
918 4377 973 4425 libri
985 4378 1085 4438 pessimis
1098 4376 1255 4424 eondnxerunt
1267 4357 1388 4430 sensui·

343 4459 413 4493 neni.
