2798 5302
259 479 331 558 Cap.
354 478 392 538 ll.
434 478 479 538 De
501 485 597 536 ennom
620 475 732 536 hodrea
754 476 895 556 apostolo.
1056 475 1093 540 le

59 639 132 695 illam
153 639 196 694 die
217 637 271 692 illo.
307 635 496 708 lnrcnlenaque
514 633 633 692 Andreas
651 633 758 691 iratrcni
776 649 850 690 soum
866 633 1012 706 Spinonem,
1046 635 1094 690 ad·

60 738 138 792 dorit
154 754 211 793 eom
233 736 268 791 ad
286 735 385 794 lesum.
419 735 545 806 Sequenti
562 741 648 790 autem
671 733 713 788 dle
731 732 765 788 ad
783 735 935 804 piscationis
953 749 1035 805 opera
1051 751 1094 792 re-

61 837 177 903 dierunt,
196 835 358 908 postmodum
376 833 490 890 seeundo
508 837 612 888 sonarit
629 849 676 890 eos
693 832 727 888 ad
745 835 787 888 sui
804 832 1015 888 familiaritatem.
1043 833 1094 890 *Sl-

60 943 106 990 oot
131 949 189 991 enm
215 937 257 990 die
282 934 393 1006 quadam
420 932 504 988 turhie
528 929 686 988 irruentibus
711 931 745 986 ad
763 930 851 988 lesum
871 931 949 1002 janna
973 937 1094 1005 stagnum

62 1033 242 1102 Genesaram,
269 1027 338 1106 quod
359 1033 454 1088 dicitnr
470 1046 542 1088 mare
561 1028 721 1098 Galilacum,
750 1033 834 1085 nasim
853 1033 959 1086 instravit
975 1021 1095 1104 symonis

62 1141 91 1189 et
109 1133 232 1190 Andreae
253 1141 279 1190 ct
295 1139 373 1204 capta
399 1132 561 1187 multitudiue
584 1145 680 1204 magna
701 1133 808 1200 piscium
825 1132 978 1202 vocatisque
994 1130 1095 1189 tanobo

63 1231 242 1299 otinhensem,
278 1235 322 1304 qai
340 1237 415 1291 orant
431 1234 457 1285 in
475 1231 530 1285 alio
547 1233 621 1298 nari,
652 1231 734 1285 secuti
753 1234 812 1284 sunt
829 1245 887 1284 eum
905 1234 931 1286 et
949 1231 1040 1286 iterum
1060 1231 1095 1288 ad

64 1325 174 1404 propria
198 1331 338 1387 redierunt.
380 1329 432 1386 Sed
453 1336 548 1402 postea
570 1331 648 1384 tertio
667 1335 694 1384 ot
711 1329 799 1384 ultimo
819 1330 923 1384 vomuit
938 1345 985 1385 cos
1001 1329 1036 1384 ad
1054 1334 1096 1386 sui

64 1429 265 1501 discipulatum,
299 1433 367 1486 siant
385 1429 489 1500 quando
507 1427 654 1484 ambulante
668 1427 732 1484 Jesu
746 1431 824 1500 juxta
842 1427 909 1483 idem
926 1428 1000 1484 littus
1018 1445 1096 1486 roes-

65 1533 103 1584 uit
124 1545 170 1584 cos
189 1530 222 1584 de
239 1531 384 1601 piscatione
402 1529 508 1584 dicens:
536 1527 629 1583 l'cnitc
648 1533 709 1598 post
725 1511 765 1583 inc
782 1526 876 1582 iscium
894 1543 942 1584 eos
962 1537 1011 1584 ete.
1046 1529 1095 1594 (lai

66 1629 165 1684 relictis
182 1630 301 1684 omnihus
328 1631 411 1684 secuti
433 1635 493 1684 sunt
516 1643 573 1684 eum
598 1629 674 1698 cique
696 1627 979 1698 sumpcrpoatmodum
998 1627 1084 1685 adisse

66 1734 158 1783 serunt
175 1743 223 1782 oce
241 1727 310 1782 ultra
326 1726 359 1781 ad
377 1728 485 1798 propria
506 1726 646 1782 redierunt.
696 1723 867 1780 Nihilominus
892 1733 977 1782 mosen
994 1731 1098 1784 vocarit

67 1826 198 1882 hadreain
216 1830 242 1882 ct
258 1825 384 1899 quosdam
408 1825 440 1880 dc
459 1828 513 1880 suis
531 1826 656 1896 discipuis
671 1824 706 1880 ad
724 1824 909 1896 apostolatum,
927 1824 960 1882 de
979 1842 1033 1898 qua
1049 1844 1096 1883 ro·

65 1925 171 1986 catione
188 1926 282 1982 dicitur
301 1925 382 1982 hlaro.
402 1925 443 1982 lll.
477 1924 589 1980 Vocarit
610 1923 644 1979 ad
664 1939 777 1996 seques
796 1923 879 1980 voluit
896 1928 954 1996 ipse
973 1933 1000 1980 ct
1017 1941 1096 1984 scoe-

68 2032 129 2080 runt
144 2025 180 2079 ad
200 2041 258 2081 eam
275 2019 302 2080 et
320 2025 380 2080 lecit
397 2031 426 2080 ut
443 2032 533 2080 essent
550 2023 685 2080 duodecim
703 2040 759 2079 oum
776 2037 817 2078 oo.
843 2023 906 2078 Post
919 2026 1096 2082 ascensionem

67 2125 165 2180 domini
183 2125 275 2180 divisis
302 2124 431 2196 apostolis
458 2124 577 2179 Andreas
595 2123 666 2195 apud
684 2120 829 2195 Scythiam,
864 2121 1016 2180 Matthaeus
1031 2139 1097 2192 uero

67 2223 138 2297 apud
157 2223 340 2298 Margundiam
357 2222 529 2296 praedicarit.
564 2222 621 2280 Vlrl
638 2229 723 2278 summ
741 2223 780 2278 illi
796 2222 1016 2295 praedicationem
1027 2223 1097 2281 Mat-

68 2323 140 2379 thaei
158 2325 261 2394 penitus
285 2329 438 2395 respuentes
457 2326 482 2379 el
500 2321 590 2378 oculos
608 2329 731 2378 eruerunt
747 2328 774 2378 et
790 2324 900 2377 sinotum
917 2324 1096 2380 incarcerare·
1146 2363 1147 2366 ,

69 2428 129 2477 rant
146 2429 207 2493 post
223 2438 322 2494 paucos
340 2423 397 2478 dics
421 2421 541 2478 occidere
562 2437 619 2477 eum
638 2421 815 2494 disponentes.
867 2421 970 2480 Interea
987 2423 1098 2494 angelus

67 2522 167 2576 domini
184 2522 280 2577 Sancto
297 2521 418 2579 Andreae
442 2523 566 2593 apparuit
588 2527 616 2577 et
635 2519 818 2594 Murgundiam
836 2521 870 2577 ad
891 2527 1008 2582 semmam
1027 2521 1098 2579 Mat·
1220 2599 1221 2602 Ἴ
1269 2574 1270 2577 ,

67 2620 173 2676 thaeum
190 2623 229 2676 iro
245 2625 395 2692 praecepit;
413 2637 465 2693 quo
484 2620 667 2692 respondente,
688 2636 718 2675 se
727 2623 794 2676 emm
804 2623 915 2690 nescire,
929 2622 1010 2692 jussit
1027 2622 1098 2677 utad

69 2723 153 2790 ripnru
166 2721 245 2775 oraria
263 2723 313 2776 iret
330 2727 357 2775 ct
375 2720 409 2775 ad
426 2723 534 2792 primam
550 2735 652 2786 nauem,
671 2721 894 2790 quumlnveniret‚
910 2721 1028 2776 intraret
1049 2722 1099 2786 Qui

70 2819 112 2876 rel
129 2823 202 2874 oclus
214 2821 292 2892 jussa
308 2819 440 2891 complens
458 2819 492 2874 ad
508 2817 598 2874 urbem
616 2818 776 2890 praedictam
796 2821 867 2875 venit
883 2819 978 2892 angelo
997 2819 1100 2876 duceri

69 2934 199 2990 prospero
223 2925 300 2973 rento
320 2917 414 2974 dante:
450 2925 477 2974 et
501 2921 607 2974 lorento
625 2923 717 2990 oporto
738 2933 844 2974 carcere
862 2917 951 2973 Sancti
970 2918 1099 2975 Matthaei

70 3035 156 3090 coque
174 3021 232 3074 rlso
249 3019 320 3074 licvit
339 3019 473 3088 plurimum
491 3025 519 3074 et
535 3019 630 3074 oravit
665 3015 738 3073 Tunc
757 3016 875 3072 dominus
883 3011 1021 3074 Mattiaco
1039 3017 1096 3074 red·

69 3117 138 3173 didit
153 3117 303 3173 berroheium
322 3116 430 3172 chorum
447 3118 586 3184 luminum,
621 3115 717 3188 quihus
737 3132 794 3172 eam
812 3118 963 3187 privaverat
981 3119 1099 3189 equitia

69 3225 243 3290 peecatorum.
275 3215 427 3273 Matthaeus
444 3225 530 3272 antem
548 3219 581 3275 ab
599 3216 660 3272 inde
678 3218 787 3271 recessit
804 3221 831 3270 et
838 3211 1000 3270 Antiochiam
1021 3219 1098 3273 sensit.

70 3315 177 3373 hndrea
200 3332 262 3372 sero
294 3315 453 3389 Margnodie
478 3323 625 3372 remanente
654 3317 716 3372 irati
738 3314 778 3369 llll
801 3313 834 3368 de
858 3316 983 3370 evasione
1010 3313 1100 3370 Sancti

69 3415 201 3472 Matthaei
222 3414 354 3472 Asrdream
383 3413 583 3487 apprehendunt
604 3424 631 3472 et
655 3430 704 3488 per
729 3413 832 3486 plateas
860 3411 951 3484 ligatis
981 3412 1100 3470 menibus

69 3514 238 3586 pertrahunt:
275 3530 384 3587 cumque
408 3517 466 3588 ejus
492 3518 600 3588 sanguis
624 3514 761 3581 elhuerct,
797 3529 846 3584 pro
868 3512 902 3566 lis
919 3515 1005 3568 orarit
1022 3520 1049 3568 ct
1066 3513 1099 3569 ed

68 3613 201 3670 Christum
225 3629 272 3670 eos
300 3629 349 3670 erra
374 3615 494 3670 oratione
515 3614 659 3680 convertit,
695 3612 755 3668 indo
781 3613 808 3667 ln
831 3609 963 3682 Achaiam
979 3613 1100 3684 'prolicie-

68 3729 132 3773 ccme
153 3715 189 3782 ¹).
241 3713 295 3768 lloc
313 3722 398 3770 antem
425 3711 494 3786 quod
519 3713 614 3769 dicitur
637 3713 669 3770 de
686 3711 835 3784 hujusmodi
852 3709 1009 3767 liberatione
1029 3711 1100 3768 Mat-

68 3811 141 3868 thaei
159 3819 186 3868 ot
200 3814 363 3868 restitutione
380 3811 489 3868 duorum
509 3812 630 3868 luminum
646 3811 833 3884 perhndreanr
852 3827 905 3866 moa
922 3811 1100 3885 putodignum

68 3911 146 3978 idei,
172 3928 204 3968 ne
222 3913 250 3966 in
267 3916 340 3965 tanto
357 3911 524 3986 evangelista
538 3913 677 3968 minoratio
695 3913 787 3975 inlima
802 3913 829 3982 ²)
848 3911 999 3978 denotetur,
1025 3913 1102 3982 quasi

66 4011 121 4066 sihi
138 4027 191 4066 non
207 4011 321 4082 potuerit
340 4012 476 4080 obtinere,
507 4011 576 4084 quod
596 4010 715 4067 Andreas
735 4013 831 4066 citam
847 4009 925 4065 iacile
943 4010 1100 4082 inpetravit

69 4140 101 4152 -
118 4141 151 4151 —
176 4115 209 4168 1.
233 4108 340 4174 tluidam
364 4109 472 4182 Jsrsonis
498 4110 594 4167 nobilis
616 4110 675 4166 duos
697 4113 786 4165 inultis
807 4105 961 4181 parentibus
974 4107 1100 4181 apostolo

62 4231 444 4247 ffl—n—

145 4299 165 4349 l)
182 4295 224 4342 Ed.
237 4295 317 4342 Dresd.
330 4311 350 4340 a.
364 4300 423 4342 itit.
442 4296 525 4340 omittit
543 4303 651 4352 promotum
668 4302 720 4353 post
733 4308 825 4340 soceros
850 4300 1040 4351 peccatorum
1058 4309 1100 4353 po-

65 4365 136 4410 sitam
149 4364 269 4417 omniaque
282 4365 352 4408 serbe
367 4364 484 4418 respuentis
497 4359 593 4421 excepto
606 4363 656 4410 sole
668 4363 794 4409 sumbola:
808 4359 1017 4419 prodicionis.

141 4435 165 4486 2)
178 4430 324 4478 amodum
337 4430 405 4476 males
419 4431 544 4476 infirma.
