2984 5302
303 437 365 501 566
408 439 481 517 Cep.
498 437 614 496 CXXV.
649 439 693 496 De
713 437 904 498 decollatione
926 437 1016 495 suncti
1030 433 1171 504 iohannis
1188 433 1349 514 baptistae.

305 598 429 664 diuitiae,
453 596 568 653 dolieiee
583 602 610 652 et
631 596 762 663 honoros,
785 598 899 652 viriste
922 599 1030 652 sanutus
1055 599 1146 650 tentet
1163 591 1350 663 perlectionie

305 697 422 758 exstitit.
442 688 513 768 quod
535 695 591 778 ipso
611 694 718 750 divitius
737 697 893 762 contemsit,
920 693 1034 749 honores
1052 693 1165 763 respuit,
1193 689 1351 761 uoluptates

305 795 453 851 uiltorruit.
489 793 565 858 Quod
583 797 650 850 enirn
671 793 779 850 diritius
798 797 990 859 contemneret,
1016 795 1074 863 ipse
1097 797 1214 847 testetur
1229 793 1256 846 in
1277 791 1350 848 libre

306 894 525 966 soliloquiorum,
554 893 599 949 ubl
623 896 691 949 rotie
717 910 774 950 eurn
803 895 951 966 interrogat
983 890 1088 948 dicens:
1118 890 1228 946 divitius
1259 889 1352 947 nullus

307 995 402 1065 cupis?
436 986 470 1050 Et
488 993 631 1064 respondet
648 995 827 1066 Augustinus:
852 993 902 1047 hoc
919 990 1022 1064 quidem
1050 1006 1100 1045 nec
1124 1005 1193 1045 nunc
1217 993 1350 1062 primum

307 1109 366 1150 num
390 1109 448 1150 cum
473 1091 550 1148 XXX
574 1107 658 1148 uncos
679 1107 774 1167 egum,
803 1090 863 1147 xlv
886 1091 943 1147 lore
967 1092 1030 1145 enni
1052 1097 1128 1158 sorti,
1157 1105 1191 1158 er
1217 1106 1271 1162 qun
1298 1092 1351 1145 iste

308 1209 405 1265 cupere
422 1192 512 1248 destiti
530 1207 580 1246 uec
597 1191 667 1245 eliud
687 1193 713 1246 in
733 1191 776 1246 luis
794 1197 902 1264 prester
914 1193 1092 1245 necessarium
1108 1190 1204 1244 victorin
1218 1191 1351 1261 cogitavi,

307 1307 418 1362 prorsus
443 1305 509 1350 uuus
539 1290 676 1346 Ciceronis
707 1292 777 1346 liber
804 1289 866 1344 mihi
889 1287 968 1345 iucile
991 1290 1139 1360 persuasit,
1169 1288 1242 1343 nullo
1271 1291 1351 1346 modo

309 1405 371 1447 esse
389 1389 553 1462 appetendus
570 1390 701 1446 diuitias.¹
724 1387 799 1454 Quod
818 1395 904 1444 sutem
921 1387 1037 1443 honores
1053 1390 1195 1458 respuerit,
1214 1388 1351 1445 incudem

308 1488 380 1552 libre
396 1495 525 1556 testetur,
541 1486 587 1543 ubl
605 1491 674 1545 rotio
693 1503 749 1545 euru
766 1490 915 1559 interroget
931 1487 1039 1542 dicens:
1062 1487 1124 1559 quid
1141 1485 1282 1544 honores?
1316 1485 1352 1543 lit

310 1587 452 1660 respondet
465 1589 642 1660 Augustinus:
663 1588 758 1655 leison,
778 1601 824 1642 cos
842 1585 919 1641 modo
939 1601 969 1641 sc
987 1601 1072 1658 poene
1086 1586 1127 1642 iris
1142 1584 1236 1642 diebus
1250 1602 1351 1659 cupere

311 1686 410 1744 destiti.
435 1685 592 1758 Voluptates
605 1703 710 1759 quoque
725 1692 752 1742 et
764 1685 871 1740 diritius
889 1689 1029 1741 contemsit
1046 1693 1074 1742 et
1090 1691 1212 1758 quantum
1231 1686 1267 1740 ud
1285 1703 1351 1742 con-

310 1788 425 1843 cubitum
450 1793 477 1842 ct
500 1793 622 1859 quantum
648 1786 682 1841 sd
701 1793 814 1860 gustum.
856 1786 985 1848 liuentem
1007 1785 1041 1840 sd
1066 1788 1174 1856 priunum
1196 1786 1352 1860 interroget

311 1902 368 1942 eum
393 1889 462 1941 cutio
490 1885 581 1940 dicens
605 1888 632 1940 ln
658 1885 750 1941 codem
768 1884 853 1940 llloro:
876 1883 938 1956 quid
957 1887 1044 1941 uxor?
1078 1883 1170 1942 Nonne
1187 1893 1214 1942 te
1232 1886 1352 1944 delectet

310 1978 438 2057 pulchre,
457 1983 567 2055 pudice,
586 1986 763 2058 morigerata,
784 1983 875 2050 dives,
892 1986 1050 2054 praesertim
1066 1987 1090 2038 si
1108 1993 1195 2041 certos
1214 1989 1262 2054 sis,
1283 1988 1350 2044 nihil

312 2101 345 2140 eu
357 2099 390 2140 en
401 2091 428 2140 te
441 2084 578 2140 molestius
597 2100 658 2140 esse
672 2085 832 2156 passurum?
865 2081 898 2138 Et
913 2082 1056 2154 respondet
1066 2085 1246 2156 Augustinus:
1265 2103 1351 2159 quun

310 2182 431 2239 tumllbet
457 2183 524 2238 uelis
547 2198 604 2240 een
627 2183 773 2258 depingere
795 2189 876 2254 utque
894 2182 1026 2238 consulere
1043 2181 1121 2239 bonis
1142 2185 1282 2254 omnibus,
1313 2188 1350 2242 nil

311 2281 374 2338 milui
392 2289 444 2338 tam
461 2281 613 2355 fugiendum
632 2299 708 2355 quum
724 2281 887 2338 concubitum
906 2296 967 2337 esse
983 2280 1096 2337 decrevi.
1133 2284 1180 2339 Cui
1194 2287 1280 2340 rotie:
1298 2303 1350 2342 nou

313 2397 364 2455 ego
396 2397 513 2453 quaero,
545 2382 607 2452 quid
635 2381 800 2449 decreveris,
826 2380 874 2436 sed
898 2387 982 2435 utrum
1008 2381 1043 2436 ed
1068 2379 1119 2436 loo
1145 2381 1284 2441 illiceris?
1318 2384 1352 2442 itt

311 2477 456 2551 respondet
479 2480 658 2551 Augustinus:
687 2497 797 2552 prorsus
825 2479 888 2535 nihil
913 2481 940 2534 iu
962 2479 1113 2551 hujusmodl
1137 2497 1251 2555 quaero,
1282 2484 1351 2540 nillil

313 2577 452 2644 desidero,
476 2581 555 2634 elisur
579 2594 635 2634 oum
662 2595 760 2646 onere,
784 2579 896 2636 horrore
919 2584 946 2634 et
969 2583 1156 2650 aspernatione
1174 2581 1241 2636 teliu
1259 2598 1351 2639 recor·

311 2675 370 2732 dor.
406 2676 534 2741 Quantum
558 2677 590 2732 nd
615 2678 756 2734 secundun
774 2681 922 2750 interroget
939 2694 997 2734 eum
1015 2681 1084 2734 rotie
1101 2679 1207 2736 dicens:
1229 2681 1295 2751 quid
1316 2681 1351 2739 tle

311 2775 400 2836 oillei
435 2774 468 2831 Et
496 2775 641 2847 respondet
662 2779 840 2850 Augustinus:
869 2780 927 2834 sire
953 2778 986 2833 de
1009 2777 1070 2832 cibo
1093 2784 1121 2833 et
1143 2785 1207 2849 potu
1235 2782 1350 2838 eiusde

312 2876 417 2932 balneis
434 2882 594 2947 caeteroque
613 2879 733 2946 eorporis
758 2877 892 2947 roluptete
917 2875 982 2930 nihil
1004 2880 1169 2950 interrogem
1196 2883 1297 2936 tumturn
1315 2879 1350 2937 ab

312 2981 434 3046 cepeto,
455 2981 577 3047 quantum
597 2975 800 3033 nsuetudine
819 2991 892 3048 spem
909 2975 1025 3032 conferri
1041 2981 1137 3048 potest.

636 3459 730 3556 til.
757 3459 877 3557 till.
907 3461 1022 3560 titt.)

392 3615 468 3686 lte
495 3607 816 3683 decollatione
842 3612 999 3683 suncti
1019 3613 1266 3687 coneneie

703 3726 952 3814 baptistes.

360 3883 393 3936 1.
411 3873 561 3931 decollatio
572 3876 659 3930 suncti
670 3874 799 3932 loirennis
811 3875 945 3947 baptistes
959 3876 1216 3950 quatuordecimis
1229 3880 1351 3936 institute

309 3973 515 4038 luisseridetur,
534 3973 602 4046 sicut
616 3975 643 4030 lm
653 3971 721 4030 lilrro
734 3973 871 4031 denitruli
880 3977 967 4033 cilicio
980 3979 1119 4034 invenitur.
1139 3978 1226 4035 Primo
1241 3987 1351 4050 prepter
1399 4032 1401 4036 ,

309 4075 368 4145 ojus
385 4071 604 4139 decollationem,
629 4071 744 4127 seeundo
770 4083 880 4145 proptor
902 4078 997 4147 cupitis
1016 4079 1100 4150 ipsius
1119 4071 1304 4134 cremationem
1324 4087 1351 4136 et

308 4173 499 4238 collectionem,
516 4173 596 4226 tertio
613 4176 827 4244 proptercupills
840 4177 923 4246 ipsios
936 4177 1120 4246 incentionem,
1134 4185 1227 4251 quarto
1240 4185 1352 4251 propter

307 4269 385 4342 digiti
404 4273 488 4340 ipsius
508 4269 707 4356 translationem
728 4277 787 4342 ¹)et
800 4273 930 4330 ecelesiae
941 4275 1140 4334 dedicationem.
1159 4276 1193 4334 lit
1206 4279 1353 4336 secuudum

305 4357 722 4372 ἡ*

357 4389 379 4440 Ι)
393 4392 453 4431 lines
466 4387 508 4432 irim
522 4391 592 4434 verbu
606 4391 724 4445 sequentiis
740 4391 824 4436 emittit
838 4392 878 4438 td.
893 4399 926 4436 l'r.
