2984 5316
307 487 371 551 464
413 489 484 570 Cap.
502 487 592 548 cxii.
615 488 660 548 De
674 489 837 549 inventione
852 479 941 549 saneti
955 489 1055 571 Stepir.
1069 492 1287 570 protomartiria.

309 650 445 722 agonen,
466 654 494 704 et
509 651 631 720 inpetum
650 648 749 706 iauieua
767 651 916 722 ampiexuta
934 655 975 708 eat
990 667 1087 722 uorpuu
1104 653 1190 707 amoti
1206 649 1343 723 Stephani.
1409 695 1410 698 ,

309 748 354 804 Sin
371 764 437 821 ergo
454 748 514 804 duur
532 764 628 820 oorpua
647 751 697 805 uiri
714 755 789 820 putat
805 751 936 822 uooiperu,
953 766 1018 806 uano
1036 765 1132 822 oorpua
1148 753 1344 823 protomartiris

307 850 418 920 aneepit
453 849 517 904 (iun
533 854 619 904 auten
635 850 720 903 uerior
739 863 795 904 eoru
814 863 926 921 corpore
948 851 1160 918 oouaoeudiaaet,
1183 849 1271 923 hprnui
1293 865 1344 908 no·

307 947 414 1004 nituntur
429 948 558 1021 angelini,
576 949 645 1004 orior
663 949 804 1022 otingun,
822 947 937 1006 oianuut
952 949 1110 1018 daemones,
1133 965 1240 1006 raam
1257 954 1343 1006 uuna·

305 1054 363 1104 tant
378 1052 560 1121 tempestatem
578 1048 711 1105 dieentes:
736 1063 785 1105 uae
803 1049 897 1117 nebia,
922 1052 987 1123 quia
1004 1051 1175 1121 protomartir
1192 1049 1343 1122 stephanon

304 1150 402 1204 traunit
417 1148 475 1203 diro
492 1163 542 1203 non
560 1147 703 1205 verberone
721 1151 792 1221 igne.
829 1147 890 1204 Corn
908 1165 973 1222 ergo
991 1155 1087 1205 nautne
1102 1149 1269 1222 naufragium
1287 1149 1343 1206 iou·

305 1247 451 1315 uiderent,
475 1246 625 1320 Stephanae
648 1251 789 1304 innonatur
810 1255 838 1304 et
863 1250 986 1304 oontiouo
1011 1250 1134 1320 apparuit
1156 1248 1263 1307 nicena:
1289 1265 1342 1323 ego

305 1363 377 1415 non,
401 1347 484 1404 uoiite
507 1348 609 1404 tinere.
645 1347 791 1421 Statimque
815 1349 993 1422 tranquiiiitaa
1016 1363 1112 1422 inagna
1129 1347 1272 1407 enbaeouta
1291 1358 1342 1434 eut

305 1443 381 1504 'i'uue
403 1446 510 1504 auditae
533 1454 594 1504 eunt
618 1463 696 1504 rouen
721 1447 875 1505 daemonnm
898 1449 1077 1504 oianantiun:
1105 1450 1184 1521 inpie
1208 1451 1341 1522 priunum,

304 1562 400 1603 navenr
426 1547 558 1616 nouanda,
588 1551 650 1621 quin
678 1548 847 1605 advenerim
874 1557 966 1606 uenter
991 1547 1143 1620 Stephanae
1172 1555 1214 1605 eat
1243 1551 1269 1604 iu
1299 1564 1341 1606 aa.

305 1646 380 1704 Touo
397 1650 519 1720 princepe
536 1647 690 1704 dauuouuur
709 1648 732 1705 V
749 1648 905 1716 iaenouea,
924 1651 969 1723 qui
984 1664 1075 1706 neten
1093 1648 1274 1716 incenderent,
1291 1651 1343 1705 rni-

303 1750 348 1815 nit‚
367 1748 414 1804 aeui
433 1749 544 1822 angelon
563 1747 661 1804 donini
678 1751 705 1804 iu
722 1747 878 1820 proiunriun
895 1764 943 1805 eoo
960 1749 1095 1816 dernernit,
1110 1754 1138 1805 et
1154 1763 1212 1804 onor
1227 1747 1341 1806 chaine-

304 1848 397 1904 iouetu
416 1851 564 1916 uerterent,
590 1847 732 1904 daemones
756 1846 918 1904 oianairaut:
944 1865 1038 1905 nerrua
1059 1848 1108 1906 liei
1133 1850 1218 1916 uenit,
1243 1850 1289 1922 qui
1306 1848 1341 1904 ain

302 1949 400 2022 iniquia
425 1947 560 2021 iapidatua
583 1954 626 2006 eat
649 1946 766 2006 iudaeis.
803 1950 1057 2022 contantinopoli·
1087 1951 1169 2022 igitur
1195 1947 1341 2005 ineoiunna

303 2056 479 2121 peruenerunt
507 2057 534 2105 et
564 2051 591 2106 iu
626 2048 738 2122 quatiunt
764 2049 881 2106 eooieain
906 2064 1004 2121 oorpna
1027 2052 1111 2106 naneti
1131 2046 1260 2120 Stephani
1282 2064 1341 2105 ouon

303 2164 400 2223 inagna
416 2152 563 2206 reuetnnia
575 2148 756 2206 condiderunt
791 2147 863 2204 iiaeo
875 2149 1050 2222 Augustiana.
1085 2150 1240 2221 coniunctio
1253 2155 1342 2205 auten

301 2253 422 2322 uomodo
447 2252 533 2305 annoti
557 2249 685 2322 Stephani
708 2265 765 2305 eun
790 2263 901 2321 eorpore
923 2243 1008 2305 annoti
1024 2250 1162 2306 Laurentii
1180 2248 1231 2305 iuoo
1248 2249 1342 2306 ordine

302 2350 374 2406 taeta
400 2350 457 2405 init.
493 2351 611 2423 contigit
636 2353 702 2406 eninr
727 2349 872 2408 Bononiam
898 2347 977 2404 niian
1003 2349 1151 2406 Theodosii
1173 2351 1342 2421 inperatoria

302 2465 320 2505 u
337 2448 464 2507 duntone
481 2452 601 2523 grauiter
617 2451 739 2506 eruciari.
774 2448 850 2513 Quod
868 2464 926 2505 onur
940 2450 1009 2521 patri
1022 2463 1071 2505 auo
1086 2448 1341 2520 Gouutaniiuopoiirn

301 2551 442 2606 constituto
468 2549 611 2604 iutinatnn
636 2548 746 2616 intonet,
766 2546 846 2621 Juinet
867 2547 945 2604 iiten
963 2549 1216 2619 Gouatnotinopoiior
1234 2547 1341 2615 addoni,

301 2655 330 2704 nt
346 2649 510 2704 eaoronauoti
528 2649 723 2720 protonartirio
739 2647 868 2719 Stephani
887 2647 1008 2722 roiiquiin
1025 2653 1189 2720 tangeretur.
1222 2647 1341 2704 Dnenron

300 2755 387 2805 autern
405 2750 433 2803 in
449 2761 483 2803 ea
500 2746 646 2803 donabat:
667 2749 718 2803 nini
745 2746 896 2820 Stephanus
918 2746 1025 2804 itonarn
1051 2750 1155 2816 ueniat,
1179 2761 1231 2803 nou
1248 2746 1340 2814 exibo,

300 2849 423 2922 quioniam
440 2849 480 2902 aie
498 2853 541 2903 ent
556 2847 672 2920 apostoli
690 2847 824 2904 uoinntnu.
859 2846 935 2912 (inuti
953 2863 1010 2904 nnn
1025 2850 1169 2921 inperator
1181 2844 1340 2914 nudiuieuet,

288 2963 317 3006 'a
341 2949 414 3004 eiero
439 2955 467 3004 et
492 2946 591 3019 populo
610 2945 902 3018 Gountnntiuopoiitano
925 2947 1055 3016 obtinuit,
1081 2956 1110 3006 ut
1133 2961 1231 3027 oorpnn
1252 2947 1341 3002 naneti

300 3047 428 3120 Stephani
446 3045 570 3102 Bononia
589 3046 697 3102 daretur
715 3054 742 3102 et
759 3047 811 3119 ipei
829 3046 902 3102 beati
914 3045 1052 3104 Laurentii
1067 3062 1164 3120 eorpus
1177 3047 1339 3119 auoipereut

300 3146 378 3203 'i'uuo
400 3149 544 3219 inperator
569 3145 681 3219 i'eiagio
703 3159 789 3218 pupae
806 3161 888 3219 anper
903 3145 956 3202 hoo
972 3149 1093 3219 scripsit,
1119 3161 1190 3219 papo
1214 3161 1277 3203 uero
1305 3144 1340 3202 ie

298 3246 411 3303 eouaiiio
425 3229 609 3302 ¹orandinaiiuur
634 3247 801 3316 inperatoria
824 3248 945 3317 petitioni
971 3249 1114 3302 oooeeuait.
1147 3245 1226 3304 Minui
1256 3245 1341 3323 igitur

300 3345 552 3416 Constantinopoiirn
565 3344 715 3401 eurdinaiea
729 3359 825 3416 oorpnn
846 3348 929 3402 nunni
947 3345 1076 3416 Stephani
1092 3341 1199 3402 iiornnnr
1217 3344 1341 3402 deieruut

300 3455 326 3504 et
349 3445 444 3501 Graeoi
469 3461 517 3517 pro
540 3443 697 3517 atuipieudo
721 3460 835 3518 corpore
860 3448 945 3500 aaron
969 3446 1106 3502 Laurentii
1135 3453 1338 3518 pronepnuutur.

299 3547 406 3619 Capuae
427 3547 514 3620 igitur
537 3560 633 3617 oorpue
653 3544 783 3618 Stephani
801 3546 928 3616 recipitur
946 3550 972 3602 et
988 3543 1125 3601 bruchium
1142 3546 1201 3619 eiua
1218 3533 1338 3600 deutrum
1453 3533 1455 3536 ’

299 3645 466 3718 acapunuia
484 3644 586 3701 deuotio
604 3644 727 3716 preoiirua
743 3644 877 3700 obtinetur
901 3650 937 3699 et·
948 3647 1151 3716 notropoiituuo
1173 3646 1287 3702 eooieuia
1311 3645 1339 3700 in

298 3749 357 3819 eiua
376 3745 499 3802 honorem
518 3745 674 3802 iniurientur.
709 3744 771 3800 Gon
790 3751 875 3799 auteur
888 3742 995 3799 Bonan
1013 3747 1149 3802 reniteant
1161 3750 1189 3802 et
1207 3747 1234 3800 in
1250 3743 1339 3802 eunie-

299 3849 367 3902 ainn
385 3848 469 3903 naneti
486 3845 557 3902 Petri
576 3844 610 3900 ad
628 3844 733 3900 vinonio
752 3843 974 3915 eorpun'uieierre
992 3843 1105 3911 veilent,
1133 3854 1254 3902 rernm
1271 3842 1337 3900 nuin-

298 3949 395 4003 niatunt
412 3963 462 4006 nee
478 3946 548 4001 nitra
566 3944 711 4018 proceriore
729 3949 856 4017 pannoni,
882 3943 992 3999 inenou
1017 3950 1106 4000 autern
1130 3945 1158 4000 in
1174 3935 1265 4018 puelia
1280 3943 1338 4000 eia·
1356 4013 1358 4016 Ι

298 4045 398 4103 natat:
423 4046 522 4102 innatra
549 4047 694 4113 innuentia,
720 4045 782 4117 quia
806 4059 858 4098 nou
883 4042 941 4111 irio,
964 4041 1013 4098 aed
1037 4041 1109 4115 epoti
1130 4041 1237 4101 intrare
1261 4061 1338 4102 aun·

296 4147 465 4203 Laurentiano
489 4146 578 4202 reden
602 4145 693 4219 elegit
727 4141 793 4199 liiuo
811 4144 898 4216 igitur
922 4157 1019 4215 corpur
1046 4141 1164 4199 iniuntur
1181 4150 1208 4200 et
1224 4143 1259 4201 od
1276 4146 1337 4218 eiua

295 4251 393 4300 tantun
412 4245 499 4316 pueiia
517 4259 534 4299 a
551 4245 679 4300 daemone
695 4242 832 4298 liberatur.
867 4241 903 4298 At
919 4243 1079 4299 Laurentina
1094 4242 1219 4300 aiuernn
1242 4243 1336 4300 iratrin

182 4329 183 4332 ¹
296 4347 337 4400 aui
356 4347 432 4418 quani
451 4343 639 4418 oougranianu
656 4348 685 4398 et
701 4342 822 4398 arrident
841 4343 867 4398 iu
888 4341 998 4397 atterunt
1017 4347 1118 4413 purten
1136 4342 1271 4415 nepuioirri
1287 4358 1334 4399 ae-

295 4447 376 4500 oouait
394 4451 421 4500 et
437 4442 601 4500 medietatem
618 4442 690 4498 iiiiue
709 4455 820 4500 uuonan
836 4440 912 4497 iratri
929 4440 1044 4514 reliquit
1079 4439 1175 4498 Granni
1195 4458 1258 4500 rere
1274 4442 1335 4499 den
