2828 5302
290 399 332 460 88
517 401 590 480 Cap.
613 399 689 460 xiv.
737 397 781 458 De
811 395 968 478 epiphanis
989 395 1108 456 domini.

289 558 352 632 lpse
371 558 490 614 similiter
508 558 561 626 die,
581 557 702 632 revoluto
719 573 798 624 anno,
816 572 873 612 curn
891 560 963 612 esset
979 569 1104 610 annornm
1124 554 1234 628 triginta
1255 553 1330 608 unlus

293 656 335 713 rel
360 659 467 730 triginta
495 657 602 715 duorum
624 659 666 726 ¹),
703 657 817 729 quinque
842 654 925 710 miliia
949 653 1080 710 hominum
1098 652 1131 710 rie
1150 653 1266 726 quinquo
1283 667 1330 724 pa-

293 756 370 812 nibus
389 759 514 824 satiarit,
551 757 620 810 sicut
638 753 701 810 dicit
717 753 792 810 Beda
809 759 835 810 ct
854 756 921 808 sicui
940 753 1036 810 dicitur
1052 756 1078 808 in
1094 752 1141 810 illo
1158 753 1270 825 hpmuo,
1288 755 1332 825 qui

293 859 319 912 in
338 857 424 913 multis
442 855 562 912 ecclesiia
578 859 701 910 cantatur
718 859 745 908 et
762 855 801 908 sic
817 853 924 924 incipit:
954 853 1102 910 illuminans
1120 853 1264 910 citissimus
1281 859 1330 910 etc.

293 954 328 1011 lit
346 955 380 1011 oh
401 955 451 1012 hoc
471 959 579 1010 vocatur
596 951 782 1026 Phegiphauia
800 967 817 1008 a
834 950 933 1026 plage,
951 950 1022 1024 quod
1040 957 1082 1010 est
1097 951 1332 1012 huccariremnn-

293 1054 400 1112 ducere.
434 1054 472 1111 lie
491 1053 540 1110 hoc
557 1058 643 1110 anum
662 1058 757 1126 quarto
774 1050 915 1116 miraculo,
952 1057 1035 1108 utrum
1053 1051 1103 1108 hac
1121 1052 1165 1109 riie
1182 1055 1333 1128 configent,

293 1153 439 1221 dubitatur,
456 1159 509 1208 ium
523 1155 586 1226 quis
599 1155 625 1207 in
639 1151 765 1226 originali
778 1151 866 1208 Bedao
884 1166 936 1206 uon
954 1152 992 1207 sio
1010 1166 1137 1222 cupressu
1153 1151 1262 1226 legitur,
1280 1158 1333 1208 tum

295 1257 358 1327 quia
376 1245 504 1312 iohannis
521 1252 571 1320 vi,
595 1251 639 1307 uhi
658 1251 690 1307 tle
705 1250 756 1307 hoe
773 1250 898 1308 miraculo
916 1253 1021 1324 agitur,
1038 1249 1147 1308 dicitur:
1171 1259 1230 1310 erat
1243 1257 1332 1310 autem

295 1355 441 1426 proximum
454 1349 558 1408 Porcina
569 1357 619 1408 cto.
644 1350 699 1406 lsto
713 1366 778 1426 ergo
797 1349 961 1426 quadruplex
980 1351 1113 1422 apparitio
1133 1355 1186 1412 ista
1201 1352 1245 1410 iiie
1263 1351 1334 1412 iacta

296 1459 346 1509 est.
379 1451 467 1508 Prima
484 1451 556 1506 lucia
573 1456 615 1508 est
631 1467 679 1521 por
694 1450 798 1506 stollam
814 1451 841 1504 in
857 1451 1017 1522 praesepio,
1048 1451 1164 1506 emunda
1181 1468 1231 1524 por
1243 1468 1334 1510 rocem

296 1554 381 1624 patris
398 1553 425 1606 in
438 1550 564 1610 iordanis
582 1549 679 1618 lunio,
708 1553 788 1605 tertia
802 1563 851 1620 per
867 1549 1034 1606 mutationem
1053 1564 1139 1622 aquae
1158 1553 1187 1606 in
1203 1553 1290 1608 ninum
1307 1553 1334 1608 iu

296 1653 433 1721 conuiuio,
470 1657 566 1722 quarta
589 1663 639 1719 per
661 1648 901 1720 multiplicationem
924 1663 1019 1719 panum
1038 1651 1064 1704 in
1083 1648 1197 1707 deceno.
1248 1651 1334 1708 Prima

298 1757 385 1806 autern
405 1753 538 1822 apparitio
564 1749 706 1821 praecipue
730 1747 810 1803 lrorlie
827 1746 976 1804 celebratur
992 1755 1020 1806 et
1036 1747 1097 1806 ideo
1116 1751 1174 1821 ejus
1191 1748 1335 1822 hystoriam

299 1865 497 1924 prosequamur.
521 1848 591 1904 Nato
611 1849 678 1903 eninr
697 1846 801 1903 riomlno
818 1854 874 1904 tres
891 1850 963 1920 magi
979 1845 1181 1932 lherosolimam
1200 1857 1335 1919 veneunt,

298 1965 407 2022 qnorum
424 1952 529 2006 nomina
546 1951 573 2005 iu
591 1945 712 2004 llelnraoo
729 1953 805 2015 sunt,
830 1945 986 2019 hppeliins,
1011 1950 1148 2016 Amerina,
1180 1949 1336 2020 Damascus,

298 2065 412 2124 graece,
431 2048 573 2122 Gaigalat,
590 2047 738 2122 Maigsiat,
762 2045 903 2114 sarathin,
930 2045 1013 2103 letina
1031 2048 1150 2121 caspar,
1183 2048 1336 2118 Bulliones,

300 2148 439 2206 Melchlor.
473 2147 626 2222 cujusmodi
643 2151 729 2204 autem
747 2147 818 2220 magi
837 2145 934 2201 luerint
950 2145 994 2217 iu,
1012 2147 1108 2220 triplex
1127 2154 1215 2206 exstat
1229 2156 1338 2206 senten-

297 2251 350 2316 iia,
386 2249 525 2305 secundum
544 2247 616 2321 quoii
631 2262 725 2320 meguo
741 2246 881 2320 tripliciter
892 2237 998 2302 'dicitur
1041 2245 1139 2320 lingna
1157 2251 1224 2306 enlm
1242 2248 1337 2306 uirium

297 2347 406 2416 illusor,
444 2347 574 2406 maleficus
593 2353 620 2405 et
636 2349 753 2420 sapiens.
802 2344 898 2403 Dicunt
920 2362 985 2419 ergo
1009 2345 1114 2418 quidam
1137 2345 1186 2403 hoa
1203 2363 1283 2422 reges
1300 2349 1336 2406 eh

298 2445 394 2502 ellectu
411 2445 496 2502 dictos
514 2448 597 2504 luisse
612 2463 722 2522 meges,
746 2445 774 2502 io
791 2450 847 2514 ost,
878 2446 1018 2512 illusores,
1045 2461 1079 2502 cn
1095 2462 1128 2504 eo
1146 2447 1247 2505 seilicet
1264 2449 1336 2522 quoii

299 2543 427 2602 llerorlem
445 2546 592 2614 illuserunt,
609 2549 672 2620 quia
689 2545 723 2602 si
742 2561 799 2604 eum
817 2561 869 2600 nou
887 2544 1028 2600 redierant.
1062 2541 1136 2602 Unde
1153 2550 1180 2602 et
1197 2545 1335 2605 uictimis

301 2643 419 2700 ilorode:
443 2645 544 2715 eiricus,
560 2645 631 2718 quod
648 2646 740 2702 illusus
758 2651 830 2703 esset
847 2659 865 2700 a
881 2647 967 2716 magis
985 2650 1035 2700 etc.
1069 2643 1167 2720 niagno
1183 2649 1277 2705 iterum
1294 2647 1336 2706 ii-

299 2746 367 2798 eitur
384 2745 526 2802 maleficus.
575 2743 650 2802 unae
667 2745 777 2801 malelel
794 2743 942 2800 Pharaonis
960 2741 1081 2800 dicuutur
1096 2747 1177 2820 magi.
1222 2743 1257 2802 Et
1275 2746 1336 2802 inula

298 2841 362 2897 dicit
379 2842 580 2916 Chr·psosiomus
598 2845 647 2901 hos
665 2859 758 2918 magos
776 2849 893 2900 uocatos.
928 2843 997 2900 llicit
1013 2845 1081 2899 enlm
1098 2847 1165 2900 istos
1180 2844 1263 2902 inlsse
1281 2861 1336 2902 me-

299 2942 389 3002 ielioos
413 2942 461 3000 sei
487 2953 582 3015 postea
605 2959 765 3012 coenemus,
802 2943 897 3017 quibus
916 2941 1039 3006 ‚lomim
1065 2943 1148 3000 voluit
1171 2947 1336 3002 nefinutem

299 3056 372 3096 suan
398 3043 517 3100 revelare
542 3051 570 3101 et
591 3060 639 3100 eos
662 3044 696 3099 aui
715 3059 745 3100 se
760 3041 891 3100 adducere
907 3049 936 3100 et
952 3059 1002 3114 pro
1021 3042 1070 3100 lroc
1088 3043 1271 3115 prosatoribus
1289 3061 1335 3102 uo-

299 3142 360 3196 niae
382 3159 456 3214 rpem
482 3140 620 3214 praehere.
660 3143 756 3200 lterum
779 3158 873 3216 magns
888 3141 957 3198 iile·
973 3147 1016 3198 eet
1033 3141 1104 3215 quod
1120 3145 1237 3214 sapiens.
1270 3143 1337 3201 tiam

298 3237 426 3313 graphice
442 3257 535 3316 magns
548 3242 678 3314 hebrayce
695 3241 792 3311 scriba,
811 3256 909 3316 graeco
927 3239 1112 3313 philosophus,
1130 3243 1210 3299 latim
1229 3245 1337 3314 sapiens

298 3337 401 3396 uirium.
455 3339 580 3397 Dicuntur
597 3358 663 3416 ergo
682 3343 770 3416 magi,
788 3339 815 3396 inl
835 3346 892 3409 ost,
911 3337 1063 3413 sopientes,
1082 3341 1238 3415 rotomagi
1259 3346 1337 3414 onesi

298 3440 324 3493 in
343 3442 476 3510 sapientis
494 3444 591 3512 magoni.
633 3440 767 3498 Venerunt
783 3455 850 3514 ergo
866 3439 894 3495 hi
912 3445 967 3500 troo
983 3442 1118 3512 rapientes
1138 3446 1165 3498 ct
1184 3456 1262 3513 reges
1280 3456 1337 3498 cum

299 3552 395 3612 magno
414 3543 537 3595 comitatu
553 3539 764 3598 lherosolimam.
816 3538 870 3597 sni
890 3541 1035 3612 quaeritur,
1055 3555 1136 3613 qnare
1153 3541 1225 3612 ungi
1241 3539 1336 3596 tiern-

298 3637 380 3693 sulem
400 3645 534 3716 venerunt,
552 3655 608 3696 eum
626 3639 664 3696 ibi
680 3639 800 3696 dommus
817 3645 896 3694 nutus
911 3653 964 3694 non
981 3639 1025 3693 eit.
1051 3638 1138 3710 Super
1154 3637 1204 3693 inor
1215 3639 1336 3712 assignat

298 3735 431 3810 Remigius
448 3745 574 3812 quattuor
590 3741 716 3795 rationes.
747 3738 843 3806 Prima,
862 3739 984 3810 quoniam
1003 3741 1074 3810 magi
1094 3743 1195 3809 tempus
1213 3739 1338 3792 catinia

297 3838 332 3892 tis
350 3836 447 3893 Christi
464 3843 645 3912 agnoverunt,
680 3837 729 3894 sod
747 3839 831 3895 iocum
849 3839 1046 3910 ignoraverunt.
1082 3838 1152 3901 tinio
1170 3843 1257 3892 autem
1274 3835 1339 3896 tir-

298 3935 412 3992 rusaiem
429 3943 487 3994 erat
502 3940 598 3994 ciuitas
617 3937 716 4010 regalis
735 3941 762 3993 et
779 3935 816 3992 ihi
833 3939 892 3992 erat
909 3949 1034 3990 summurn
1052 3935 1244 4002 sacerdotium,
1279 3951 1339 3992 sue-

298 4038 377 4106 piceti
395 4043 469 4106 sunt,
489 4037 560 4110 quoi
577 4045 630 4093 tarn
647 4040 772 4112 egregius
790 4050 856 4108 puer
873 4034 978 4090 nonnisi
1000 4036 1026 4088 in
1045 4035 1122 4108 regie
1142 4037 1251 4092 ciuitate
1265 4035 1340 4090 nesci

297 4132 413 4193 deberet.
457 4135 587 4206 Secunde,
607 4143 635 4192 ui
652 4138 729 4193 eitius
747 4135 893 4192 natlutatir
911 4135 995 4190 locum
1013 4133 1164 4190 discernere
1182 4135 1340 4206 potuissent¹

350 4355 370 4408 Ι)
384 4353 490 4404 thilen.
504 4355 602 4402 addunt:
630 4363 658 4402 et
677 4351 822 4400 tredecim
835 4354 957 4400 dierum.
1074 4403 1076 4409 p
