2984 5316
341 469 413 547 Cap.
437 468 496 528 tte.
538 469 581 528 De
602 481 699 531 so'noto
721 469 813 530 Pauio
836 471 975 551 apostolo.
1115 469 1178 534 389

147 641 193 682 ora
219 626 366 682 innumeras
391 630 460 682 omni
485 633 542 683 erat
566 626 655 698 lapido
679 627 842 684 tolerantior.
878 629 927 693 tini
946 645 997 684 non
1015 644 1031 684 a
1048 629 1132 685 tribua
1150 636 1176 687 rt

146 732 258 796 quatuor
268 727 373 794 amieis,
388 727 435 782 aad
447 739 464 782 a
475 731 575 784 eunetis
586 727 748 794 tentatibus,
767 728 921 784 airatribne
938 733 1014 784 etiam
1033 731 1177 801 opprobria

145 823 308 893 sustinebat,
333 833 502 899 consputatus
520 828 554 882 ab
572 827 692 884 omnibus
708 835 787 901 atque
800 826 964 890 maledictos:
988 836 1014 885 et
1031 829 1102 885 iiiios
1120 837 1179 884 eret

145 938 240 998 magna
257 924 425 997 hospitalitas
443 935 470 984 et
486 943 550 983 eura
566 943 722 1000 pauperum,
743 929 790 990 eod
814 943 890 1002 quero
905 928 954 984 iiie
970 942 1058 984 auram
1076 931 1177 999 impen-

146 1023 226 1080 debat
245 1040 324 1081 corno
340 1026 487 1094 debiiiboe,
515 1027 582 1083 bano
598 1011 760 1084 iate'animia
779 1025 905 1084 morbidia
922 1027 1078 1096 exhibebat,
1104 1028 1176 1084 iliius

111 1103 117 1114 ⁰
143 1127 214 1180 omni
237 1125 384 1183 advenienti
410 1127 597 1199 aperiebantur
621 1128 728 1197 domae,
752 1127 831 1201 bajus
855 1143 918 1208 roro
942 1130 1028 1183 anima
1050 1129 1173 1184 universo

144 1227 343 1296 patriotam,
362 1235 390 1283 at
408 1228 453 1283 iiie
469 1228 573 1300 quidem
592 1241 648 1283 oum
666 1243 732 1285 otae
747 1235 776 1285 et
792 1227 873 1283 borea
890 1225 1000 1285 baberet
1018 1229 1175 1292 innumerae,

144 1327 249 1381 eratin
276 1341 405 1398 pauperae
429 1327 565 1396 iiberaiia,
596 1326 640 1384 bio
667 1341 731 1384 tero
757 1325 823 1384 utbii
848 1326 959 1400 amplios
985 1341 1097 1399 corpore
1125 1342 1174 1382 sno

145 1426 284 1494 poaeiriene
302 1427 335 1482 de
352 1427 403 1482 boo
421 1425 583 1484 auiieienter
599 1425 778 1501 Indigentiboe
798 1428 971 1494 ministrabat,
990 1427 1059 1500 quand
1077 1425 1173 1483 eiioubi

145 1539 356 1594 eommnmorana,
372 1527 584 1595 necessitatibus,
600 1529 694 1600 inquit,
711 1531 777 1584 mete
794 1537 821 1584 et
837 1526 893 1597 bis,
912 1531 956 1598 qui
976 1543 1072 1582 mooun
1091 1533 1174 1596 oront,

144 1629 354 1682 ministraverunt
375 1641 465 1683 manua
483 1631 560 1684 istae.
594 1627 647 1684 Sed
667 1633 743 1685 etism
768 1645 869 1686 rennes
887 1635 966 1701 atquo
984 1628 1090 1685 wisera
1113 1643 1172 1684 eae-

145 1739 191 1782 roe
210 1733 303 1783 annoto
320 1726 381 1784 tobi
401 1727 549 1784 inferebant
568 1727 691 1798 dolores,
715 1729 762 1786 seri
785 1732 808 1784 ei
826 1727 900 1785 Parii
929 1727 1053 1796 verbera,
1078 1728 1173 1784 tanen

144 1836 303 1900 catenasque
321 1840 368 1883 een
386 1829 504 1899 periuria
519 1829 687 1896 consideres,
715 1845 782 1902 quoe
805 1846 823 1885 a
843 1829 1008 1898 domesticis,
1032 1829 1066 1883 ab
1086 1833 1174 1884 eutra-

144 1929 217 1996 ueis,
249 1943 265 1982 a
289 1935 394 1984 cartoro
422 1928 572 2000 patiebatur
588 1929 662 2000 orbe,
687 1929 907 1998 aellioitudinom,
939 1943 1015 2000 quen
1040 1932 1098 2000 ipae
1125 1941 1174 1998 pro

144 2031 280 2094 aratoriis,
309 2029 454 2092 'ustionem
486 2043 562 2102 quam
592 2047 640 2101 pro
664 2027 853 2086 eoendsiizatie
878 2030 991 2104 singuiis
1014 2029 1174 2101 perferebat,

144 2128 262 2192 ridebis,
289 2129 359 2201 qoou
377 2132 446 2184 omni
466 2137 524 2185 erat
541 2144 608 2192 asto
623 2129 714 2194 durior
744 2132 830 2185 anime
854 2129 900 2184 iiia
923 2137 951 2185 et
971 2129 1067 2186 forrum
1095 2139 1175 2204 atquin

145 2228 305 2286 atananten
322 2228 444 2284 instrato
460 2229 611 2300 superabat.
649 2229 722 2293 Quae
735 2229 859 2286 entnttte
870 2233 991 2301 corpore,
1008 2229 1174 2285 baromonte

144 2325 240 2386 Pettius
260 2331 399 2394 euassnuit,
419 2343 494 2400 qoem
513 2331 583 2385 omni
599 2343 718 2386 moerore
735 2329 871 2386 molestior
888 2329 921 2383 rie
932 2328 1046 2402 singuiis
1063 2328 1172 2402 quibua·

145 2445 246 2502 ortuque
263 2429 412 2488 lnbentibus
432 2432 565 2484 moestitia
582 2429 761 2499 consumebat,
779 2429 848 2486 unde
865 2437 891 2484 et
906 2430 987 2502 juges
998 2443 1031 2488 att
1042 2428 1174 2484 oo-iontea

146 2530 312 2601 inorpmarom
327 2547 377 2584 non
389 2529 482 2585 diobne
494 2529 587 2592 eoium,
606 2529 741 2586 sedetiam
754 2529 874 2586 noettbue
885 2528 1036 2596 uibrabant,
1054 2531 1176 2600 omnique

145 2630 252 2686 motione
275 2631 437 2701 parturiente
465 2629 641 2686 venementius
666 2631 835 2704 affligebatur
859 2632 884 2686 io
908 2629 1037 2712 singuiis,
1067 2633 1178 2700 propter

145 2729 215 2802 qood
234 2732 310 2784 ettam
329 2728 449 2784 dicebat:
476 2729 550 2785 iiioii
565 2735 630 2799 mat,
653 2747 720 2805 quoa
739 2737 831 2790 iterum
848 2733 966 2803 parturio
1003 2728 1110 2802 Moyses
1128 2745 1176 2801 pro

144 2829 303 2886 iudaeorum
326 2830 413 2886 eaioto
439 2829 523 2888 oeten
546 2830 628 2906 elegit
648 2831 681 2889 de
707 2831 791 2900 libro,
821 2831 928 2904 Moyses
949 2832 1037 2902 itaque
1062 2843 1092 2884 se
1118 2843 1176 2884 eura

144 2931 257 2988 caeteris
277 2930 374 2986 obtolit
391 2934 487 3001 parire,
505 2931 602 2988 Pauioa
621 2949 669 3005 pro
689 2935 816 2999 eaeteris;
834 2948 887 2987 nen
903 2934 970 2999 enim
989 2945 1045 2986 runt
1062 2937 1175 3004 pereun-

144 3034 215 3097 tibus
232 3033 320 3103 perire
337 3031 434 3098 roiott,
461 3031 508 3086 arri
527 3038 557 3086 ut
573 3031 619 3088 aiii
635 3033 818 3099 salvarentur,
842 3025 900 3104 ipae
917 3029 950 3086 de
969 3032 1074 3103 gloriae
1090 3037 1177 3086 aeter·

145 3134 228 3190 nitete
251 3129 384 3188 deridere,
419 3129 452 3187 Et
483 3132 586 3203 quidem
616 3133 661 3189 iiie
678 3131 827 3199 Pharaoni,
853 3131 897 3188 bie
922 3129 1036 3202 ripabeio
1060 3130 1178 3203 quotidie

146 3232 328 3308 repugnabat,
352 3231 398 3288 iiie
423 3247 471 3302 pro
490 3247 542 3290 noo
558 3240 651 3308 genta
677 3235 728 3290 iste
752 3247 802 3307 pro
823 3219 948 3289 universo
968 3229 1034 3287 orbe
1057 3222 1178 3296 ornarit,

145 3349 197 3390 nou
215 3333 329 3398 eudone,
347 3332 395 3389 euri
416 3334 554 3406 sangnine.
584 3333 719 3392 Joiroonea
736 3337 761 3388 in
779 3332 864 3392 cibum
881 3333 998 3388 ioorrstoe
1016 3340 1043 3386 ot
1060 3327 1110 3386 mei
1129 3327 1177 3385 sii·
1196 3344 1200 3352 ·

144 3441 233 3490 vestre
250 3432 382 3501 sumebat,
406 3433 453 3489 aeri
478 3417 574 3490 isaias
602 3436 638 3491 ita
662 3437 687 3490 io
709 3434 795 3489 nodio
812 3432 903 3490 muntii
916 3436 1037 3503 strepitat,
1055 3431 1179 3506 quomad-

146 3533 246 3590 modum
266 3533 311 3590 iile
329 3537 354 3589 in
374 3550 461 3591 eramo
485 3537 574 3607 quiete
593 3542 712 3591 venatus
737 3541 793 3600 eet,
817 3551 868 3591 nou
893 3534 996 3607 quidem
1022 3537 1116 3604 pastae
1138 3528 1181 3585 Ιο-

145 3637 227 3691 mette
245 3643 292 3690 aot
308 3635 384 3691 meite
402 3635 528 3692 silvestri.
565 3635 648 3692 bitoito
666 3640 751 3691 antero
771 3637 841 3692 rietu
865 3633 960 3690 riitore
983 3633 1025 3688 bie
1043 3635 1180 3688 contentae

146 3739 186 3790 eei
203 3749 234 3790 ne
247 3737 402 3790 ‘neaemario
419 3735 524 3807 quidem
543 3733 580 3789 ibi
597 3735 739 3808 indulgens
757 3734 832 3798 oibo,
859 3734 970 3790 [ementi
992 3731 1081 3787 etuiio
1099 3743 1178 3805 praa*-

145 3834 256 3902 riioanrii,
293 3833 387 3892 Veron
412 3834 484 3892 iiiioe
510 3835 639 3892 advorsum
665 3834 838 3892 bieroriisriem
862 3836 986 3906 apparuit
1003 3841 1100 3906 magna
1117 3845 1179 3887 oon·
1275 3853 1276 3856 ¹

145 3937 253 4000 atentia,
273 3943 299 3990 ot
316 3933 362 3990 iiie
380 3951 431 3989 non
447 3951 523 3992 onum
544 3943 588 3996 out
607 3934 673 3991 dooe
694 3943 741 3991 out
758 3941 829 4003 tros,
854 3933 902 3990 aed
927 3935 1076 3988 innumeros
1094 3938 1120 3986 et
1144 3934 1181 3987 si-

146 4035 199 4090 niit
216 4036 320 4105 posttea
338 4041 470 4104 potestate
488 4035 622 4106 corripuit,
640 4037 716 4090 inuno
735 4035 814 4106 longe
833 4034 886 4090 tttte
901 4036 1037 4089 saeviores
1046 4037 1179 4102 tyrannos.

146 4133 246 4202 Restat,
267 4140 295 4189 ut
311 4135 417 4190 Parium
435 4135 538 4206 uirgatis
558 4150 745 4207 oornpareotos,
761 4137 788 4189 in
808 4134 903 4206 quibus
922 4131 1082 4207 nagntirom
1101 4147 1181 4204 prae·

145 4233 281 4301 dieamus,
305 4237 369 4306 quio
389 4249 446 4288 oum
471 4235 540 4289 omni
565 4249 629 4292 eura
650 4233 705 4291 Deo
731 4233 857 4290 obotiiuit.
893 4232 968 4298 Quod
989 4233 1073 4290 barte
1096 4233 1179 4289 simi,

147 4332 229 4392 rande
249 4333 369 4392 dicebat:
393 4339 515 4408 potentes
540 4336 635 4390 uirtute
661 4334 788 4392 incientes
807 4337 917 4414 ,verbum
942 4335 1000 4405 ejus
1027 4341 1078 4392 eto.
1113 4333 1180 4400 Quid

146 4449 208 4492 roro
228 4434 299 4492 aiiori
317 4433 448 4507 propbeta
465 4435 491 4490 in
510 4435 614 4509 angeiia
633 4435 761 4492 miraturi
785 4437 829 4508 qni
849 4435 927 4498 tacit,
951 4433 1049 4510 inquit,
1069 4437 1180 4511 angeioa
