<?xml version="1.0" encoding="UTF-8"?>
<!DOCTYPE html PUBLIC "-//W3C//DTD XHTML 1.0 Transitional//EN"
    "http://www.w3.org/TR/xhtml1/DTD/xhtml1-transitional.dtd">
<html xmlns="http://www.w3.org/1999/xhtml" xml:lang="en" lang="en">
 <head>
  <title>
</title>
<meta http-equiv="Content-Type" content="text/html;charset=utf-8" />
  <meta name='ocr-system' content='tesseract 3.04.00' />
  <meta name='ocr-capabilities' content='ocr_page ocr_carea ocr_par ocr_line ocrx_word'/>
</head>
<body>
  <div class='ocr_page' id='page_1' title='image "./jacobiavoragine00jacogoog_0050.png"; bbox 0 0 2798 5302; ppageno 0'>
   <div class='ocr_carea' id='block_1_1' title="bbox 275 507 1091 604">
    <p class='ocr_par' dir='ltr' id='par_1_1' title="bbox 275 507 1091 604">
     <span class='ocr_line' id='line_1_1' title="bbox 275 507 1091 604; baseline -0.002 -32"><span class='ocrx_word' id='word_1_1' title='bbox 275 511 347 592; x_wconf 82' lang='lat' dir='ltr'><strong>Cap.</strong></span> <span class='ocrx_word' id='word_1_2' title='bbox 370 512 417 571; x_wconf 79' lang='lat' dir='ltr'><strong>ii.</strong></span> <span class='ocrx_word' id='word_1_3' title='bbox 460 511 504 571; x_wconf 85' lang='lat' dir='ltr'><strong>De</strong></span> <span class='ocrx_word' id='word_1_4' title='bbox 526 509 633 604; x_wconf 84' lang='lat' dir='ltr'><strong>Sauetc</strong></span> <span class='ocrx_word' id='word_1_5' title='bbox 654 509 746 570; x_wconf 84' lang='lat' dir='ltr'><strong>Lucia</strong></span> <span class='ocrx_word' id='word_1_6' title='bbox 767 511 883 590; x_wconf 82' lang='lat' dir='ltr'><strong>virgine.</strong></span> <span class='ocrx_word' id='word_1_7' title='bbox 1054 507 1091 570; x_wconf 76' lang='lat'><strong>³1</strong></span> 
     </span>
    </p>
   </div>
   <div class='ocr_carea' id='block_1_2' title="bbox 53 669 1140 4556">
    <p class='ocr_par' dir='ltr' id='par_1_2' title="bbox 53 669 1140 4556">
     <span class='ocr_line' id='line_1_2' title="bbox 54 669 1095 748; baseline -0.004 -18"><span class='ocrx_word' id='word_1_8' title='bbox 54 677 157 748; x_wconf 81' lang='lat' dir='ltr'><strong>queris.</strong></span> <span class='ocrx_word' id='word_1_9' title='bbox 208 673 250 731; x_wconf 80' lang='lat' dir='ltr'><strong>in</strong></span> <span class='ocrx_word' id='word_1_10' title='bbox 269 689 345 747; x_wconf 84' lang='lat' dir='ltr'><strong>quern</strong></span> <span class='ocrx_word' id='word_1_11' title='bbox 363 671 461 728; x_wconf 78' lang='lat' dir='ltr'><strong>Lucis:</strong></span> <span class='ocrx_word' id='word_1_12' title='bbox 484 676 512 728; x_wconf 94' lang='lat' dir='ltr'><strong>tn</strong></span> <span class='ocrx_word' id='word_1_13' title='bbox 530 669 674 744; x_wconf 75' lang='lat' dir='ltr'><strong>principum</strong></span> <span class='ocrx_word' id='word_1_14' title='bbox 691 675 792 727; x_wconf 86' lang='lat' dir='ltr'><strong>tuorum</strong></span> <span class='ocrx_word' id='word_1_15' title='bbox 811 669 917 726; x_wconf 86' lang='lat' dir='ltr'><strong>decreta</strong></span> <span class='ocrx_word' id='word_1_16' title='bbox 933 669 1050 725; x_wconf 88' lang='lat' dir='ltr'><strong>custodie</strong></span> <span class='ocrx_word' id='word_1_17' title='bbox 1068 677 1095 726; x_wconf 90' lang='lat' dir='ltr'><strong>et</strong></span> 
     </span>
     <span class='ocr_line' id='line_1_3' title="bbox 54 769 1094 850; baseline -0.006 -18"><span class='ocrx_word' id='word_1_18' title='bbox 54 792 110 848; x_wconf 72' lang='lat' dir='ltr'><strong>ego</strong></span> <span class='ocrx_word' id='word_1_19' title='bbox 129 775 177 832; x_wconf 81' lang='lat' dir='ltr'><strong>Dei</strong></span> <span class='ocrx_word' id='word_1_20' title='bbox 200 777 250 830; x_wconf 87' lang='lat' dir='ltr'><strong>mei</strong></span> <span class='ocrx_word' id='word_1_21' title='bbox 274 773 360 846; x_wconf 79' lang='lat' dir='ltr'><strong>iugem</strong></span> <span class='ocrx_word' id='word_1_22' title='bbox 379 770 533 850; x_wconf 79' lang='lat' dir='ltr'><strong>custodiam.</strong></span> <span class='ocrx_word' id='word_1_23' title='bbox 573 769 615 827; x_wconf 86' lang='grc' dir='ltr'><strong>Τιι</strong></span> <span class='ocrx_word' id='word_1_24' title='bbox 637 771 770 843; x_wconf 86' lang='lat' dir='ltr'><strong>principes</strong></span> <span class='ocrx_word' id='word_1_25' title='bbox 793 771 869 826; x_wconf 88' lang='lat' dir='ltr'><strong>times</strong></span> <span class='ocrx_word' id='word_1_26' title='bbox 895 777 922 827; x_wconf 88' lang='lat' dir='ltr'><strong>et</strong></span> <span class='ocrx_word' id='word_1_27' title='bbox 942 787 994 845; x_wconf 81' lang='lat' dir='ltr'><strong>ego</strong></span> <span class='ocrx_word' id='word_1_28' title='bbox 1013 770 1094 827; x_wconf 85' lang='lat' dir='ltr'><strong>Deum</strong></span> 
     </span>
     <span class='ocr_line' id='line_1_4' title="bbox 53 869 1094 943; baseline -0.005 -13"><span class='ocrx_word' id='word_1_29' title='bbox 53 879 147 932; x_wconf 80' lang='grc' dir='ltr'><strong>ιΙιιιιιιι.</strong></span> <span class='ocrx_word' id='word_1_30' title='bbox 164 873 207 931; x_wconf 83' lang='lat' dir='ltr'><strong>Tu</strong></span> <span class='ocrx_word' id='word_1_31' title='bbox 224 875 286 930; x_wconf 89' lang='lat' dir='ltr'><strong>iiics</strong></span> <span class='ocrx_word' id='word_1_32' title='bbox 305 871 438 929; x_wconf 73' lang='lat' dir='ltr'><strong>offendere</strong></span> <span class='ocrx_word' id='word_1_33' title='bbox 455 885 507 926; x_wconf 90' lang='lat' dir='ltr'><strong>uon</strong></span> <span class='ocrx_word' id='word_1_34' title='bbox 522 871 572 936; x_wconf 79' lang='lat' dir='ltr'><strong>ris,</strong></span> <span class='ocrx_word' id='word_1_35' title='bbox 591 877 617 926; x_wconf 91' lang='lat' dir='ltr'><strong>et</strong></span> <span class='ocrx_word' id='word_1_36' title='bbox 634 869 775 943; x_wconf 80' lang='lat' dir='ltr'><strong>egciieum</strong></span> <span class='ocrx_word' id='word_1_37' title='bbox 791 869 926 926; x_wconf 85' lang='lat' dir='ltr'><strong>oiiendcro</strong></span> <span class='ocrx_word' id='word_1_38' title='bbox 941 885 1031 926; x_wconf 81' lang='lat' dir='ltr'><strong>caseo.</strong></span> <span class='ocrx_word' id='word_1_39' title='bbox 1052 869 1094 926; x_wconf 85' lang='lat' dir='ltr'><strong>‘i&#39;u</strong></span> 
     </span>
     <span class='ocr_line' id='line_1_5' title="bbox 55 968 1094 1048; baseline -0.004 -20"><span class='ocrx_word' id='word_1_40' title='bbox 55 975 114 1030; x_wconf 90' lang='lat' dir='ltr'><strong>iiiis</strong></span> <span class='ocrx_word' id='word_1_41' title='bbox 136 975 243 1048; x_wconf 82' lang='lat' dir='ltr'><strong>placeto</strong></span> <span class='ocrx_word' id='word_1_42' title='bbox 268 973 404 1030; x_wconf 87' lang='lat' dir='ltr'><strong>desideras</strong></span> <span class='ocrx_word' id='word_1_43' title='bbox 428 978 456 1027; x_wconf 93' lang='lat' dir='ltr'><strong>et</strong></span> <span class='ocrx_word' id='word_1_44' title='bbox 474 985 526 1044; x_wconf 79' lang='lat' dir='ltr'><strong>ego</strong></span> <span class='ocrx_word' id='word_1_45' title='bbox 549 977 577 1026; x_wconf 94' lang='lat' dir='ltr'><strong>ut</strong></span> <span class='ocrx_word' id='word_1_46' title='bbox 596 969 700 1028; x_wconf 82' lang='lat' dir='ltr'><strong>Christo</strong></span> <span class='ocrx_word' id='word_1_47' title='bbox 719 970 836 1042; x_wconf 84' lang='lat' dir='ltr'><strong>piacesun</strong></span> <span class='ocrx_word' id='word_1_48' title='bbox 854 972 1017 1042; x_wconf 76' lang='lat' dir='ltr'><strong>concupisco.</strong></span> <span class='ocrx_word' id='word_1_49' title='bbox 1052 968 1094 1026; x_wconf 86' lang='lat' dir='ltr'><strong>Tu</strong></span> 
     </span>
     <span class='ocr_line' id='line_1_6' title="bbox 56 1070 1094 1150; baseline -0.003 -20"><span class='ocrx_word' id='word_1_50' title='bbox 56 1089 127 1150; x_wconf 79' lang='lat' dir='ltr'><strong>ergo</strong></span> <span class='ocrx_word' id='word_1_51' title='bbox 148 1074 188 1130; x_wconf 84' lang='lat' dir='ltr'><strong>iac</strong></span> <span class='ocrx_word' id='word_1_52' title='bbox 205 1074 275 1148; x_wconf 89' lang='lat' dir='ltr'><strong>quod</strong></span> <span class='ocrx_word' id='word_1_53' title='bbox 293 1073 342 1129; x_wconf 85' lang='lat' dir='ltr'><strong>tibi</strong></span> <span class='ocrx_word' id='word_1_54' title='bbox 361 1072 423 1128; x_wconf 88' lang='lat' dir='ltr'><strong>utile</strong></span> <span class='ocrx_word' id='word_1_55' title='bbox 442 1085 502 1126; x_wconf 91' lang='lat' dir='ltr'><strong>esse</strong></span> <span class='ocrx_word' id='word_1_56' title='bbox 525 1084 671 1144; x_wconf 81' lang='lat' dir='ltr'><strong>cognosces</strong></span> <span class='ocrx_word' id='word_1_57' title='bbox 689 1076 716 1128; x_wconf 91' lang='lat' dir='ltr'><strong>et</strong></span> <span class='ocrx_word' id='word_1_58' title='bbox 735 1085 786 1144; x_wconf 79' lang='lat' dir='ltr'><strong>ego</strong></span> <span class='ocrx_word' id='word_1_59' title='bbox 805 1071 915 1137; x_wconf 85' lang='lat' dir='ltr'><strong>iscium,</strong></span> <span class='ocrx_word' id='word_1_60' title='bbox 942 1070 1012 1143; x_wconf 86' lang='lat' dir='ltr'><strong>quod</strong></span> <span class='ocrx_word' id='word_1_61' title='bbox 1030 1071 1094 1127; x_wconf 85' lang='lat' dir='ltr'><strong>utiie</strong></span> 
     </span>
     <span class='ocr_line' id='line_1_7' title="bbox 57 1168 1094 1247; baseline -0.003 -18"><span class='ocrx_word' id='word_1_62' title='bbox 57 1174 123 1229; x_wconf 80' lang='lat' dir='ltr'><strong>mihi</strong></span> <span class='ocrx_word' id='word_1_63' title='bbox 149 1189 210 1230; x_wconf 89' lang='lat' dir='ltr'><strong>esse</strong></span> <span class='ocrx_word' id='word_1_64' title='bbox 234 1187 403 1247; x_wconf 82' lang='lat' dir='ltr'><strong>perspexero.</strong></span> <span class='ocrx_word' id='word_1_65' title='bbox 455 1171 503 1226; x_wconf 81' lang='lat' dir='ltr'><strong>Cui</strong></span> <span class='ocrx_word' id='word_1_66' title='bbox 527 1168 701 1226; x_wconf 79' lang='lat' dir='ltr'><strong>Paschasius:</strong></span> <span class='ocrx_word' id='word_1_67' title='bbox 737 1171 921 1243; x_wconf 85' lang='lat' dir='ltr'><strong>patrimonium</strong></span> <span class='ocrx_word' id='word_1_68' title='bbox 944 1179 1014 1226; x_wconf 87' lang='lat' dir='ltr'><strong>tuum</strong></span> <span class='ocrx_word' id='word_1_69' title='bbox 1037 1186 1094 1226; x_wconf 88' lang='lat' dir='ltr'><strong>cnm</strong></span> 
     </span>
     <span class='ocr_line' id='line_1_8' title="bbox 55 1269 1095 1346; baseline -0.005 -17"><span class='ocrx_word' id='word_1_70' title='bbox 55 1273 258 1346; x_wconf 73' lang='lat' dir='ltr'><strong>corruptoribus</strong></span> <span class='ocrx_word' id='word_1_71' title='bbox 275 1271 424 1345; x_wconf 77' lang='lat' dir='ltr'>expendisti</span> <span class='ocrx_word' id='word_1_72' title='bbox 442 1277 468 1326; x_wconf 93' lang='lat' dir='ltr'><strong>et</strong></span> <span class='ocrx_word' id='word_1_73' title='bbox 484 1270 545 1326; x_wconf 89' lang='lat' dir='ltr'><strong>ideo</strong></span> <span class='ocrx_word' id='word_1_74' title='bbox 563 1272 639 1342; x_wconf 82' lang='lat' dir='ltr'><strong>quasi</strong></span> <span class='ocrx_word' id='word_1_75' title='bbox 658 1273 780 1327; x_wconf 76' lang='lat' dir='ltr'><strong>meretrix</strong></span> <span class='ocrx_word' id='word_1_76' title='bbox 798 1269 923 1342; x_wconf 75' lang='lat' dir='ltr'><strong>innueris.</strong></span> <span class='ocrx_word' id='word_1_77' title='bbox 976 1271 1022 1326; x_wconf 81' lang='lat' dir='ltr'><strong>Cui</strong></span> <span class='ocrx_word' id='word_1_78' title='bbox 1041 1272 1095 1328; x_wconf 86' lang='lat' dir='ltr'><strong>Lu·</strong></span> 
     </span>
     <span class='ocr_line' id='line_1_9' title="bbox 55 1369 1094 1446; baseline -0.001 -17"><span class='ocrx_word' id='word_1_79' title='bbox 55 1377 116 1430; x_wconf 87' lang='lat' dir='ltr'><strong>cia:</strong></span> <span class='ocrx_word' id='word_1_80' title='bbox 152 1375 333 1446; x_wconf 73' lang='lat' dir='ltr'><strong>patrimonium</strong></span> <span class='ocrx_word' id='word_1_81' title='bbox 351 1387 433 1428; x_wconf 84' lang='lat' dir='ltr'><strong>meum</strong></span> <span class='ocrx_word' id='word_1_82' title='bbox 453 1371 479 1426; x_wconf 91' lang='lat' dir='ltr'><strong>in</strong></span> <span class='ocrx_word' id='word_1_83' title='bbox 496 1376 554 1426; x_wconf 91' lang='lat' dir='ltr'><strong>tuto</strong></span> <span class='ocrx_word' id='word_1_84' title='bbox 569 1369 628 1425; x_wconf 87' lang='lat' dir='ltr'><strong>inco</strong></span> <span class='ocrx_word' id='word_1_85' title='bbox 648 1372 787 1438; x_wconf 72' lang='lat' dir='ltr'><strong>conmitni,</strong></span> <span class='ocrx_word' id='word_1_86' title='bbox 824 1379 991 1443; x_wconf 85' lang='lat' dir='ltr'><strong>eorrnptnres</strong></span> <span class='ocrx_word' id='word_1_87' title='bbox 1009 1377 1094 1428; x_wconf 78' lang='grc' dir='ltr'><strong>ιιιῑιιιι</strong></span> 
     </span>
     <span class='ocr_line' id='line_1_10' title="bbox 58 1467 1096 1545; baseline -0.001 -15"><span class='ocrx_word' id='word_1_88' title='bbox 58 1477 154 1530; x_wconf 80' lang='lat' dir='ltr'><strong>mentis</strong></span> <span class='ocrx_word' id='word_1_89' title='bbox 172 1479 198 1529; x_wconf 91' lang='lat' dir='ltr'><strong>et</strong></span> <span class='ocrx_word' id='word_1_90' title='bbox 215 1475 334 1545; x_wconf 82' lang='lat' dir='ltr'><strong>eorporis</strong></span> <span class='ocrx_word' id='word_1_91' title='bbox 350 1467 478 1543; x_wconf 85' lang='lat' dir='ltr'><strong>nunqnam</strong></span> <span class='ocrx_word' id='word_1_92' title='bbox 498 1471 573 1526; x_wconf 84' lang='lat' dir='ltr'><strong>sciri.</strong></span> <span class='ocrx_word' id='word_1_93' title='bbox 607 1467 753 1542; x_wconf 77' lang='lat' dir='ltr'><strong>Respondit</strong></span> <span class='ocrx_word' id='word_1_94' title='bbox 772 1470 945 1528; x_wconf 81' lang='lat' dir='ltr'><strong>Paschasius:</strong></span> <span class='ocrx_word' id='word_1_95' title='bbox 973 1475 1018 1543; x_wconf 81' lang='lat' dir='ltr'><strong>qui</strong></span> <span class='ocrx_word' id='word_1_96' title='bbox 1036 1481 1096 1529; x_wconf 87' lang='lat' dir='ltr'><strong>sunt</strong></span> 
     </span>
     <span class='ocr_line' id='line_1_11' title="bbox 56 1570 1095 1646; baseline -0.001 -16"><span class='ocrx_word' id='word_1_97' title='bbox 56 1581 230 1646; x_wconf 88' lang='lat' dir='ltr'><strong>corruptores</strong></span> <span class='ocrx_word' id='word_1_98' title='bbox 247 1573 367 1644; x_wconf 82' lang='lat' dir='ltr'><strong>corporis</strong></span> <span class='ocrx_word' id='word_1_99' title='bbox 386 1577 412 1628; x_wconf 93' lang='lat' dir='ltr'><strong>et</strong></span> <span class='ocrx_word' id='word_1_100' title='bbox 429 1571 543 1627; x_wconf 73' lang='lat' dir='ltr'><strong>mentis?</strong></span> <span class='ocrx_word' id='word_1_101' title='bbox 594 1571 677 1626; x_wconf 81' lang='lat' dir='ltr'><strong>Lucia</strong></span> <span class='ocrx_word' id='word_1_102' title='bbox 696 1570 774 1626; x_wconf 80' lang='lat' dir='ltr'><strong>dixit:</strong></span> <span class='ocrx_word' id='word_1_103' title='bbox 808 1579 977 1644; x_wconf 82' lang='lat' dir='ltr'><strong>corruptores</strong></span> <span class='ocrx_word' id='word_1_104' title='bbox 1002 1577 1095 1629; x_wconf 75' lang='lat' dir='ltr'><strong>mendo</strong></span> 
     </span>
     <span class='ocr_line' id='line_1_12' title="bbox 58 1671 1096 1746; baseline -0.001 -16"><span class='ocrx_word' id='word_1_105' title='bbox 58 1691 110 1730; x_wconf 85' lang='lat' dir='ltr'><strong>sos</strong></span> <span class='ocrx_word' id='word_1_106' title='bbox 128 1677 211 1742; x_wconf 80' lang='lat' dir='ltr'><strong>estis,</strong></span> <span class='ocrx_word' id='word_1_107' title='bbox 241 1674 286 1746; x_wconf 82' lang='lat' dir='ltr'><strong>qni</strong></span> <span class='ocrx_word' id='word_1_108' title='bbox 304 1671 421 1728; x_wconf 89' lang='lat' dir='ltr'><strong>suadetis</strong></span> <span class='ocrx_word' id='word_1_109' title='bbox 438 1678 467 1726; x_wconf 92' lang='lat' dir='ltr'><strong>ut</strong></span> <span class='ocrx_word' id='word_1_110' title='bbox 483 1673 585 1727; x_wconf 83' lang='lat' dir='ltr'><strong>animae</strong></span> <span class='ocrx_word' id='word_1_111' title='bbox 604 1686 677 1726; x_wconf 90' lang='lat' dir='ltr'><strong>suum</strong></span> <span class='ocrx_word' id='word_1_112' title='bbox 695 1671 819 1729; x_wconf 74' lang='lat' dir='ltr'><strong>cocorant</strong></span> <span class='ocrx_word' id='word_1_113' title='bbox 835 1679 988 1729; x_wconf 81' lang='lat' dir='ltr'><strong>creatorem.</strong></span> <span class='ocrx_word' id='word_1_114' title='bbox 1031 1677 1096 1729; x_wconf 80' lang='lat' dir='ltr'><strong>cor·</strong></span> 
     </span>
     <span class='ocr_line' id='line_1_13' title="bbox 58 1772 1094 1848; baseline 0.001 -19"><span class='ocrx_word' id='word_1_115' title='bbox 58 1782 184 1846; x_wconf 87' lang='lat' dir='ltr'><strong>ruptores</strong></span> <span class='ocrx_word' id='word_1_116' title='bbox 202 1789 264 1828; x_wconf 82' lang='lat' dir='ltr'><strong>vern</strong></span> <span class='ocrx_word' id='word_1_117' title='bbox 281 1773 401 1842; x_wconf 85' lang='lat' dir='ltr'><strong>corporis</strong></span> <span class='ocrx_word' id='word_1_118' title='bbox 419 1778 494 1839; x_wconf 88' lang='lat' dir='ltr'><strong>sunt,</strong></span> <span class='ocrx_word' id='word_1_119' title='bbox 522 1774 567 1844; x_wconf 83' lang='lat' dir='ltr'><strong>qui</strong></span> <span class='ocrx_word' id='word_1_120' title='bbox 583 1775 747 1844; x_wconf 86' lang='lat' dir='ltr'><strong>eorpcraicm</strong></span> <span class='ocrx_word' id='word_1_121' title='bbox 765 1772 963 1830; x_wconf 86' lang='lat' dir='ltr'><strong>delectationen</strong></span> <span class='ocrx_word' id='word_1_122' title='bbox 981 1790 1094 1848; x_wconf 85' lang='lat' dir='ltr'><strong>praepo-</strong></span> 
     </span>
     <span class='ocr_line' id='line_1_14' title="bbox 58 1870 1095 1946; baseline 0.001 -16"><span class='ocrx_word' id='word_1_123' title='bbox 58 1883 126 1930; x_wconf 88' lang='lat' dir='ltr'><strong>nunt</strong></span> <span class='ocrx_word' id='word_1_124' title='bbox 143 1875 229 1946; x_wconf 86' lang='lat' dir='ltr'><strong>epuiis</strong></span> <span class='ocrx_word' id='word_1_125' title='bbox 244 1875 418 1944; x_wconf 85' lang='lat' dir='ltr'><strong>sempiternis.</strong></span> <span class='ocrx_word' id='word_1_126' title='bbox 452 1870 611 1930; x_wconf 85' lang='lat' dir='ltr'><strong>Paschasius</strong></span> <span class='ocrx_word' id='word_1_127' title='bbox 635 1873 716 1929; x_wconf 78' lang='lat' dir='ltr'><strong>dixit:</strong></span> <span class='ocrx_word' id='word_1_128' title='bbox 754 1872 895 1929; x_wconf 81' lang='lat' dir='ltr'><strong>cessabunt</strong></span> <span class='ocrx_word' id='word_1_129' title='bbox 916 1874 1014 1942; x_wconf 78' lang='lat' dir='ltr'><strong>verba,</strong></span> <span class='ocrx_word' id='word_1_130' title='bbox 1038 1891 1095 1931; x_wconf 90' lang='lat' dir='ltr'><strong>eum</strong></span> 
     </span>
     <span class='ocr_line' id='line_1_15' title="bbox 59 1971 1096 2047; baseline 0.002 -16"><span class='ocrx_word' id='word_1_131' title='bbox 59 1983 214 2047; x_wconf 79' lang='lat' dir='ltr'><strong>peruentum</strong></span> <span class='ocrx_word' id='word_1_132' title='bbox 232 1975 312 2028; x_wconf 85' lang='lat' dir='ltr'><strong>inerit</strong></span> <span class='ocrx_word' id='word_1_133' title='bbox 328 1971 363 2027; x_wconf 84' lang='lat' dir='ltr'><strong>ad</strong></span> <span class='ocrx_word' id='word_1_134' title='bbox 381 1971 500 2028; x_wconf 82' lang='lat' dir='ltr'><strong>verbera.</strong></span> <span class='ocrx_word' id='word_1_135' title='bbox 552 1973 600 2030; x_wconf 84' lang='lat' dir='ltr'><strong>Cui</strong></span> <span class='ocrx_word' id='word_1_136' title='bbox 617 1975 701 2030; x_wconf 84' lang='lat' dir='ltr'><strong>Lucia</strong></span> <span class='ocrx_word' id='word_1_137' title='bbox 719 1974 799 2029; x_wconf 78' lang='lat' dir='ltr'><strong>dixit:</strong></span> <span class='ocrx_word' id='word_1_138' title='bbox 823 1971 905 2029; x_wconf 81' lang='lat' dir='ltr'><strong>rerba</strong></span> <span class='ocrx_word' id='word_1_139' title='bbox 922 1973 969 2030; x_wconf 85' lang='lat' dir='ltr'><strong>Dei</strong></span> <span class='ocrx_word' id='word_1_140' title='bbox 989 1989 1096 2034; x_wconf 85' lang='lat' dir='ltr'><strong>cessare</strong></span> 
     </span>
     <span class='ocr_line' id='line_1_16' title="bbox 57 2069 1096 2147; baseline 0.001 -18"><span class='ocrx_word' id='word_1_141' title='bbox 57 2091 114 2130; x_wconf 86' lang='lat' dir='ltr'><strong>non</strong></span> <span class='ocrx_word' id='word_1_142' title='bbox 132 2081 249 2145; x_wconf 87' lang='lat' dir='ltr'><strong>possunt.</strong></span> <span class='ocrx_word' id='word_1_143' title='bbox 285 2073 333 2129; x_wconf 82' lang='lat' dir='ltr'><strong>Cui</strong></span> <span class='ocrx_word' id='word_1_144' title='bbox 351 2069 523 2128; x_wconf 71' lang='lat' dir='ltr'><strong>Paschasius:</strong></span> <span class='ocrx_word' id='word_1_145' title='bbox 542 2079 569 2128; x_wconf 94' lang='lat' dir='ltr'><strong>tu</strong></span> <span class='ocrx_word' id='word_1_146' title='bbox 586 2090 651 2147; x_wconf 79' lang='lat' dir='ltr'><strong>crgo</strong></span> <span class='ocrx_word' id='word_1_147' title='bbox 669 2073 740 2131; x_wconf 79' lang='lat' dir='ltr'><strong>Deus</strong></span> <span class='ocrx_word' id='word_1_148' title='bbox 758 2077 809 2132; x_wconf 77' lang='lat' dir='ltr'><strong>esi</strong></span> <span class='ocrx_word' id='word_1_149' title='bbox 842 2072 986 2146; x_wconf 77' lang='lat' dir='ltr'><strong>Respondit</strong></span> <span class='ocrx_word' id='word_1_150' title='bbox 998 2075 1096 2132; x_wconf 83' lang='lat' dir='ltr'><strong>Lucia:</strong></span> 
     </span>
     <span class='ocr_line' id='line_1_17' title="bbox 59 2169 1096 2248; baseline 0.002 -18"><span class='ocrx_word' id='word_1_151' title='bbox 59 2169 160 2230; x_wconf 76' lang='lat' dir='ltr'><strong>sucida</strong></span> <span class='ocrx_word' id='word_1_152' title='bbox 176 2173 223 2230; x_wconf 84' lang='lat' dir='ltr'><strong>Dei</strong></span> <span class='ocrx_word' id='word_1_153' title='bbox 243 2189 316 2242; x_wconf 91' lang='lat' dir='ltr'><strong>sum,</strong></span> <span class='ocrx_word' id='word_1_154' title='bbox 345 2174 390 2246; x_wconf 77' lang='lat' dir='ltr'><strong>uui</strong></span> <span class='ocrx_word' id='word_1_155' title='bbox 408 2172 487 2229; x_wconf 79' lang='lat' dir='ltr'><strong>disits</strong></span> <span class='ocrx_word' id='word_1_156' title='bbox 522 2185 577 2230; x_wconf 88' lang='lat' dir='ltr'><strong>cum</strong></span> <span class='ocrx_word' id='word_1_157' title='bbox 595 2177 721 2231; x_wconf 89' lang='lat' dir='ltr'><strong>steteritis</strong></span> <span class='ocrx_word' id='word_1_158' title='bbox 738 2182 800 2231; x_wconf 88' lang='lat' dir='ltr'><strong>ante</strong></span> <span class='ocrx_word' id='word_1_159' title='bbox 818 2189 896 2248; x_wconf 86' lang='lat' dir='ltr'><strong>reges</strong></span> <span class='ocrx_word' id='word_1_160' title='bbox 915 2181 942 2231; x_wconf 88' lang='lat' dir='ltr'><strong>et</strong></span> <span class='ocrx_word' id='word_1_161' title='bbox 957 2177 1096 2246; x_wconf 76' lang='lat' dir='ltr'><strong>praesides</strong></span> 
     </span>
     <span class='ocr_line' id='line_1_18' title="bbox 60 2263 1096 2349; baseline 0.003 -19"><span class='ocrx_word' id='word_1_162' title='bbox 60 2281 112 2331; x_wconf 87' lang='lat' dir='ltr'><strong>ete.</strong></span> <span class='ocrx_word' id='word_1_163' title='bbox 147 2273 206 2330; x_wconf 83' lang='lat' dir='ltr'><strong>Non</strong></span> <span class='ocrx_word' id='word_1_164' title='bbox 223 2276 290 2331; x_wconf 91' lang='lat' dir='ltr'><strong>enim</strong></span> <span class='ocrx_word' id='word_1_165' title='bbox 309 2289 356 2328; x_wconf 86' lang='lat' dir='ltr'><strong>ros</strong></span> <span class='ocrx_word' id='word_1_166' title='bbox 376 2275 440 2329; x_wconf 92' lang='lat' dir='ltr'><strong>estis</strong></span> <span class='ocrx_word' id='word_1_167' title='bbox 460 2279 509 2330; x_wconf 87' lang='lat' dir='ltr'><strong>etc.</strong></span> <span class='ocrx_word' id='word_1_168' title='bbox 540 2263 703 2331; x_wconf 66' lang='lat' dir='ltr'><strong>¹Paschasius</strong></span> <span class='ocrx_word' id='word_1_169' title='bbox 721 2274 801 2331; x_wconf 82' lang='lat' dir='ltr'><strong>dixit:</strong></span> <span class='ocrx_word' id='word_1_170' title='bbox 818 2278 845 2331; x_wconf 90' lang='lat' dir='ltr'><strong>in</strong></span> <span class='ocrx_word' id='word_1_171' title='bbox 861 2281 887 2331; x_wconf 90' lang='lat' dir='ltr'><strong>te</strong></span> <span class='ocrx_word' id='word_1_172' title='bbox 904 2291 970 2349; x_wconf 75' lang='lat' dir='ltr'><strong>ergo</strong></span> <span class='ocrx_word' id='word_1_173' title='bbox 987 2279 1096 2348; x_wconf 85' lang='lat' dir='ltr'><strong>spiritns</strong></span> 
     </span>
     <span class='ocr_line' id='line_1_19' title="bbox 59 2374 1096 2447; baseline 0.003 -17"><span class='ocrx_word' id='word_1_174' title='bbox 59 2382 169 2430; x_wconf 84' lang='lat' dir='ltr'><strong>saneim</strong></span> <span class='ocrx_word' id='word_1_175' title='bbox 187 2376 250 2432; x_wconf 76' lang='lat' dir='ltr'><strong>est?</strong></span> <span class='ocrx_word' id='word_1_176' title='bbox 284 2374 331 2430; x_wconf 83' lang='lat' dir='ltr'><strong>Cui</strong></span> <span class='ocrx_word' id='word_1_177' title='bbox 350 2374 448 2430; x_wconf 86' lang='lat' dir='ltr'><strong>Lucia:</strong></span> <span class='ocrx_word' id='word_1_178' title='bbox 466 2375 512 2447; x_wconf 83' lang='lat' dir='ltr'><strong>qui</strong></span> <span class='ocrx_word' id='word_1_179' title='bbox 530 2383 602 2431; x_wconf 91' lang='lat' dir='ltr'><strong>casto</strong></span> <span class='ocrx_word' id='word_1_180' title='bbox 621 2377 728 2443; x_wconf 79' lang='lat' dir='ltr'><strong>visunt,</strong></span> <span class='ocrx_word' id='word_1_181' title='bbox 745 2375 867 2447; x_wconf 81' lang='lat' dir='ltr'><strong>tempium</strong></span> <span class='ocrx_word' id='word_1_182' title='bbox 884 2378 993 2447; x_wconf 88' lang='lat' dir='ltr'><strong>spiritus</strong></span> <span class='ocrx_word' id='word_1_183' title='bbox 1012 2380 1096 2434; x_wconf 83' lang='lat' dir='ltr'><strong>sancti</strong></span> 
     </span>
     <span class='ocr_line' id='line_1_20' title="bbox 61 2473 1094 2548; baseline 0.002 -16"><span class='ocrx_word' id='word_1_184' title='bbox 61 2483 132 2532; x_wconf 87' lang='lat' dir='ltr'><strong>suni.</strong></span> <span class='ocrx_word' id='word_1_185' title='bbox 166 2475 215 2531; x_wconf 82' lang='lat' dir='ltr'><strong>Cui</strong></span> <span class='ocrx_word' id='word_1_186' title='bbox 231 2473 403 2530; x_wconf 83' lang='lat' dir='ltr'><strong>Pascirusins:</strong></span> <span class='ocrx_word' id='word_1_187' title='bbox 421 2491 472 2548; x_wconf 81' lang='lat' dir='ltr'><strong>ego</strong></span> <span class='ocrx_word' id='word_1_188' title='bbox 492 2474 584 2530; x_wconf 83' lang='lat' dir='ltr'><strong>inciam</strong></span> <span class='ocrx_word' id='word_1_189' title='bbox 601 2481 628 2532; x_wconf 92' lang='lat' dir='ltr'><strong>tc</strong></span> <span class='ocrx_word' id='word_1_190' title='bbox 646 2475 704 2530; x_wconf 84' lang='lat' dir='ltr'><strong>duci</strong></span> <span class='ocrx_word' id='word_1_191' title='bbox 721 2473 755 2530; x_wconf 82' lang='lat' dir='ltr'><strong>ed</strong></span> <span class='ocrx_word' id='word_1_192' title='bbox 772 2475 893 2547; x_wconf 78' lang='lat' dir='ltr'><strong>lupanar,</strong></span> <span class='ocrx_word' id='word_1_193' title='bbox 911 2483 940 2533; x_wconf 91' lang='lat' dir='ltr'><strong>ut</strong></span> <span class='ocrx_word' id='word_1_194' title='bbox 957 2477 995 2534; x_wconf 88' lang='lat' dir='ltr'><strong>ibi</strong></span> <span class='ocrx_word' id='word_1_195' title='bbox 1013 2479 1094 2535; x_wconf 76' lang='lat' dir='ltr'><strong>ricla</strong></span> 
     </span>
     <span class='ocr_line' id='line_1_21' title="bbox 60 2575 1093 2648; baseline 0.005 -18"><span class='ocrx_word' id='word_1_196' title='bbox 60 2579 158 2632; x_wconf 89' lang='lat' dir='ltr'><strong>tionem</strong></span> <span class='ocrx_word' id='word_1_197' title='bbox 177 2577 291 2647; x_wconf 85' lang='lat' dir='ltr'><strong>accipias</strong></span> <span class='ocrx_word' id='word_1_198' title='bbox 310 2583 337 2631; x_wconf 90' lang='lat' dir='ltr'><strong>ct</strong></span> <span class='ocrx_word' id='word_1_199' title='bbox 355 2578 473 2646; x_wconf 83' lang='lat' dir='ltr'><strong>spiritum</strong></span> <span class='ocrx_word' id='word_1_200' title='bbox 490 2583 607 2631; x_wconf 71' lang='lat' dir='ltr'><strong>auridum</strong></span> <span class='ocrx_word' id='word_1_201' title='bbox 627 2575 731 2648; x_wconf 82' lang='lat' dir='ltr'><strong>perdas.</strong></span> <span class='ocrx_word' id='word_1_202' title='bbox 783 2575 830 2632; x_wconf 85' lang='lat' dir='ltr'><strong>Cui</strong></span> <span class='ocrx_word' id='word_1_203' title='bbox 854 2577 954 2634; x_wconf 86' lang='lat' dir='ltr'><strong>Lucia:</strong></span> <span class='ocrx_word' id='word_1_204' title='bbox 984 2595 1037 2634; x_wconf 89' lang='grc' dir='ltr'><strong>ιιοιι</strong></span> <span class='ocrx_word' id='word_1_205' title='bbox 1055 2581 1093 2635; x_wconf 85' lang='grc' dir='ltr'><strong>Ιιι-</strong></span> 
     </span>
     <span class='ocr_line' id='line_1_22' title="bbox 61 2677 1096 2748; baseline 0.007 -19"><span class='ocrx_word' id='word_1_206' title='bbox 61 2679 188 2748; x_wconf 79' lang='lat' dir='ltr'><strong>quinctus</strong></span> <span class='ocrx_word' id='word_1_207' title='bbox 203 2691 299 2747; x_wconf 89' lang='lat' dir='ltr'><strong>corpus</strong></span> <span class='ocrx_word' id='word_1_208' title='bbox 316 2677 367 2732; x_wconf 89' lang='lat' dir='ltr'><strong>nisi</strong></span> <span class='ocrx_word' id='word_1_209' title='bbox 385 2677 417 2732; x_wconf 85' lang='lat' dir='ltr'><strong>de</strong></span> <span class='ocrx_word' id='word_1_210' title='bbox 434 2693 562 2733; x_wconf 85' lang='lat' dir='ltr'><strong>consensu</strong></span> <span class='ocrx_word' id='word_1_211' title='bbox 580 2679 684 2743; x_wconf 83' lang='lat' dir='ltr'><strong>meritis,</strong></span> <span class='ocrx_word' id='word_1_212' title='bbox 701 2689 761 2729; x_wconf 83' lang='lat' dir='ltr'><strong>itanu</strong></span> <span class='ocrx_word' id='word_1_213' title='bbox 778 2677 802 2730; x_wconf 93' lang='lat' dir='ltr'><strong>si</strong></span> <span class='ocrx_word' id='word_1_214' title='bbox 819 2691 860 2734; x_wconf 91' lang='lat' dir='ltr'><strong>me</strong></span> <span class='ocrx_word' id='word_1_215' title='bbox 876 2679 984 2734; x_wconf 87' lang='lat' dir='ltr'><strong>inritam</strong></span> <span class='ocrx_word' id='word_1_216' title='bbox 1000 2679 1096 2736; x_wconf 78' lang='lat' dir='ltr'><strong>uiolari</strong></span> 
     </span>
     <span class='ocr_line' id='line_1_23' title="bbox 61 2774 1140 2850; baseline 0.006 -19"><span class='ocrx_word' id='word_1_217' title='bbox 61 2777 169 2842; x_wconf 76' lang='lat' dir='ltr'><strong>icteris,</strong></span> <span class='ocrx_word' id='word_1_218' title='bbox 186 2779 295 2832; x_wconf 83' lang='lat' dir='ltr'><strong>castitas</strong></span> <span class='ocrx_word' id='word_1_219' title='bbox 312 2775 374 2832; x_wconf 88' lang='lat' dir='ltr'><strong>mihi</strong></span> <span class='ocrx_word' id='word_1_220' title='bbox 392 2775 569 2848; x_wconf 84' lang='lat' dir='ltr'><strong>dupiicabitnr</strong></span> <span class='ocrx_word' id='word_1_221' title='bbox 586 2775 620 2832; x_wconf 86' lang='lat' dir='ltr'><strong>ad</strong></span> <span class='ocrx_word' id='word_1_222' title='bbox 636 2790 767 2831; x_wconf 86' lang='lat' dir='ltr'><strong>coronam.</strong></span> <span class='ocrx_word' id='word_1_223' title='bbox 790 2774 927 2850; x_wconf 82' lang='lat' dir='ltr'><strong>Nunquam</strong></span> <span class='ocrx_word' id='word_1_224' title='bbox 944 2786 1030 2836; x_wconf 84' lang='lat' dir='ltr'><strong>cutem</strong></span> <span class='ocrx_word' id='word_1_225' title='bbox 1048 2798 1096 2837; x_wconf 86' lang='lat' dir='ltr'><strong>sc·</strong></span> <span class='ocrx_word' id='word_1_226' title='bbox 1136 2779 1140 2788; x_wconf 88' lang='lat'>&#39;</span> 
     </span>
     <span class='ocr_line' id='line_1_24' title="bbox 60 2875 1096 2952; baseline 0.007 -21"><span class='ocrx_word' id='word_1_227' title='bbox 60 2877 187 2932; x_wconf 86' lang='lat' dir='ltr'><strong>iuutatem</strong></span> <span class='ocrx_word' id='word_1_228' title='bbox 205 2893 288 2935; x_wconf 87' lang='lat' dir='ltr'><strong>means</strong></span> <span class='ocrx_word' id='word_1_229' title='bbox 306 2875 340 2932; x_wconf 84' lang='lat' dir='ltr'><strong>sd</strong></span> <span class='ocrx_word' id='word_1_230' title='bbox 357 2891 511 2933; x_wconf 85' lang='lat' dir='ltr'><strong>consensum</strong></span> <span class='ocrx_word' id='word_1_231' title='bbox 528 2877 628 2949; x_wconf 90' lang='lat' dir='ltr'><strong>poteris</strong></span> <span class='ocrx_word' id='word_1_232' title='bbox 646 2890 801 2947; x_wconf 81' lang='lat' dir='ltr'><strong>provocare.</strong></span> <span class='ocrx_word' id='word_1_233' title='bbox 832 2875 1096 2952; x_wconf 82' lang='lat' dir='ltr'><strong>Eccecorpusmoum</strong></span> 
     </span>
     <span class='ocr_line' id='line_1_25' title="bbox 62 2973 1097 3053; baseline 0.004 -21"><span class='ocrx_word' id='word_1_234' title='bbox 62 2977 98 3032; x_wconf 85' lang='lat' dir='ltr'><strong>ad</strong></span> <span class='ocrx_word' id='word_1_235' title='bbox 119 2992 194 3032; x_wconf 81' lang='lat' dir='ltr'><strong>omnm</strong></span> <span class='ocrx_word' id='word_1_236' title='bbox 211 2977 365 3048; x_wconf 86' lang='lat' dir='ltr'><strong>supplicium</strong></span> <span class='ocrx_word' id='word_1_237' title='bbox 385 2984 426 3033; x_wconf 90' lang='lat' dir='ltr'><strong>est</strong></span> <span class='ocrx_word' id='word_1_238' title='bbox 443 2984 571 3049; x_wconf 85' lang='lat' dir='ltr'><strong>paratum.</strong></span> <span class='ocrx_word' id='word_1_239' title='bbox 624 2973 691 3040; x_wconf 82' lang='lat' dir='ltr'><strong>Quid</strong></span> <span class='ocrx_word' id='word_1_240' title='bbox 708 2977 840 3034; x_wconf 73' lang='lat' dir='ltr'><strong>moraris?</strong></span> <span class='ocrx_word' id='word_1_241' title='bbox 874 2976 961 3051; x_wconf 80' lang='lat' dir='ltr'><strong>Incipe</strong></span> <span class='ocrx_word' id='word_1_242' title='bbox 978 2980 1014 3036; x_wconf 82' lang='lat' dir='ltr'><strong>iii</strong></span> <span class='ocrx_word' id='word_1_243' title='bbox 1031 2981 1097 3053; x_wconf 75' lang='lat' dir='ltr'><strong>dpa-</strong></span> 
     </span>
     <span class='ocr_line' id='line_1_26' title="bbox 62 3075 1096 3150; baseline 0.006 -17"><span class='ocrx_word' id='word_1_244' title='bbox 62 3078 118 3133; x_wconf 86' lang='lat' dir='ltr'><strong>boii</strong></span> <span class='ocrx_word' id='word_1_245' title='bbox 138 3075 272 3133; x_wconf 86' lang='lat' dir='ltr'><strong>desideria</strong></span> <span class='ocrx_word' id='word_1_246' title='bbox 288 3093 430 3150; x_wconf 87' lang='lat' dir='ltr'><strong>poenarum</strong></span> <span class='ocrx_word' id='word_1_247' title='bbox 447 3084 549 3132; x_wconf 87' lang='lat' dir='ltr'><strong>tuarum</strong></span> <span class='ocrx_word' id='word_1_248' title='bbox 566 3091 699 3132; x_wconf 79' lang='lat' dir='ltr'><strong>exercerc.</strong></span> <span class='ocrx_word' id='word_1_249' title='bbox 751 3076 824 3132; x_wconf 88' lang='lat' dir='ltr'><strong>Tunc</strong></span> <span class='ocrx_word' id='word_1_250' title='bbox 848 3077 1005 3137; x_wconf 83' lang='lat' dir='ltr'><strong>Paschasius</strong></span> <span class='ocrx_word' id='word_1_251' title='bbox 1021 3081 1096 3138; x_wconf 84' lang='lat' dir='ltr'><strong>inno-</strong></span> 
     </span>
     <span class='ocr_line' id='line_1_27' title="bbox 61 3175 1097 3258; baseline 0.006 -25"><span class='ocrx_word' id='word_1_252' title='bbox 61 3193 111 3233; x_wconf 90' lang='lat' dir='ltr'><strong>nes</strong></span> <span class='ocrx_word' id='word_1_253' title='bbox 130 3177 191 3233; x_wconf 85' lang='lat' dir='ltr'><strong>iccit</strong></span> <span class='ocrx_word' id='word_1_254' title='bbox 210 3181 315 3258; x_wconf 81' lang='lat' dir='ltr'><strong>uenire,</strong></span> <span class='ocrx_word' id='word_1_255' title='bbox 351 3179 440 3234; x_wconf 86' lang='lat' dir='ltr'><strong>diceus</strong></span> <span class='ocrx_word' id='word_1_256' title='bbox 456 3181 505 3233; x_wconf 84' lang='lat' dir='ltr'><strong>iis:</strong></span> <span class='ocrx_word' id='word_1_257' title='bbox 541 3179 650 3232; x_wconf 82' lang='lat' dir='ltr'><strong>invitate</strong></span> <span class='ocrx_word' id='word_1_258' title='bbox 673 3175 713 3232; x_wconf 80' lang='lat' dir='ltr'><strong>ad</strong></span> <span class='ocrx_word' id='word_1_259' title='bbox 731 3193 788 3234; x_wconf 88' lang='lat' dir='ltr'><strong>earu</strong></span> <span class='ocrx_word' id='word_1_260' title='bbox 813 3193 912 3232; x_wconf 89' lang='lat' dir='ltr'><strong>omnem</strong></span> <span class='ocrx_word' id='word_1_261' title='bbox 929 3182 1052 3252; x_wconf 87' lang='lat' dir='ltr'><strong>popuiuns</strong></span> <span class='ocrx_word' id='word_1_262' title='bbox 1070 3190 1097 3239; x_wconf 92' lang='lat' dir='ltr'><strong>et</strong></span> 
     </span>
     <span class='ocr_line' id='line_1_28' title="bbox 60 3276 1094 3348; baseline 0.006 -16"><span class='ocrx_word' id='word_1_263' title='bbox 60 3277 161 3334; x_wconf 86' lang='lat' dir='ltr'><strong>tamdiu</strong></span> <span class='ocrx_word' id='word_1_264' title='bbox 179 3279 313 3348; x_wconf 60' lang='lat' dir='ltr'><strong>iiiudatun</strong></span> <span class='ocrx_word' id='word_1_265' title='bbox 329 3281 412 3335; x_wconf 88' lang='lat' dir='ltr'><strong>donec</strong></span> <span class='ocrx_word' id='word_1_266' title='bbox 430 3287 531 3334; x_wconf 75' lang='lat' dir='ltr'><strong>monna</strong></span> <span class='ocrx_word' id='word_1_267' title='bbox 547 3280 686 3333; x_wconf 81' lang='lat' dir='ltr'><strong>nuntietur.</strong></span> <span class='ocrx_word' id='word_1_268' title='bbox 723 3276 845 3336; x_wconf 83' lang='lat' dir='ltr'><strong>Veientes</strong></span> <span class='ocrx_word' id='word_1_269' title='bbox 862 3285 949 3333; x_wconf 85' lang='lat' dir='ltr'><strong>autem</strong></span> <span class='ocrx_word' id='word_1_270' title='bbox 968 3295 1023 3336; x_wconf 89' lang='lat' dir='ltr'><strong>eam</strong></span> <span class='ocrx_word' id='word_1_271' title='bbox 1041 3289 1094 3338; x_wconf 83' lang='lat' dir='ltr'><strong>tra-</strong></span> 
     </span>
     <span class='ocr_line' id='line_1_29' title="bbox 61 3367 1093 3452; baseline 0.003 -18"><span class='ocrx_word' id='word_1_272' title='bbox 61 3379 138 3447; x_wconf 81' lang='lat' dir='ltr'><strong>herc,</strong></span> <span class='ocrx_word' id='word_1_273' title='bbox 154 3385 228 3434; x_wconf 83' lang='lat' dir='ltr'><strong>tanto</strong></span> <span class='ocrx_word' id='word_1_274' title='bbox 243 3380 359 3450; x_wconf 88' lang='lat' dir='ltr'><strong>pondere</strong></span> <span class='ocrx_word' id='word_1_275' title='bbox 378 3382 484 3452; x_wconf 87' lang='lat' dir='ltr'><strong>spiritus</strong></span> <span class='ocrx_word' id='word_1_276' title='bbox 504 3384 611 3433; x_wconf 80' lang='lat' dir='ltr'><strong>sanctus</strong></span> <span class='ocrx_word' id='word_1_277' title='bbox 629 3393 687 3434; x_wconf 84' lang='lat' dir='ltr'><strong>eum</strong></span> <span class='ocrx_word' id='word_1_278' title='bbox 705 3377 777 3446; x_wconf 80' lang='lat' dir='ltr'><strong>isit,</strong></span> <span class='ocrx_word' id='word_1_279' title='bbox 798 3384 825 3432; x_wconf 88' lang='lat' dir='ltr'><strong>ni</strong></span> <span class='ocrx_word' id='word_1_280' title='bbox 842 3367 946 3434; x_wconf 85' lang='lat' dir='ltr'><strong>omnino</strong></span> <span class='ocrx_word' id='word_1_281' title='bbox 965 3395 1022 3436; x_wconf 85' lang='lat' dir='ltr'><strong>eam</strong></span> <span class='ocrx_word' id='word_1_282' title='bbox 1041 3399 1093 3438; x_wconf 87' lang='lat' dir='ltr'><strong>mo-</strong></span> 
     </span>
     <span class='ocr_line' id='line_1_30' title="bbox 63 3477 1096 3552; baseline 0.005 -18"><span class='ocrx_word' id='word_1_283' title='bbox 63 3488 126 3536; x_wconf 83' lang='lat' dir='ltr'><strong>rere</strong></span> <span class='ocrx_word' id='word_1_284' title='bbox 143 3481 288 3552; x_wconf 79' lang='lat' dir='ltr'><strong>nequirent.</strong></span> <span class='ocrx_word' id='word_1_285' title='bbox 324 3477 447 3551; x_wconf 83' lang='lat' dir='ltr'><strong>Fecitqne</strong></span> <span class='ocrx_word' id='word_1_286' title='bbox 465 3477 718 3534; x_wconf 63' lang='lat' dir='ltr'><strong>paccinianum</strong></span> <span class='ocrx_word' id='word_1_287' title='bbox 730 3480 800 3533; x_wconf 84' lang='lat' dir='ltr'><strong>viros</strong></span> <span class='ocrx_word' id='word_1_288' title='bbox 818 3479 944 3537; x_wconf 83' lang='lat' dir='ltr'><strong>accedere</strong></span> <span class='ocrx_word' id='word_1_289' title='bbox 963 3485 989 3536; x_wconf 88' lang='lat' dir='ltr'><strong>et</strong></span> <span class='ocrx_word' id='word_1_290' title='bbox 1006 3495 1096 3539; x_wconf 85' lang='lat' dir='ltr'><strong>manus</strong></span> 
     </span>
     <span class='ocr_line' id='line_1_31' title="bbox 62 3578 1098 3654; baseline 0.002 -18"><span class='ocrx_word' id='word_1_291' title='bbox 62 3581 123 3652; x_wconf 86' lang='lat' dir='ltr'><strong>ejus</strong></span> <span class='ocrx_word' id='word_1_292' title='bbox 143 3587 170 3636; x_wconf 92' lang='lat' dir='ltr'><strong>et</strong></span> <span class='ocrx_word' id='word_1_293' title='bbox 188 3578 269 3652; x_wconf 89' lang='lat' dir='ltr'><strong>podes</strong></span> <span class='ocrx_word' id='word_1_294' title='bbox 286 3579 382 3654; x_wconf 79' lang='lat' dir='ltr'><strong>ligare,</strong></span> <span class='ocrx_word' id='word_1_295' title='bbox 401 3579 449 3636; x_wconf 88' lang='lat' dir='ltr'><strong>sed</strong></span> <span class='ocrx_word' id='word_1_296' title='bbox 462 3587 524 3637; x_wconf 83' lang='lat' dir='ltr'><strong>&#39;eam</strong></span> <span class='ocrx_word' id='word_1_297' title='bbox 543 3579 692 3635; x_wconf 83' lang='lat' dir='ltr'><strong>nuliatenus</strong></span> <span class='ocrx_word' id='word_1_298' title='bbox 710 3583 833 3650; x_wconf 84' lang='lat' dir='ltr'><strong>poterant</strong></span> <span class='ocrx_word' id='word_1_299' title='bbox 849 3597 967 3650; x_wconf 80' lang='lat' dir='ltr'><strong>mosero3</strong></span> <span class='ocrx_word' id='word_1_300' title='bbox 992 3588 1054 3638; x_wconf 90' lang='lat' dir='ltr'><strong>tunc</strong></span> <span class='ocrx_word' id='word_1_301' title='bbox 1071 3589 1098 3640; x_wconf 92' lang='lat' dir='ltr'><strong>et</strong></span> 
     </span>
     <span class='ocr_line' id='line_1_32' title="bbox 61 3678 1096 3754; baseline 0.003 -19"><span class='ocrx_word' id='word_1_302' title='bbox 61 3697 120 3737; x_wconf 89' lang='lat' dir='ltr'><strong>euru</strong></span> <span class='ocrx_word' id='word_1_303' title='bbox 139 3683 202 3736; x_wconf 77' lang='lat' dir='ltr'><strong>siris</strong></span> <span class='ocrx_word' id='word_1_304' title='bbox 218 3680 289 3737; x_wconf 82' lang='lat' dir='ltr'><strong>mille</strong></span> <span class='ocrx_word' id='word_1_305' title='bbox 307 3683 382 3751; x_wconf 82' lang='lat' dir='ltr'><strong>paria</strong></span> <span class='ocrx_word' id='word_1_306' title='bbox 400 3679 476 3734; x_wconf 87' lang='lat' dir='ltr'><strong>boum</strong></span> <span class='ocrx_word' id='word_1_307' title='bbox 493 3679 629 3748; x_wconf 81' lang='lat' dir='ltr'><strong>adhibuit,</strong></span> <span class='ocrx_word' id='word_1_308' title='bbox 664 3678 711 3736; x_wconf 82' lang='lat' dir='ltr'><strong>sed</strong></span> <span class='ocrx_word' id='word_1_309' title='bbox 734 3685 819 3736; x_wconf 87' lang='lat' dir='ltr'><strong>tamen</strong></span> <span class='ocrx_word' id='word_1_310' title='bbox 844 3681 920 3754; x_wconf 73' lang='lat' dir='ltr'><strong>uirgo</strong></span> <span class='ocrx_word' id='word_1_311' title='bbox 938 3681 1034 3738; x_wconf 88' lang='lat' dir='ltr'><strong>domiui</strong></span> <span class='ocrx_word' id='word_1_312' title='bbox 1049 3683 1096 3738; x_wconf 83' lang='lat' dir='ltr'><strong>iru-</strong></span> 
     </span>
     <span class='ocr_line' id='line_1_33' title="bbox 61 3780 1097 3854; baseline 0.003 -18"><span class='ocrx_word' id='word_1_313' title='bbox 61 3780 168 3836; x_wconf 85' lang='lat' dir='ltr'><strong>mnbiiis</strong></span> <span class='ocrx_word' id='word_1_314' title='bbox 192 3785 342 3851; x_wconf 77' lang='lat' dir='ltr'><strong>permansit</strong></span> <span class='ocrx_word' id='word_1_315' title='bbox 397 3781 504 3837; x_wconf 68' lang='lat' dir='ltr'><strong>i&#39;ucatis</strong></span> <span class='ocrx_word' id='word_1_316' title='bbox 522 3788 608 3837; x_wconf 90' lang='lat' dir='ltr'><strong>autem</strong></span> <span class='ocrx_word' id='word_1_317' title='bbox 629 3783 728 3854; x_wconf 79' lang='lat' dir='ltr'><strong>magis,</strong></span> <span class='ocrx_word' id='word_1_318' title='bbox 757 3786 786 3836; x_wconf 89' lang='lat' dir='ltr'><strong>ut</strong></span> <span class='ocrx_word' id='word_1_319' title='bbox 802 3782 859 3836; x_wconf 91' lang='lat' dir='ltr'><strong>suis</strong></span> <span class='ocrx_word' id='word_1_320' title='bbox 877 3781 1097 3840; x_wconf 73' lang='lat' dir='ltr'><strong>incusationibus</strong></span> 
     </span>
     <span class='ocr_line' id='line_1_34' title="bbox 60 3880 1096 3955; baseline 0.003 -19"><span class='ocrx_word' id='word_1_321' title='bbox 60 3887 222 3949; x_wconf 70' lang='lat' dir='ltr'><strong>morentur,</strong></span> <span class='ocrx_word' id='word_1_322' title='bbox 241 3883 344 3935; x_wconf 83' lang='lat' dir='ltr'><strong>nmsriuo</strong></span> <span class='ocrx_word' id='word_1_323' title='bbox 363 3884 458 3938; x_wconf 85' lang='lat' dir='ltr'><strong>moveri</strong></span> <span class='ocrx_word' id='word_1_324' title='bbox 478 3897 530 3936; x_wconf 92' lang='grc' dir='ltr'><strong>ιιοιι</strong></span> <span class='ocrx_word' id='word_1_325' title='bbox 547 3883 640 3953; x_wconf 89' lang='lat' dir='ltr'><strong>potuit.</strong></span> <span class='ocrx_word' id='word_1_326' title='bbox 665 3880 739 3936; x_wconf 84' lang='lat' dir='ltr'><strong>Tunc</strong></span> <span class='ocrx_word' id='word_1_327' title='bbox 757 3880 824 3935; x_wconf 79' lang='lat' dir='ltr'><strong>dixit</strong></span> <span class='ocrx_word' id='word_1_328' title='bbox 840 3880 1010 3939; x_wconf 81' lang='lat' dir='ltr'><strong>Pescirasins:</strong></span> <span class='ocrx_word' id='word_1_329' title='bbox 1028 3899 1096 3955; x_wconf 84' lang='lat' dir='ltr'><strong>qnae</strong></span> 
     </span>
     <span class='ocr_line' id='line_1_35' title="bbox 61 3979 1097 4054; baseline 0.003 -17"><span class='ocrx_word' id='word_1_330' title='bbox 61 3989 124 4037; x_wconf 85' lang='lat' dir='ltr'><strong>sunt</strong></span> <span class='ocrx_word' id='word_1_331' title='bbox 149 3982 195 4036; x_wconf 82' lang='lat' dir='ltr'><strong>iiia</strong></span> <span class='ocrx_word' id='word_1_332' title='bbox 219 3981 359 4048; x_wconf 79' lang='lat' dir='ltr'><strong>maleficia,</strong></span> <span class='ocrx_word' id='word_1_333' title='bbox 396 3981 465 4054; x_wconf 83' lang='lat' dir='ltr'><strong>quod</strong></span> <span class='ocrx_word' id='word_1_334' title='bbox 485 3997 536 4037; x_wconf 88' lang='lat' dir='ltr'><strong>nna</strong></span> <span class='ocrx_word' id='word_1_335' title='bbox 552 3982 639 4053; x_wconf 83' lang='lat' dir='ltr'><strong>pneile</strong></span> <span class='ocrx_word' id='word_1_336' title='bbox 655 3995 673 4036; x_wconf 85' lang='lat' dir='ltr'><strong>a</strong></span> <span class='ocrx_word' id='word_1_337' title='bbox 690 3979 760 4036; x_wconf 87' lang='lat' dir='ltr'><strong>miiie</strong></span> <span class='ocrx_word' id='word_1_338' title='bbox 778 3983 844 4036; x_wconf 80' lang='lat' dir='ltr'><strong>siris</strong></span> <span class='ocrx_word' id='word_1_339' title='bbox 861 3997 912 4036; x_wconf 91' lang='lat' dir='ltr'><strong>nnn</strong></span> <span class='ocrx_word' id='word_1_340' title='bbox 930 3986 1097 4040; x_wconf 76' lang='lat' dir='ltr'><strong>moreretur?</strong></span> 
     </span>
     <span class='ocr_line' id='line_1_36' title="bbox 62 4079 1096 4148; baseline 0 -10"><span class='ocrx_word' id='word_1_341' title='bbox 62 4081 243 4138; x_wconf 82' lang='lat' dir='ltr'><strong>Luciadiuit:</strong></span> <span class='ocrx_word' id='word_1_342' title='bbox 279 4098 331 4136; x_wconf 86' lang='lat' dir='ltr'><strong>non</strong></span> <span class='ocrx_word' id='word_1_343' title='bbox 347 4087 407 4136; x_wconf 87' lang='lat' dir='ltr'><strong>sunt</strong></span> <span class='ocrx_word' id='word_1_344' title='bbox 426 4083 479 4137; x_wconf 88' lang='lat' dir='ltr'><strong>ista</strong></span> <span class='ocrx_word' id='word_1_345' title='bbox 496 4081 640 4148; x_wconf 79' lang='lat' dir='ltr'><strong>maleficia,</strong></span> <span class='ocrx_word' id='word_1_346' title='bbox 665 4081 712 4136; x_wconf 81' lang='lat' dir='ltr'><strong>sed</strong></span> <span class='ocrx_word' id='word_1_347' title='bbox 730 4080 857 4136; x_wconf 79' lang='lat' dir='ltr'><strong>beneficia</strong></span> <span class='ocrx_word' id='word_1_348' title='bbox 874 4079 980 4137; x_wconf 77' lang='lat' dir='ltr'><strong>cuncti.</strong></span> <span class='ocrx_word' id='word_1_349' title='bbox 1015 4080 1096 4138; x_wconf 84' lang='lat' dir='ltr'><strong>Pcrrn</strong></span> 
     </span>
     <span class='ocr_line' id='line_1_37' title="bbox 61 4180 1097 4254; baseline 0 -17"><span class='ocrx_word' id='word_1_350' title='bbox 61 4185 85 4237; x_wconf 90' lang='lat' dir='ltr'><strong>si</strong></span> <span class='ocrx_word' id='word_1_351' title='bbox 104 4181 189 4238; x_wconf 81' lang='lat' dir='ltr'><strong>adhuc</strong></span> <span class='ocrx_word' id='word_1_352' title='bbox 208 4182 295 4237; x_wconf 79' lang='lat' dir='ltr'><strong>decenn</strong></span> <span class='ocrx_word' id='word_1_353' title='bbox 313 4182 395 4237; x_wconf 89' lang='lat' dir='ltr'><strong>miliia</strong></span> <span class='ocrx_word' id='word_1_354' title='bbox 412 4180 581 4248; x_wconf 79' lang='lat' dir='ltr'><strong>adhibueris,</strong></span> <span class='ocrx_word' id='word_1_355' title='bbox 611 4195 695 4254; x_wconf 79' lang='lat' dir='ltr'><strong>neque</strong></span> <span class='ocrx_word' id='word_1_356' title='bbox 715 4186 742 4236; x_wconf 87' lang='lat' dir='ltr'><strong>nt</strong></span> <span class='ocrx_word' id='word_1_357' title='bbox 759 4181 867 4250; x_wconf 86' lang='lat' dir='ltr'><strong>primum</strong></span> <span class='ocrx_word' id='word_1_358' title='bbox 884 4180 1040 4236; x_wconf 84' lang='lat' dir='ltr'><strong>immobilem</strong></span> <span class='ocrx_word' id='word_1_359' title='bbox 1057 4199 1097 4238; x_wconf 90' lang='lat' dir='ltr'><strong>me</strong></span> 
     </span>
     <span class='ocr_line' id='line_1_38' title="bbox 62 4279 1096 4354; baseline 0.002 -20"><span class='ocrx_word' id='word_1_360' title='bbox 62 4281 174 4338; x_wconf 80' lang='lat' dir='ltr'><strong>ridebis.</strong></span> <span class='ocrx_word' id='word_1_361' title='bbox 225 4279 324 4338; x_wconf 81' lang='lat' dir='ltr'><strong>Putant</strong></span> <span class='ocrx_word' id='word_1_362' title='bbox 349 4299 412 4338; x_wconf 83' lang='lat' dir='ltr'><strong>tero</strong></span> <span class='ocrx_word' id='word_1_363' title='bbox 435 4279 593 4338; x_wconf 72' lang='lat' dir='ltr'><strong>Pussdtusius</strong></span> <span class='ocrx_word' id='word_1_364' title='bbox 620 4281 759 4337; x_wconf 83' lang='lat' dir='ltr'><strong>secuudum</strong></span> <span class='ocrx_word' id='word_1_365' title='bbox 778 4281 945 4352; x_wconf 79' lang='lat' dir='ltr'><strong>quiorumdsm</strong></span> <span class='ocrx_word' id='word_1_366' title='bbox 965 4281 1096 4354; x_wconf 78' lang='lat' dir='ltr'><strong>figmenta,</strong></span> 
     </span>
     <span class='ocr_line' id='line_1_39' title="bbox 62 4381 1096 4455; baseline -0.001 -17"><span class='ocrx_word' id='word_1_367' title='bbox 62 4382 133 4454; x_wconf 79' lang='lat' dir='ltr'><strong>pund</strong></span> <span class='ocrx_word' id='word_1_368' title='bbox 155 4383 218 4437; x_wconf 89' lang='lat' dir='ltr'><strong>intio</strong></span> <span class='ocrx_word' id='word_1_369' title='bbox 239 4383 393 4455; x_wconf 79' lang='lat' dir='ltr'><strong>fugarentur</strong></span> <span class='ocrx_word' id='word_1_370' title='bbox 411 4381 555 4448; x_wconf 80' lang='lat' dir='ltr'><strong>maleficia,</strong></span> <span class='ocrx_word' id='word_1_371' title='bbox 569 4382 651 4454; x_wconf 89' lang='lat' dir='ltr'><strong>jussit</strong></span> <span class='ocrx_word' id='word_1_372' title='bbox 670 4397 727 4437; x_wconf 83' lang='lat' dir='ltr'><strong>cam</strong></span> <span class='ocrx_word' id='word_1_373' title='bbox 745 4381 810 4435; x_wconf 87' lang='lat' dir='ltr'><strong>intio</strong></span> <span class='ocrx_word' id='word_1_374' title='bbox 830 4381 966 4450; x_wconf 77' lang='lat' dir='ltr'><strong>potiundi,</strong></span> <span class='ocrx_word' id='word_1_375' title='bbox 988 4397 1096 4453; x_wconf 82' lang='lat' dir='ltr'><strong>cumque</strong></span> 
     </span>
     <span class='ocr_line' id='line_1_40' title="bbox 63 4483 1095 4556; baseline -0.001 -18"><span class='ocrx_word' id='word_1_376' title='bbox 63 4500 111 4540; x_wconf 83' lang='lat' dir='ltr'><strong>nce</strong></span> <span class='ocrx_word' id='word_1_377' title='bbox 125 4487 164 4540; x_wconf 87' lang='lat' dir='ltr'><strong>sic</strong></span> <span class='ocrx_word' id='word_1_378' title='bbox 183 4485 281 4541; x_wconf 79' lang='lat' dir='ltr'><strong>moseri</strong></span> <span class='ocrx_word' id='word_1_379' title='bbox 299 4491 399 4555; x_wconf 79' lang='lat' dir='ltr'><strong>posset,</strong></span> <span class='ocrx_word' id='word_1_380' title='bbox 418 4484 585 4556; x_wconf 82' lang='lat' dir='ltr'><strong>angustiatus</strong></span> <span class='ocrx_word' id='word_1_381' title='bbox 602 4484 677 4538; x_wconf 85' lang='lat' dir='ltr'><strong>nimis</strong></span> <span class='ocrx_word' id='word_1_382' title='bbox 695 4483 828 4554; x_wconf 86' lang='lat' dir='ltr'><strong>copiosum</strong></span> <span class='ocrx_word' id='word_1_383' title='bbox 848 4483 933 4556; x_wconf 83' lang='lat' dir='ltr'><strong>ignem</strong></span> <span class='ocrx_word' id='word_1_384' title='bbox 951 4483 1020 4540; x_wconf 80' lang='lat' dir='ltr'><strong>cirta</strong></span> <span class='ocrx_word' id='word_1_385' title='bbox 1039 4496 1095 4538; x_wconf 84' lang='lat' dir='ltr'><strong>eam</strong></span> 
     </span>
    </p>
   </div>
   <div class='ocr_carea' id='block_1_3' title="bbox 0 0 1412 5302">
    <p class='ocr_par' dir='ltr' id='par_1_3' title="bbox 0 0 1412 5302">
     <span class='ocr_line' id='line_1_41' title="bbox 0 0 1412 5302; baseline 0 0"><span class='ocrx_word' id='word_1_386' title='bbox 0 0 1412 5302; x_wconf 95' lang='lat' dir='ltr'><strong> </strong></span> 
     </span>
    </p>
   </div>
  </div>
 </body>
</html>
