2866 5310
215 486 286 566 Cep.
307 486 477 546 LllliliVll.
526 487 570 548 De
591 484 696 546 eunetis
716 483 846 546 lobunno
867 495 895 546 et
915 483 1016 544 l'sulo.
1046 481 1129 564 Δ365

100 645 166 704 duss
184 645 252 702 ilius
270 662 346 712 snae,
370 660 437 718 ques
457 661 490 701 en
508 663 589 704 uxore
607 644 732 704 ieiunets
749 631 911 718 susceperat,
927 644 994 700 idern
1014 643 1127 702 Gallion-

100 761 149 802 nus
167 761 255 804 seeum
275 759 379 802 menore
397 747 573 817 peruincunt,
597 752 627 801 ut
650 761 700 817 per
726 761 772 802 eus
790 761 877 802 muros
898 752 926 802 et
943 753 1029 802 return
1047 748 1129 817 patris

100 849 171 924 seire
187 853 294 918 pueeet,
317 852 344 902 et
371 845 430 917 ipsu
452 844 518 901 riuos
540 846 708 917 praepositos
732 860 795 901 suos
818 842 961 904 lobsnnenr
979 854 1006 903 et
1023 846 1129 903 Puulunr

100 935 153 1008 sibi
181 945 338 1002 oonoetleret
357 925 383 1000 in
407 961 455 1019 spe
480 947 557 1016 qussi
575 948 682 1017 majoris
700 945 844 1013 irruituris,
869 960 966 1018 rogans
984 947 1077 1014 ileum,
1103 957 1131 1002 nt

100 1047 184 1118 ipsum
204 1051 230 1101 et
249 1029 316 1102 titur
333 1052 507 1102 conuerteret.
542 1044 616 1109 Quot
635 1045 679 1102 ubi
695 1044 815 1103 omnibus
839 1045 955 1117 pleoutt,
981 1046 1131 1103 Gallicanus

100 1148 224 1201 ementis
248 1143 369 1202 lobrune
392 1152 420 1201 et
444 1144 526 1201 l’uulo
551 1151 579 1201 et
596 1148 705 1218 eopioso
727 1148 846 1202 sternite
871 1144 1061 1218 proficiscitur,
1082 1147 1130 1204 seri

99 1251 187 1300 tenen
200 1259 218 1298 u
232 1243 384 1315 Scytharum
395 1252 474 1317 gente
485 1245 544 1317 elus
560 1248 691 1302 exereitus
706 1245 837 1319 irnngitnr
846 1253 873 1302 et
884 1250 912 1300 in
925 1245 990 1302 urbe
1013 1245 1130 1316 ¹)Tbre-

101 1347 199 1402 elerum
218 1343 250 1399 eb
269 1342 390 1402 bostlbus
408 1343 553 1402 nuntietur.
588 1344 665 1402 'lure
679 1344 979 1404 uenientestutenues
997 1353 1024 1402 nt
1035 1345 1132 1404 Penius

101 1444 184 1500 elien
202 1443 338 1500 dixerunt:
362 1443 404 1500 ino
428 1450 513 1500 toturn
539 1443 595 1501 lieu
618 1445 686 1502 ooell
711 1451 738 1501 et
758 1447 812 1502 erlo
837 1447 921 1502 netur
946 1443 1040 1502 melior
1056 1461 1132 1518 quem

99 1542 184 1599 luisti.
219 1542 295 1608 Quod
312 1560 369 1599 eunt
384 1542 508 1610 inesset,
523 1545 630 1617 jnrnnir
647 1546 674 1601 in
690 1545 799 1604 bernero
818 1545 906 1603 iereus
925 1561 1028 1602 oruounr
1045 1547 1133 1603 stetim

101 1643 153 1700 sibi
172 1647 293 1715 apperuit
310 1646 387 1717 eique
404 1643 484 1700 ituit:
502 1659 575 1700 surne
592 1644 708 1718 gleiitm
725 1651 795 1702 tuum
814 1652 841 1701 et
856 1661 967 1718 sequere
983 1663 1033 1702 me.
1053 1645 1133 1711 Quen

101 1744 147 1800 ille
166 1745 300 1815 arripiens
322 1759 372 1816 per
394 1743 480 1800 metite
505 1749 594 1800 eostre
616 1747 669 1801 rnlt
686 1751 714 1801 et
729 1744 764 1800 oi
784 1761 873 1820 regem
891 1763 974 1819 usqne
992 1745 1134 1802 terentesn

75 1843 225 1916 'illumque
249 1841 372 1900 ouoitlens
398 1843 457 1900 solo
482 1844 575 1901 ttnnre
600 1845 749 1901 uuiversum
774 1847 915 1902 exereitum
934 1845 1089 1918 subjugarit
1108 1851 1135 1901 oi

101 1943 224 2001 Romanis
248 1941 402 2000 tributarios
420 1945 502 2012 ieolt,
530 1943 582 2000 tito
604 1959 708 2017 quoque
725 1944 821 2001 milites
838 1948 930 2001 ernusti
948 1945 1033 2004 eidem
1051 1959 1134 2018 uppe-

101 2051 190 2102 rentes
205 2060 262 2100 osu
273 2043 333 2100 bino
344 2043 607 2102 luieeonbrnsubsni
642 2041 738 2100 Festus
757 2046 838 2116 igitur
854 2044 1013 2102 ebristlenus
1028 2033 1134 2102 liemare
1197 2115 1198 2120 ἵ

101 2144 181 2202 rediit
198 2151 226 2208 et
243 2160 299 2200 eum
324 2142 403 2199 multo
427 2142 528 2200 bonore
553 2150 691 2214 sueeptoe
716 2145 822 2217 rogerii
845 2145 1007 2218 Angustum,
1030 2151 1059 2200 nt
1083 2146 1134 2200 eibi

100 2245 260 2319 indulgeret,
276 2246 300 2300 sl
317 2243 396 2300 illem
415 2244 519 2299 minine
534 2242 717 2316 desponsaret,
738 2259 769 2300 eo
782 2243 853 2315 quod
868 2241 901 2302 ie
914 2250 1019 2302 oestero
1029 2243 1135 2302 cbristo

101 2346 266 2402 eontinentur
289 2347 378 2403 rlrrre
397 2345 564 2416 proponent.
599 2341 674 2407 Quod
699 2359 755 2398 eun
779 2341 899 2417 Angusto
917 2343 1053 2414 plurimum
1077 2343 1136 2417 pls-

101 2448 202 2504 eulsset
224 2452 253 2502 et
274 2445 343 2502 dues
368 2443 439 2500 ilite
465 2441 595 2499 Gellieuni
619 2456 637 2498 s
660 2441 813 2500 Gonenntin
830 2445 933 2516 uirgine
951 2443 985 2500 erl
1005 2443 1135 2502 Christum

104 2559 247 2602 eourersee
265 2551 370 2613 essent,
394 2545 452 2616 ipse
476 2541 626 2600 Gnllloorus
650 2541 747 2600 iuuetn
764 2545 847 2600 roseit
863 2550 890 2600 et
907 2545 995 2599 omnis
1012 2545 1135 2617 perpert-

102 2644 153 2701 bns
177 2645 296 2702 bunone
325 2645 430 2702 Cbristo
456 2655 512 2700 otum
538 2642 599 2699 eliis
622 2645 709 2700 serris
730 2642 779 2700 ilel
803 2645 830 2699 ln
846 2650 1002 2715 properinte
1018 2645 1135 2706 eerrlrlt

103 2742 187 2800 binltu
198 2751 284 2801 nutent
295 2743 546 2801 ntreeuleieolsbst
558 2745 605 2810 lto,
625 2747 653 2798 nt
664 2741 723 2798 solo
738 2745 794 2798 risu
810 2741 952 2804 doemones
970 2743 1004 2800 tle
1016 2741 1136 2800 obsessis

103 2842 258 2916 corporibus
282 2846 421 2918 effugeret.
456 2843 538 2917 liujus
568 2858 672 2900 ssorus.
686 2843 819 2913 opinionis
843 2843 913 2899 turns
940 2845 967 2899 in
992 2850 1048 2898 toto
1071 2843 1137 2902 erbe

105 2951 231 3000 temrurn
248 2945 275 2999 ln
294 2945 538 3009 instrumentum,
567 2949 597 2998 ut
617 2943 651 2998 sb
677 2945 778 3000 oriente
802 2949 828 2999 et
845 2942 982 2999 occidente
1001 2943 1137 3001 uenientes

104 3043 225 3100 riderent
241 3046 322 3100 tirum
344 3061 376 3101 ex
394 3045 506 3116 petriolo
524 3044 632 3100 eonsnle
650 3043 778 3100 iurantem
796 3043 878 3116 petes
902 3057 1062 3116 pauperum,
1086 3058 1135 3116 po·

100 3151 207 3202 mntem
225 3159 350 3211 mensem,
368 3157 461 3216 equam
481 3142 599 3200 menibus
617 3143 801 3210 effundentem,
821 3143 1007 3217 languentibus
1021 3143 1137 3200 soltiolte

105 3246 293 3301 ministrantem
307 3252 335 3302 et
342 3250 447 3302 nesure
455 3246 704 3301 smmroserritutis
713 3243 807 3301 ‘olisia
814 3243 988 3302 osbibeutetu.
1007 3243 1136 3300 Constan-

105 3348 160 3400 tino
176 3346 259 3418 igitur
276 3344 398 3401 tetunctu
414 3343 581 3401 Constantius
600 3344 763 3402 constantini
776 3346 864 3417 mogni
881 3343 1135 3401 illustrioribus·

106 3447 159 3500 resi
179 3444 337 3516 depressius
355 3447 490 3516 imperinm
510 3447 600 3513 tenuit,
617 3460 705 3500 rerum
719 3459 775 3499 oum
786 3444 955 3500 Constantius
970 3443 1053 3500 freter
1067 3441 1136 3499 ilos-

105 3545 213 3601 stontiui
230 3545 301 3612 iuss¹
315 3543 397 3613 iiiios,
422 3544 525 3601 soilioet
541 3542 642 3600 Getieum
666 3542 849 3612 solutionum,
876 3543 1042 3616 reliquisset,
1068 3543 1135 3601 Con-

105 3647 217 3700 nuntius
234 3644 488 3715 imperotorrliotnur
507 3641 607 3700 Gallum
626 3643 766 3700 censerem
784 3643 847 3700 ierit
866 3652 892 3700 et
908 3651 1000 3714 contro
1011 3641 1138 3700 tutnsun

107 3743 276 3801 rebellantem
309 3745 395 3812 misit,
426 3759 501 3816 qoem
532 3751 617 3799 umen
649 3742 811 3814 postmodun
844 3743 984 3800 interierit
1017 3740 1138 3799 initurus

106 3861 168 3901 uero
187 3846 297 3912 timens,
321 3859 354 3902 ns
372 3845 490 3917 exemplo
511 3845 601 3900 iratris
619 3860 636 3900 o
656 3843 809 3899 Constentlu
834 3846 1021 3916 perimeretur,
1047 3855 1136 3898 monn·

106 3947 213 4002 sterium
231 3949 367 4019 ingressus
386 3951 442 4014 est,
467 3946 513 4001 ubi
536 3959 655 4018 magnum
674 3943 829 4016 religionem
846 3943 972 4000 simulans
987 3943 1073 4000 trotor
1092 3958 1137 3999 er-

107 4044 284 4114 tinnierunt,
306 4047 351 4119 qul
368 4060 415 4117 per
431 4045 574 4101 moleieum
594 4044 743 4100 doemonem
762 4042 900 4109 consuluit,
919 4055 1073 4113 responsum
1091 4056 1138 4099 so·

107 4147 229 4217 olpieusp
249 4145 319 4218 quod
345 4143 379 4200 etl
404 4148 538 4216 inperium
556 4143 737 4202 sublimandus
756 4149 834 4200 esset.
869 4141 933 4197 Post
948 4141 1055 4215 aliquod
1073 4148 1139 4198 ten·

61 4297 64 4302 .
107 4260 156 4318 pus
182 4243 336 4319 urgentibus
360 4241 494 4316 aliquibus
517 4246 633 4318 negotiis
655 4243 823 4302 Constinttus
847 4240 976 4300 lulianum
1000 4241 1139 4300 Cursorem

157 4465 178 4518 tl
191 4461 471 4518 milin'i'reieetnrurn.
