2902 5310
331 518 406 597 Cep.
428 515 586 579 cdxviii.
627 515 675 577 De
695 518 796 576 semela
812 513 977 578 ataleni.
1075 603 1076 606 Ἴ
1112 515 1174 580 aot

134 676 215 731 tinnis
229 675 309 730 etium
323 689 374 731 non
387 673 505 734 deseruit
517 675 641 734 liertiae
652 675 765 734 elicium
778 677 953 744 laboriosum,
972 679 1042 734 sieut
1053 681 1134 752 supra
1149 681 1175 734 in

138 781 271 846 ¹ineptum
290 775 417 850 operiluun
436 775 636 834 misericordiae
656 781 853 836 esieaiemaum.
887 776 1063 834 Nihilominus
1076 785 1176 842 tamen,

135 883 276 948 postquam
287 877 439 952 religiosum
452 875 568 933 habiturn
576 875 670 945 induit,
683 876 794 936 aeduine
805 877 1043 949 pletatlaoperlbus
1053 877 1174 936 deservi-

134 977 181 1031 sit.
199 975 263 1032 Naue
277 992 333 1033 oum
346 995 395 1050 pro
408 977 471 1033 dote
485 991 534 1034 aua
547 980 573 1047 ²)
582 976 634 1033 duo
644 978 728 1034 millia
742 993 886 1035 memsam
899 981 1056 1050 recepisset,
1073 983 1174 1049 partem

135 1078 162 1132 in
181 1092 312 1148 peuperos
331 1077 467 1134 distribuit
482 1082 509 1135 ct
528 1076 561 1134 de
577 1078 682 1152 reliquo
705 1079 732 1133 lu
749 1077 881 1154 Merpurg
902 1093 1021 1152 magnum
1041 1077 1176 1149 iuospltnie

136 1181 293 1234 construxit.
327 1177 440 1250 Propter
465 1177 534 1251 quod
559 1192 650 1234 onnes
675 1193 732 1234 eam
755 1180 914 1251 reputabant
936 1178 1131 1253 dissipatriceun
1150 1181 1176 1234 et

135 1278 275 1352 prodigam
294 1285 321 1334 et
337 1281 423 1334 cuncti
449 1293 506 1334 mun
530 1277 703 1349 appellabant
725 1279 860 1346 insanam,
885 1284 913 1335 et
936 1281 999 1353 quia
1023 1293 1115 1334 omnes
1135 1278 1175 1331 iu-

133 1379 222 1448 jurias
246 1384 358 1436 urouernt
380 1378 529 1452 gaudenter
551 1379 689 1450 accipere,
712 1376 928 1450 inproperabant
946 1381 986 1446 ei,
1009 1376 1082 1450 quod
1100 1379 1176 1433 nimis

136 1479 189 1533 cito
208 1482 357 1536 nenorieun
377 1481 427 1535 riri
444 1481 488 1535 sui
505 1493 522 1533 a
539 1477 621 1535 eorde
636 1475 787 1551 ehjeeemt,
810 1492 879 1551 quae
902 1459 993 1534 taliter
1015 1477 1176 1535 assultabat.

135 1577 278 1654 Postquam
296 1586 382 1636 autem
400 1577 534 1653 lnoepliale
552 1584 744 1645 construxerat,
764 1579 883 1636 servitiis
900 1593 1043 1651 pauperum
1063 1593 1093 1636 se
1109 1583 1179 1634 tam-

136 1693 213 1751 quam
232 1681 353 1737 ancillam
372 1680 494 1737 numilem
511 1682 680 1754 manciparit,
697 1696 756 1737 nam
777 1681 940 1752 pauperibus
957 1680 1074 1736 sollicita
1091 1678 1178 1735 admi·

137 1780 279 1850 mannent,
298 1789 327 1837 ut
343 1798 391 1839 eon
402 1785 479 1838 etiam
492 1779 631 1839 balnearet
644 1787 671 1837 et
684 1783 710 1838 iu
724 1779 802 1838 lectis
816 1779 951 1836 eoliooane
961 1782 1091 1854 operiret,
1109 1779 1178 1835 adeo

137 1887 168 1938 ut
179 1881 284 1938 ancillis
302 1880 500 1955 gratulabunda
521 1881 639 1938 diceret:
656 1897 733 1955 quaen
751 1880 820 1939 bene
836 1880 973 1937 uobiscum
991 1881 1097 1955 agitur,
1115 1881 1180 1953 quia

139 1980 270 2038 dominum
288 1983 328 2037 aie
344 1982 498 2039 numeneus
516 1987 544 2040 et
567 1984 690 2056 tegimus.
725 1979 755 2038 ln
775 1983 834 2053 lpeo
853 1987 939 2037 eutem
963 1996 1106 2052 pauperum
1129 1979 1182 2034 ob-

139 2084 233 2155 sequio
252 2085 291 2138 sle
308 2080 441 2138 lumiliter
458 2098 488 2139 ee
505 2081 608 2152 habuit,
627 2081 697 2157 quod
712 2083 849 2156 puerulum
867 2073 997 2154 quendem
1015 2079 1181 2136 monoculum

140 2188 167 2240 et
179 2183 268 2239 scabie
281 2181 416 2255 periurum
431 2197 483 2238 uns
502 2191 580 2240 nome
601 2185 734 2255 ⁸)septem
752 2180 855 2238 sinens
874 2183 990 2252 propriis
1008 2177 1127 2236 brachiis
1145 2180 1181 2236 ad

140 2282 225 2340 locuni
250 2284 419 2341 neoeenltetia
443 2281 537 2340 detulit
558 2288 586 2340 et
607 2296 711 2355 pannon
730 2283 815 2354 ipsius
832 2280 956 2338 ioedatoe
975 2279 1089 2338 ilbenter
1106 2279 1182 2336 lenit

140 2381 277 2448 denudent
303 2385 382 2440 etiam
411 2383 544 2439 mulierem
574 2381 740 2438 horribiliter
766 2381 899 2453 leprosam
922 2396 1007 2452 saepe
1023 2380 1136 2436 abluens
1154 2382 1183 2438 la

141 2485 238 2542 lectulo
260 2483 400 2541 collocarit
424 2483 515 2540 ulcera
535 2490 644 2557 tergens
668 2488 696 2539 et
711 2481 815 2557 ligans,
841 2479 1030 2538 medicamenta
1050 2479 1184 2537 ndlrileens

143 2599 300 2660 unguesque
317 2583 491 2655 praecidere,
519 2585 578 2656 ejus
596 2587 676 2640 etiam
693 2582 806 2656 pedibus
825 2588 961 2656 prestrata
975 2583 1108 2656 corripias
1125 2580 1185 2638 eal·
1237 2573 1238 2576 ’

142 2693 336 2742 caementorum
359 2684 478 2743 soluens.
514 2683 591 2758 lpsue
616 2690 703 2741 autem
729 2684 846 2741 indumen
869 2682 904 2740 ad
934 2681 1128 2740 consessionem
1156 2685 1185 2740 et

140 2785 400 2842 communicationem
432 2784 560 2843 inducens
592 2785 706 2842 notulam
735 2782 868 2858 quandam
901 2787 1007 2857 penitus
1032 2789 1183 2842 renuentem

143 2884 254 2944 uerbere
265 2887 431 2966 ¹castigatum
449 2883 561 2940 ludunit.
596 2884 660 2942 Cum
679 2900 741 2942 aero
759 2900 777 2942 a
793 2900 937 2958 pauperum
955 2883 1068 2940 emebat
1083 2885 1185 2952 elicio,

144 2985 236 3044 dieunt
258 2983 398 3042 leuando
417 2984 531 3057 quodem
551 2987 712 3042 munasterio
729 2985 783 3042 siut
802 2988 909 3042 missam
928 2993 955 3042 et
972 2987 1093 3060 pretium,
1111 2983 1182 3057 quod

143 3088 206 3146 inde
228 3083 396 3163 accipiebat,
424 3086 588 3160 properiter
614 3084 759 3142 dividebat.
793 3086 858 3143 cuna
883 3093 969 3146 autem
994 3091 1056 3157 pust
1077 3085 1184 3143 multam

144 3193 326 3265 paupertatem
350 3190 510 3261 quingentae
534 3201 640 3244 marcae
667 3203 715 3258 pro
735 3184 798 3243 dote
816 3193 1004 3260 aucreceptus
1022 3185 1185 3260 pauperibus

143 3290 275 3347 diuideret
299 3293 326 3345 et
348 3286 469 3345 omuibus
494 3285 616 3344 ordinate
638 3287 735 3343 inentis
758 3288 819 3358 ipse
835 3290 970 3347 auceiuetn
985 3289 1120 3346 transiens
1137 3289 1187 3344 mi·
1274 3355 1277 3362 Ι

145 3393 287 3456 elatraret,
314 3392 404 3462 posita
427 3393 470 3446 est
495 3386 557 3457 les,
584 3393 629 3456 ut,
657 3389 682 3443 al
713 3387 773 3459 quin
804 3389 868 3455 ⁴liu
894 3388 1007 3446 alierum
1040 3403 1188 3460 pauperum

145 3488 335 3562 praeiudicium
352 3488 439 3545 iocum
457 3492 580 3555 mummi,
596 3489 738 3545 utiterum
750 3489 895 3560 acciperet,
913 3488 1068 3560 capiliorum
1081 3501 1187 3546 suornm

145 3589 370 3646 detruncationem
386 3587 503 3660 aliquam
520 3586 675 3644 nmtiueret.
709 3585 744 3644 Bt
760 3603 822 3645 enee
840 3587 1188 3660 quaedampueiianumine
1247 3581 1250 3587 '
1325 3625 1327 3632 ι

144 3685 329 3762 Μομιιᾱιε,
341 3701 411 3760 quae
424 3685 492 3744 aira
502 3686 658 3758 eepiilerun
669 3687 865 3762 pulchritudine
874 3688 1004 3759 pollebat,
1021 3685 1188 3744 indetransl-

144 3787 333 3857 temnerent,
344 3801 396 3842 non
411 3786 444 3843 ad
457 3787 638 3857 elemosinam,
648 3787 698 3846 aeri
712 3795 741 3844 nt
752 3787 884 3863 quandem
899 3801 1016 3848 aomrem
1029 3801 1101 3843 suam
1117 3787 1188 3842 ierin-

145 3905 213 3946 mam
232 3890 361 3945 risitaret
397 3886 472 3952 Quae
489 3903 547 3944 enea
564 3896 695 3962 umquem
711 3887 782 3964 legin
800 3887 1012 3962 praevaricatrix
1031 3887 1065 3942 ed
1083 3886 1187 3944 beatem

145 3987 286 4048 Elizalretln
299 3983 416 4044 adducta
428 3985 534 4056 inisset,
552 3987 612 4060 elan
623 3989 736 4062 capillos
748 3991 871 4061 protinus
884 3987 1035 4044 detruncari
1047 3988 1189 4056 mandarit,

146 4091 208 4161 ipsa
220 4087 300 4146 lente
313 4094 340 4144 et
353 4086 491 4160 plurimum
506 4085 661 4164 reluctante.
694 4091 760 4146 cam
774 4103 838 4147 rere
853 4087 960 4162 quidem
971 4086 1007 4144 de
1021 4086 1190 4146 adstantibus

147 4205 207 4248 eane
222 4189 388 4246 innocentem
404 4195 571 4257 assererent,
589 4187 639 4244 ilie
655 4189 707 4245 alte
730 4190 825 4247 seiten
844 4187 878 4247 ule
895 4194 1004 4246 caetere
1021 4202 1073 4244 non
1091 4191 1191 4259 peterit

146 4307 204 4349 een
220 4295 296 4347 tnta
312 4286 468 4360 capillorum
485 4287 630 4346 anditione
647 4287 683 4345 nd
701 4288 815 4348 elnaem
832 4289 977 4358 secedere,
995 4303 1044 4345 uec
1061 4301 1119 4344 eun
1136 4286 1191 4345 iilia

201 4442 225 4494 i)
236 4437 297 4487 aiii:
309 4450 370 4485 aaa.
445 4439 469 4494 ²)
481 4435 523 4484 Ed.
535 4441 570 4483 tr.
582 4435 649 4490 lenite
662 4435 733 4486 dana
746 4453 869 4488 nerent.
948 4439 971 4496 t)
984 4436 1029 4484 niti
1041 4451 1092 4486 ses
1103 4435 1190 4492 hant

149 4512 173 4568 a)
185 4508 226 4556 tid.
238 4513 274 4556 rr.
286 4509 359 4556 rerba
371 4506 400 4554 in
413 4527 439 4542 ι·
453 4505 559 4584 iterunn
571 4505 664 4555 usnlttit.
