2828 5302
285 489 358 568 Cap.
380 485 484 547 xxiii.
526 486 571 546 Dc
591 496 690 544 sancto
711 482 892 544 Sebastiano.
1061 480 1118 546 ili

81 653 135 706 terr
153 653 292 720 reciperet.
325 649 374 705 tini
392 663 470 721 quum
490 645 655 704 chromatius
675 640 825 716 praefectus
844 641 952 710 diceret,
971 639 1121 714 quodwrri

82 751 126 804 cui
144 747 195 804 lroc
213 745 332 804 facerent
349 754 376 804 ct
392 764 444 804 nou
461 749 535 819 ipse,
562 746 628 800 dixit
645 743 832 801 Sebastianus:
866 739 950 795 timidi
965 740 1037 798 Deos
1057 756 1120 798 suos
1163 753 1167 764 ·

83 830 254 922 confringere
268 846 417 917 formidant,
431 845 478 902 sed
491 853 517 903 ot
529 848 552 900 sl
566 843 694 918 dyabolus
704 841 754 901 bac
776 829 914 897 occasione
933 856 978 898 eos
991 829 1120 911 laederet,

83 947 205 1004 dicerent
222 963 270 1003 eos
287 947 405 1004 infideles
423 962 483 1004 esse
501 947 535 1002 ob
553 945 602 1000 boc
619 946 718 1011 laesos,
736 931 1121 1016 quodlleossuoseoufriuge·

85 1051 153 1103 rent.
172 1046 268 1119 Sitque
285 1045 438 1119 Policarpus
456 1054 484 1104 et
499 1045 672 1102 Sebastianus
687 1044 795 1102 accincti
810 1044 868 1113 plus
887 1057 963 1114 qnam
981 1043 1023 1100 00
1042 1045 1122 1116 ydola

83 1145 282 1226 confregerunt.
301 1146 365 1204 Post
381 1146 431 1204 boc
448 1154 534 1202 ιιιιιιι
552 1144 674 1200 dixerunt
691 1141 857 1200 illummatio:
873 1156 930 1198 cuer
949 1144 1025 1200 uobis
1042 1144 1122 1217 ydola

84 1246 310 1320 confringentibus
328 1249 467 1302 sanitatem
486 1248 604 1318 recipere
622 1243 736 1300 debuisti
758 1243 786 1313 ²)
803 1255 851 1302 aec
867 1245 1007 1316 recepisti,
1024 1253 1121 1302 eertum

85 1352 143 1413 est,
163 1349 226 1420 quia
244 1353 290 1401 aot
308 1346 486 1403 infidelitatem
503 1344 615 1422 mondum
632 1345 754 1416 abjecisti
771 1350 817 1399 aut
833 1343 922 1414 aliquo
938 1343 1019 1416 ydola
1035 1362 1122 1402 reser-

86 1448 167 1502 vasti.
200 1445 275 1502 Tunc
292 1445 419 1501 iudicauit
433 1461 462 1501 se
480 1444 579 1500 babere
597 1443 738 1500 thalamum
748 1486 755 1514 ,
774 1445 802 1499 iu
820 1459 872 1516 quo
891 1451 949 1499 erai
966 1447 1049 1500 omnis
1067 1445 1121 1502 dis·

84 1547 185 1618 ciplina
201 1547 354 1613 stellarum,
389 1562 440 1618 pro
458 1561 510 1618 qao
529 1551 604 1615 pater
620 1560 683 1599 suus
703 1544 762 1616 plus
781 1560 858 1616 quom
878 1543 989 1600 ducenta
1004 1544 1122 1615 pondero
1229 1558 1232 1566 ’

86 1651 144 1703 anri
162 1645 324 1718 expenderat
339 1652 368 1700 ct
383 1662 435 1717 per
450 1661 525 1718 quom
546 1644 635 1700 futura
651 1645 738 1698 emula
755 1643 936 1716 praevidebat.
971 1642 1020 1700 οιἰ
1037 1645 1123 1701 Seira-

85 1749 205 1802 siianus:
240 1745 363 1818 quamdiu
387 1744 436 1802 boo
454 1747 582 1817 integrum
599 1742 740 1812 habueris,
776 1750 802 1800 to
822 1746 906 1816 ipsum
922 1745 1051 1817 integrum
1069 1761 1123 1800 uon

84 1843 207 1901 babebis.
243 1844 359 1917 Cumque
376 1844 409 1900 ad
427 1843 476 1900 lroc
495 1843 542 1899 ille
559 1845 715 1912 assentiret,
740 1841 876 1898 Tiburtius
895 1844 952 1914 ciue
970 1844 1056 1910 iilius,
1076 1847 1121 1918 ju-

86 1949 161 2000 sculs
180 1945 305 2018 egregins
324 1943 405 1999 dixit:
423 1960 473 2000 uon
493 1947 582 2016 patior
599 1960 665 2016 opus
685 1942 784 1999 destrui
801 1949 854 1997 tam
873 1943 1053 2014 praeclarum,
1074 1933 1121 2001 sed

85 2061 117 2100 ue
136 2053 263 2117 pateruae
282 2037 392 2099 sanitati
410 2042 501 2100 ridear
520 2060 580 2102 esse
597 2045 761 2110 contrarios,
790 2041 841 2102 duo
861 2037 957 2098 clibani
976 2044 1121 2102 accendan-

83 2151 145 2210 tur,
175 2150 217 2210 ut,
254 2145 279 2200 ei
295 2142 429 2200 dmmooto
454 2160 536 2216 opere
557 2151 635 2215 pater
655 2159 728 2200 meus
745 2146 883 2199 sanitatem
906 2159 958 2198 uem
982 2147 1121 2216 receperit,

88 2241 166 2299 ambo
185 2243 238 2298 riri
257 2249 461 2300 concrementur.
498 2243 545 2300 Cui
564 2243 752 2300 Sebastianus:
780 2246 818 2299 sic
837 2243 896 2312 ilat,
920 2249 948 2300 ut
962 2244 1064 2299 locutus
1083 2260 1121 2301 cs.

85 2343 151 2399 llum
169 2345 252 2416 igliur
273 2342 320 2397 illa
337 2341 581 2414 confringerentur,
605 2344 716 2417 angelus
734 2343 868 2416 praelecto
887 2348 1011 2415 apparuit
1027 2350 1054 2400 ct
1070 2343 1121 2399 sibi

86 2442 227 2498 adomino
251 2441 316 2500 lesu
340 2443 479 2497 sanitatem
504 2442 632 2499 redditam
657 2445 785 2498 nuntiarit
804 2445 944 2514 statimque
960 2458 1041 2499 sanos
1058 2443 1121 2502 efe-

85 2551 143 2598 ctus
159 2545 274 2599 cucurrit
289 2547 351 2614 post
367 2557 441 2609 eum,
461 2547 490 2595 ut
508 2544 566 2614 ejus
584 2544 666 2615 pedes
682 2543 853 2600 oscularetur.
888 2543 937 2608 Qui
956 2558 1014 2600 eum
1032 2543 1122 2616 prolui-

89 2641 147 2698 buit
164 2659 197 2698 οι
215 2659 262 2711 eo,
281 2641 350 2713 quod
369 2641 524 2712 baptismum
542 2639 654 2699 nondum
672 2649 823 2714 receperat,
848 2643 938 2714 sicque
952 2643 1010 2714 ipsc
1030 2650 1057 2699 et
1075 2642 1122 2699 Ti·

88 2740 189 2797 bertius
214 2741 283 2796 iilius
307 2743 365 2813 ejus
387 2748 414 2797 et
438 2741 508 2796 millo
534 2741 619 2798 CCCC
645 2740 677 2798 dc
702 2746 761 2815 ejus
782 2741 883 2796 familia
908 2741 1035 2813 baptizati
1054 2749 1122 2798 suut.

89 2841 144 2897 Zoc
161 2848 246 2898 auten
264 2839 299 2895 ab
316 2839 464 2897 iuideiiluus
482 2847 555 2897 teuta
574 2847 600 2898 at
617 2840 663 2897 dio
675 2843 791 2896 cruciata
802 2843 887 2897 emisit
901 2841 1028 2912 spiritum.
1048 2841 1123 2909 Quod

88 2955 144 2995 cunr
164 2941 292 2996 audiisset
311 2939 518 3013 Tranqudduus,
537 2945 657 3013 prorupit
674 2949 700 2999 ei
718 2941 798 2996 dixit:
832 2941 942 2996 feminae
961 2957 1008 2996 uros
1026 2942 1060 2996 ad
1077 2957 1123 2996 co·

88 3051 179 3095 ronam
198 3040 372 3110 praecedunt,
412 3043 440 3109 ²)
459 3047 487 3095 ut
505 3039 568 3112 quid
585 3042 717 3099 uiuimus?
762 3041 822 3110 lpse
841 3047 926 3096 esuriem
947 3047 1008 3113 post
1024 3055 1123 3112 paucos

88 3137 146 3194 dics
164 3137 297 3218 lapidatus
317 3147 366 3195 est.
384 3171 417 3182 -
431 3171 465 3182 —
486 3169 514 3180 -
536 3146 570 3198 3.
587 3139 699 3196 Saucius
718 3148 804 3196 autem
821 3141 956 3196 Tiburtius
969 3156 1049 3212 super
1060 3157 1122 3212 pru·

89 3254 137 3294 nas
152 3238 248 3294 adaias
268 3241 296 3306 3)
311 3239 420 3312 jubetur
437 3247 483 3295 aut
501 3241 633 3296 iucensam
648 3240 714 3316 lliis
730 3243 862 3313 imponere
886 3245 932 3294 aut
953 3255 1034 3311 saper
1056 3241 1123 3296 istus

87 3338 165 3394 audis
183 3337 280 3410 plantis
303 3338 433 3397 incedere.
486 3340 535 3406 Qui
554 3339 604 3395 sibi
622 3341 724 3413 signum
742 3342 826 3394 crucis
848 3339 949 3398 iaciens
973 3344 1123 3395 coustunter·

88 3454 168 3511 seper
186 3442 259 3512 ipsos
274 3438 351 3494 nudis
370 3441 504 3513 ingressus
522 3445 564 3496 est
580 3437 678 3512 plantis
696 3439 802 3512 diceus:
830 3438 934 3494 uidetur
951 3437 1027 3506 mihi,
1052 3438 1123 3512 quod

84 3554 170 3612 super
186 3553 279 3595 roseos
304 3539 383 3594 dores
407 3538 524 3596 incedam
549 3539 696 3595 innomine
720 3537 817 3594 domiui
834 3535 919 3595 uestri
934 3538 997 3595 Jesu
1016 3537 1123 3595 Cirristl.

89 3638 138 3692 ilai
156 3635 288 3693 Fabianus
307 3638 457 3710 praefectus
474 3638 554 3693 dixit:
588 3639 647 3710 qais
672 3639 778 3710 ignorat
801 3641 929 3710 magicam
947 3645 1029 3695 artem
1046 3637 1121 3696 ciri-

87 3744 156 3792 stum
176 3752 222 3793 ros
241 3734 382 3793 docuisse?
417 3737 465 3792 Cui
482 3737 633 3793 Tiburtius:
651 3737 799 3792 obmutesce
816 3738 925 3806 infelix,
945 3741 1007 3812 qaia
1024 3755 1075 3794 nou
1092 3753 1121 3796 cs

88 3834 185 3908 dignun
205 3851 297 3892 nomon
312 3841 366 3890 taur
384 3845 499 3891 sanctum
518 3841 545 3893 et
560 3844 613 3893 iam
630 3837 777 3892 melliiuum
796 3839 939 3912 morulaarc.
974 3836 1047 3893 Tunc
1067 3840 1122 3894 ira·

87 3941 130 3989 tus
149 3934 395 4009 praefectuajussit
411 3952 468 3992 cunr
487 3934 621 3994 decoliari.
664 3936 850 3994 Mareoticum
869 3944 954 4014 autem
972 3942 999 3992 et
1015 3936 1122 3994 ldarcns

87 4035 172 4105 stipiti
189 4034 349 4108 alligentur,
375 4046 484 4106 cumque
504 4036 615 4100 fuissent
631 4036 721 4103 alisi,
740 4035 884 4107 psallentes
901 4034 1037 4092 dicebant:
1061 4052 1121 4094 erce

137 4315 160 4370 ii
172 4313 248 4358 Verba
260 4327 314 4360 uec
326 4313 472 4372 recepisti
484 4315 567 4360 deorum
579 4314 606 4362 in
615 4315 657 4361 sd.
671 4317 740 4362 brida
808 4317 833 4372 2)
846 4321 872 4360 tc
884 4317 921 4364 bic
934 4328 963 4367 ιιι
975 4319 1046 4375 qnid
1059 4320 1122 4366 locos

86 4381 122 4426 sd
134 4381 206 4436 quid
218 4381 319 4439 positum
331 4389 373 4430 esi.
462 4387 484 4436 ι)
497 4387 550 4428 ilec.
562 4382 623 4428 rusie
634 4383 754 4430 ininrdurri
773 4386 816 4430 irc
833 4386 927 4431 verboru
940 4394 993 4436 anie
1002 4389 1124 4446 ,jubetur

84 4462 177 4503 rooenn.
197 4449 251 4497 licet
263 4459 286 4498 ci
300 4450 341 4498 tal.
357 4457 391 4499 i’r.
403 4451 462 4498 orale
476 4451 535 4506 leuet
548 4448 681 4499 incensis
693 4451 744 4498 loco
757 4452 914 4500 incensum.
964 4495 965 4498 ,
