2828 5302
223 477 298 558 Cap.
321 477 476 542 ccxxw.
527 479 573 540 De
592 489 691 540 nostro
713 480 830 540 dominu
853 477 890 540 de
909 481 1027 560 pietate.
1075 479 1138 545 937

108 633 236 681 uastitatis
247 637 426 694 ponerosstivmn
438 635 534 691 babent,
553 637 582 683 de
595 652 639 692 qna
656 638 758 694 loquitur
769 638 836 682 dirus
849 637 1099 692 ttieronyrnnsslioensr
1117 645 1138 688 si

108 703 195 749 directa
207 703 324 758 attendas,
342 703 398 748 nibil
410 712 445 750 est
457 705 562 759 virtutis,
579 706 636 750 nilsil
648 707 745 760 cratiae,
763 705 820 750 nihil
833 705 973 763 splendoris,
990 711 1052 762 quod
1064 717 1136 756 sotum

107 783 155 817 non
172 769 282 825 reiulsest
298 773 322 818 in
337 772 426 826 virgine
444 771 548 825 sloriosa.
573 779 641 820 Porro
660 774 766 826 bresorio
785 781 842 818 teste
865 781 928 818 tanto
950 774 1001 828 quis
1016 777 1138 831 perfectior

107 846 155 893 est,
166 846 252 894 quanto
263 840 337 898 pietas
350 839 437 885 alienos
449 839 571 896 perlentium
584 841 652 886 sentit
665 841 762 886 dolores.
787 845 836 886 ttun
849 841 917 893 initur
929 842 1013 896 ipsius,
1031 859 1088 897 quae
1102 853 1138 892 est

106 907 196 964 piarum
208 907 322 966 piissima,
340 907 429 954 silenda
448 915 483 952 est
495 907 567 952 rirtns
579 908 683 965 pietatis,
701 910 726 953 in
738 923 781 964 qun
793 920 840 954 non
852 907 943 953 videtur
955 915 1083 956 sanctornm
1095 913 1138 960 ali.

105 989 177 1030 quesn
193 977 277 1024 babere
295 977 434 1034 superiorem
450 990 492 1020 nec
509 991 593 1032 parem.
619 977 675 1033 Quis
696 978 756 1022 enim
772 975 878 1032 ampliori
900 975 1013 1027 unitione
1037 977 1137 1028 internae

107 1043 272 1102 conpassionis
288 1043 460 1089 lamentationes
479 1051 658 1099 supermontem
675 1044 795 1089 salvatoris
813 1044 880 1090 soieit
898 1043 987 1088 edicere
1003 1045 1136 1100 prudentias

105 1117 180 1156 snatre
191 1115 239 1168 eins
253 1111 397 1156 doctissimas
413 1119 452 1154 aut
465 1112 515 1165 nnis
528 1111 645 1156 intensiori
659 1112 738 1157 dolore
750 1112 878 1169 plangendo
891 1111 966 1165 lusere
979 1115 1053 1166 potuit
1065 1117 1138 1161 btaria

105 1176 272 1226 moestissimos
301 1183 354 1224 lure
372 1178 432 1222 enim
451 1179 570 1234 plusquam
588 1181 666 1224 martir
681 1189 730 1233 est,
752 1195 810 1236 quae
832 1180 902 1226 nimio
921 1193 998 1224 amore
1019 1182 1139 1229 vulnerata

105 1247 174 1294 tastis
185 1247 273 1293 exstitit
286 1246 405 1292 salvatoris
418 1254 441 1291 et
454 1261 509 1304 prae
520 1260 622 1292 moerore
634 1247 658 1291 in
671 1247 746 1292 animo
759 1248 880 1292 cmciatnrn
897 1248 1005 1293 sustinuit
1017 1251 1137 1305 passionis.

105 1315 259 1368 Astostinsrar
270 1313 371 1360 ornetur
384 1318 449 1359 lesus
461 1329 550 1359 mntem
563 1321 586 1360 et
598 1314 669 1359 Maria
681 1316 746 1367 struo
759 1316 859 1360 immolat
871 1321 976 1360 mentem.
999 1315 1037 1359 Ad
1049 1324 1138 1374 ternpus

105 1383 176 1434 initur
190 1388 259 1440 prunt
276 1380 372 1426 colenda
391 1381 530 1427 sollemnitas
548 1382 584 1428 tris
601 1384 684 1429 diebm
700 1384 829 1441 expostulat
846 1383 950 1428 institute
966 1383 1009 1427 nei
1023 1385 1138 1438 genitricis

104 1449 191 1495 lasiae
203 1451 311 1496 immensa
323 1448 404 1506 pietas,
417 1464 461 1504 qna
474 1449 498 1494 in
510 1451 591 1506 spiritu
602 1449 647 1494 tute
659 1465 739 1509 passa,
751 1450 922 1504 consideranda,
934 1451 1073 1506 admiranda,
1087 1455 1135 1498 lno-

105 1516 227 1572 dsnelaqos
245 1529 273 1563 ao
287 1517 398 1564 ἰιιιίίιιιὸι
415 1525 458 1563 est.
482 1523 535 1574 ipss
551 1519 657 1573 equidem
678 1518 743 1571 vireo
759 1519 842 1571 staria,
861 1526 888 1564 ut
909 1517 1023 1564 iohannes
1044 1527 1139 1568 testetur

105 1599 157 1642 oap.
169 1589 235 1638 nx,
252 1585 327 1631 stabat
343 1587 406 1642 lustu
424 1599 512 1630 cnroem
531 1593 603 1630 meter
615 1591 681 1640 teau,
696 1600 743 1632 non
754 1585 928 1632 insensibilitate
940 1586 979 1631 rel
992 1586 1139 1634 immutabili·-

104 1659 164 1706 tnte,
183 1653 226 1698 sed
243 1654 373 1707 sanctitates
396 1655 470 1700 stobat
490 1653 550 1699 euim
565 1655 612 1700 lide
631 1654 734 1709 elevata,
755 1654 831 1700 stabat
848 1660 941 1710 peccato
960 1666 1006 1698 non
1022 1654 1137 1712 inclisssta,

105 1723 182 1768 stabat
194 1720 238 1766 oei
249 1720 367 1766 voluntate
380 1720 526 1766 oonlonnata.
550 1721 622 1766 trima
634 1721 740 1776 squidem
751 1721 864 1766 reotitndc
876 1722 958 1766 urentis
971 1729 1006 1766 est
1016 1737 1069 1767 vera
1077 1725 1138 1776 flore,

104 1787 278 1834 fndamentm
289 1789 406 1833 virtutum.
432 1793 544 1845 Tempore
556 1791 639 1835 etenim
653 1788 766 1846 passionis
779 1802 857 1834 omnes
869 1788 976 1846 discipuli
989 1790 1068 1835 cbristr'
1082 1797 1137 1839 ,lesu

105 1856 194 1904 domiui
205 1857 288 1912 nostd,
305 1857 344 1912 spui
356 1856 419 1913 prius
431 1857 521 1906 stabant
533 1856 580 1902 ttrte
592 1856 677 1902 elevati
689 1857 719 1902 ad
732 1857 843 1902 christum
855 1854 992 1901 credendum
1005 1870 1051 1902 non
1063 1858 1137 1906 solum

104 1939 186 1971 venna
203 1925 330 1978 bominem,
352 1922 419 1970 simul
442 1929 464 1968 et
485 1937 565 1968 rerum
583 1929 663 1972 tteurn.
688 1923 753 1970 Unde
771 1929 848 1968 rmnrs
866 1937 909 1980 pro
927 1925 1032 1970 omnibus
1050 1927 1137 1974 dixerat

104 1994 187 2038 tsnttb.
198 1997 264 2038 xvir
281 1999 308 2037 to
323 2005 348 2037 es
367 1989 467 2037 cbristus
485 1991 545 2036 filins
557 1991 601 2036 Dei
617 1991 674 2038 riri.
700 1993 784 2036 Omnes
797 1993 904 2048 prostrati
916 1999 968 2036 sunt
980 1991 1003 2036 in
1016 1993 1138 2042 infidelita·

105 2068 165 2114 tem,
183 2060 233 2105 solu
249 2059 311 2105 eadm
329 2058 460 2104 beatissima
479 2059 549 2104 maris
568 2059 644 2104 stabat
661 2058 707 2104 fide
726 2059 828 2111 elevata,
850 2058 881 2102 ds
899 2061 948 2113 eins
965 2059 1085 2108 divinitate
1098 2079 1138 2108 ex-

105 2134 212 2185 spectans
235 2127 331 2173 indubie
352 2140 416 2172 snam
439 2125 506 2169 tertia
524 2123 562 2170 die
580 2126 772 2173 “annectionem
804 2132 830 2170 ln
847 2125 913 2181 huius
931 2126 1018 2180 sitnm
1036 2130 1139 2178 triduano

105 2195 183 2242 etacio
200 2193 328 2244 dominicae
346 2192 458 2252 passionis
477 2207 527 2237 eum
546 2193 673 2248 quindecim
692 2193 800 2238 oandelae
818 2207 926 2238 accensae
947 2194 1064 2242 firmentur
1085 2206 1138 2244 ante

105 2264 186 2318 attare,
198 2263 308 2321 paulatim
320 2275 398 2308 omnes
410 2261 593 2315 exstinguuntur,
611 2260 659 2307 sola
672 2277 716 2306 nna
729 2274 823 2306 accensa
836 2261 995 2314 absconditur,
1013 2277 1070 2318 mue
1083 2275 1137 2321 pon

105 2329 208 2377 officinm
219 2332 325 2377 omnibns
338 2327 464 2386 praeterens
476 2329 506 2373 ad
518 2329 698 2374 illuminandum.
723 2327 780 2375 tllee
796 2326 926 2382 quindecim
938 2330 1047 2375 mustelae
1058 2345 1139 2378 acoen-

106 2413 147 2445 sas
160 2399 286 2452 sisnifroant
297 2403 341 2444 nt
353 2396 470 2454 apostolos
483 2403 507 2440 et
519 2403 566 2442 tres
578 2397 669 2449 sterias,
682 2396 822 2450 magdalena,
835 2396 925 2442 oalome
937 2405 961 2442 et
973 2397 1063 2453 alphei,
1080 2415 1139 2454 qnae

105 2481 162 2526 pras
174 2468 269 2515 oaeteris
280 2465 418 2513 ridebantur
430 2463 476 2508 ede
488 2462 614 2509 illnstrntae
630 2471 653 2508 et
670 2461 777 2509 linnotae.
803 2463 848 2509 bed
866 2463 890 2509 in
907 2464 948 2509 illo
967 2465 1042 2510 triduo
1059 2480 1137 2513 omnes

106 2533 214 2581 exstincti
226 2541 278 2581 sunt
290 2532 375 2580 lemine
386 2531 442 2576 lidai
455 2531 546 2578 deitatis
559 2531 640 2577 christi
652 2537 719 2585 Jesn,
737 2530 811 2576 solum
829 2529 853 2574 iu
870 2531 958 2584 virgine
972 2532 1090 2579 benedicta
1103 2548 1139 2579 re·

107 2601 190 2648 mansit
212 2601 288 2648 lumen
310 2601 365 2647 ndat
388 2601 515 2654 occultum,
537 2599 600 2656 qnod
617 2600 762 2656 postmodnm
781 2597 885 2644 omnibns
901 2598 1037 2655 patefactum
1055 2610 1091 2648 est
1108 2605 1139 2648 od

106 2681 241 2716 omnesaue
253 2669 358 2726 exemplo
370 2668 549 2714 illmninandum.
575 2669 654 2714 stabat
667 2665 766 2712 secundo
779 2681 792 2710 a
805 2673 899 2723 peccato
911 2681 957 2713 non
965 2669 1079 2724 inclinata,
1092 2684 1137 2717 non

106 2738 203 2795 lambat,
215 2751 261 2783 nou
274 2737 377 2792 sedebat,
389 2750 435 2782 non
447 2735 545 2792 denirpre
557 2751 625 2782 ocrea
638 2740 693 2790 ers't,
709 2734 751 2780 sed
762 2734 845 2780 stabat.
870 2737 932 2780 lacet
945 2734 996 2790 quis
1009 2735 1031 2779 in
1044 2745 1138 2793 peccato

107 2818 150 2863 per
161 2819 255 2864 pravam
268 2805 430 2862 operationem,
443 2804 507 2852 sedet
520 2819 562 2862 per
572 2805 656 2850 mentis
668 2803 850 2858 consensionem,
861 2801 982 2848 inclinatur
992 2817 1035 2860 per
1045 2819 1139 2851 sensua·
1206 2856 1209 2862 ,

106 2873 154 2918 lero
166 2873 319 2926 dilectionem,
332 2887 409 2918 omnes
419 2871 541 2918 cecidimus
554 2871 620 2927 mmsi
630 2871 724 2926 ioliom,
749 2869 835 2916 scilicet
848 2883 863 2915 a
878 2869 1017 2926 perfectione
1029 2874 1138 2919 virtutum

107 2940 189 2988 saltem
202 2954 248 2996 ono
265 2939 295 2984 ad
308 2940 494 2998 complacentium
508 2939 646 2994 sensualem,
669 2938 710 2982 ubi
733 2936 836 2982 consistit
853 2938 956 2992 reniale,
977 2939 1094 2998 quorriam,
1119 2945 1139 2988 si

107 3007 244 3061 dmemnus,
256 3007 319 3062 qood
331 3014 448 3065 peccatum
461 3020 507 3052 non
518 3007 636 3060 babemus,
649 3005 732 3051 veritam
745 3005 769 3049 ἰιι
781 3004 848 3049 nobis
858 3018 905 3050 aon
918 3012 960 3054 est.
985 3006 1058 3053 Etiam
1070 3010 1138 3055 tertio

107 3076 184 3122 stabat
196 3075 259 3121 brusa
271 3076 390 3121 voluntate
402 3075 444 3121 Dei
457 3073 590 3140 confirmans
603 3089 635 3122 se.
660 3074 715 3119 tdeo
732 3075 817 3128 stabnt,
835 3087 881 3119 non
893 3075 1058 3130 mnnnurabst,
1076 3077 1138 3132 qnod

106 3143 169 3190 filius
181 3143 377 3190 innocentissimos
390 3150 514 3201 patereturr
528 3154 573 3187 non
586 3141 760 3199 blasphemabat
772 3141 878 3195 iudaeos,
891 3142 952 3196 qnod
965 3143 994 3187 nb
1006 3143 1042 3197 tis,
1055 3145 1138 3199 qsribus

106 3219 143 3257 tot
155 3211 264 3257 beneficia
277 3211 374 3263 iecerat,
391 3217 438 3256 tam
456 3209 577 3255 crudeliter
594 3217 738 3262 tractaretur,
756 3223 802 3254 non
814 3209 938 3255 vindictam
951 3225 964 3254 a
977 3215 1025 3255 Deo
1037 3213 1138 3268 petebat,

107 3277 171 3336 qnod
189 3277 224 3324 illi
240 3293 253 3323 a
270 3287 329 3322 terra
346 3277 396 3323 riri
414 3277 599 3333 absorberentur,
617 3285 642 3323 nt
655 3280 804 3324 merebantur.
829 3281 877 3322 lton
891 3277 987 3332 capillos
998 3278 1037 3322 vel
1049 3280 1137 3324 vultum

108 3346 235 3400 scindebat,
247 3345 300 3401 quia
312 3345 382 3390 sidua
395 3353 418 3391 et
430 3347 479 3390 sine
491 3345 540 3389 filio
554 3345 695 3391 consolatore
708 3345 849 3399 remanebat,
863 3344 904 3390 sed
916 3346 990 3390 stabat
1003 3348 1138 3408 verecunda,

108 3414 223 3467 nodsstm
242 3411 345 3468 laosysnis
363 3412 443 3469 plena,
462 3411 580 3458 doloribus
597 3413 709 3458 immersa.
734 3414 789 3458 ideo
801 3413 922 3459 anselmus
940 3412 983 3458 aitr
1007 3412 1137 3466 odomina,

108 3495 167 3538 unos
179 3480 254 3527 iontss
267 3480 412 3536 laerymarum
425 3480 500 3524 dicam
512 3480 615 3536 erupisse
627 3479 657 3524 sle
670 3479 822 3536 pudicissimis
841 3479 912 3525 oeulis
925 3479 983 3531 tuis,
1000 3494 1051 3525 snm
1064 3488 1136 3526 atten-

107 3549 175 3594 deres
192 3549 283 3594 unicum
300 3547 372 3593 tilium
389 3555 453 3592 tumn
471 3547 613 3592 innoeentern
631 3560 706 3592 coram
723 3554 746 3592 te
762 3545 882 3600 osrettnrt.
904 3545 981 3599 linari,
1004 3547 1097 3592 mactari
1114 3557 1139 3592 ee

106 3629 199 3662 umam
217 3615 247 3661 de
265 3629 331 3660 carne
342 3622 381 3660 tue
394 3615 423 3661 ab
436 3612 514 3670 impiis
526 3613 647 3658 erudeliter
658 3613 767 3659 ‹lissenari
784 3620 806 3659 et
818 3622 894 3659 tamen
906 3616 937 3659 ito
951 3613 1043 3659 divinae
1054 3615 1137 3661 volun·

106 3683 151 3729 tati
163 3683 285 3730 oonicrrnis
296 3681 367 3737 inisti,
379 3689 404 3727 ut
416 3681 497 3727 salutis
509 3679 600 3726 bmesni
612 3681 700 3733 teneris
712 3681 843 3728 aridissima
857 3696 930 3736 esses,
942 3691 968 3727 nt
980 3682 1101 3727 contunsis
1113 3691 1137 3728 et

107 3750 153 3796 fisa
166 3749 190 3795 in
202 3750 245 3795 ltei
256 3751 374 3796 voluntate
387 3763 456 3795 esses.
482 3749 591 3807 mansis
603 3755 657 3794 tuno
668 3749 762 3806 impleta
774 3749 884 3797 metilia
895 3750 1137 3807 prophetiasymeonis

107 3815 217 3872 diosmis,
232 3823 286 3866 bno,
298 3821 331 3862 112
343 3823 404 3863 tosus
416 3817 489 3874 ipsius
501 3819 598 3862 animam
612 3817 759 3874 pertransibit
771 3817 867 3870 eladius.
893 3821 912 3862 0
925 3817 1029 3870 domins,
1044 3816 1137 3862 dicebat

106 3887 181 3942 iustas
193 3883 234 3930 ulle
245 3889 349 3940 symeon,
360 3897 404 3930 vos
416 3884 492 3930 inistis
505 3885 555 3930 sine
567 3885 646 3930 dolosa
660 3884 683 3928 in
697 3893 770 3942 partu,
782 3886 824 3930 sed
836 3886 913 3930 veniet
925 3891 1028 3942 ternpus,
1045 3885 1137 3939 quando

107 3953 170 3999 erili·
181 3954 244 4007 lanta
253 3966 341 3999 moen
350 3951 392 3997 etit
403 3954 474 3998 nestri
486 3959 508 3997 et
519 3967 571 3997 essm
581 3953 691 3997 ridebitis
698 3953 837 4006 morientem,
851 3952 939 4006 stadins
947 3959 1001 3997 tuno
1010 3952 1138 4008 penetrabit

107 4031 149 4066 sor
158 4027 267 4067 vesuvus.
291 4023 344 4076 lpse
362 4020 422 4065 enim
439 4020 505 4073 vireo
522 4021 594 4066 ttsria
610 4021 691 4065 babuit
704 4021 838 4074 singularem
851 4019 1075 4066 communicationem
1087 4034 1136 4065 om·

108 4089 170 4134 nisus
182 4086 287 4133 summm
298 4087 412 4145 psmioais
423 4087 466 4133 stit
478 4088 513 4132 sni
526 4095 620 4146 propter
630 4088 712 4140 fidem,
731 4094 824 4145 propter
840 4087 992 4139 municionem
1008 4093 1031 4130 et
1044 4095 1138 4143 propter

108 4153 293 4201 satisfactionem.
323 4159 391 4200 sunta
414 4167 503 4200 ornoem
526 4156 631 4210 equidem
654 4162 701 4200 erat
723 4157 873 4202 moestissima
896 4161 968 4200 mater
989 4159 1013 4198 et
1030 4167 1075 4207 quo
1092 4167 1138 4200 non

108 4227 209 4280 poterat,
227 4222 332 4267 tentabat
347 4221 436 4275 exisses
454 4235 546 4276 manos,
563 4224 669 4281 sapiebat
685 4224 792 4280 amplecti
808 4223 880 4268 lilium
897 4222 921 4266 in
933 4221 981 4266 alto
993 4221 1136 4277 pendentem.

108 4287 153 4336 ssd
171 4287 341 4344 quodammodo
357 4288 441 4334 trustra
457 4296 535 4335 tensae
556 4305 635 4337 manns
654 4293 786 4349 complexas
804 4291 915 4337 redibant.
944 4293 1065 4343 rosteriam
1081 4301 1138 4334 reru

107 4357 211 4416 suscepte
222 4369 305 4415 oorpns
317 4355 400 4402 mmet
411 4361 465 4403 iesu
477 4371 491 4402 a
504 4371 569 4402 srnoe
582 4357 724 4416 depositum,
741 4373 798 4416 quae
816 4356 956 4412 lacrymabili
967 4367 1025 4402 vocs
1037 4355 1138 4402 dicebatr

107 4426 165 4482 qnid
177 4424 265 4476 iecisti.
278 4439 293 4472 o
306 4429 360 4472 tesn
371 4423 406 4470 ili
418 4425 451 4470 mi
463 4424 587 4480 oan'ssirue,
606 4441 675 4481 quare
687 4427 767 4474 sumet
781 4435 803 4475 te
815 4425 984 4474 cnroifireruntt
1001 4435 1059 4479 quas
1071 4437 1138 4470 cause

874 4507 931 4564 ⁵⁹0
