2828 5302
66 449 143 528 Cep.
157 444 356 508 CCXXXIH„
369 444 414 503 De
426 455 527 504 seuctc
538 445 731 506 huuemuudo
744 446 967 528 archiepiscopo
979 461 1034 510 etc.
1056 451 1121 512 947

64 607 241 648 ttccccxvlll.
266 601 375 657 sepultus
388 608 424 646 est
437 609 514 646 eutem
527 601 558 644 ssi
570 605 693 646 Vennones
707 615 828 649 coruscees
841 606 912 650 seriis
923 609 1000 659 signis.
1027 611 1047 651 0
1060 611 1119 654 viu-

65 670 138 723 ceuti,
157 669 301 726 preedicetor
317 668 424 714 veritatis
442 677 466 712 et
479 669 560 712 ductor
572 669 682 721 menime,
706 684 777 724 rprreru¹
788 673 921 724 snselorum
933 689 984 718 cum
998 675 1117 720 ordinibus

64 739 243 796 triumphantem
255 736 335 782 felices
349 736 439 781 enimse
453 743 633 792 prosequuntur,
651 751 694 782 nos
713 737 767 782 love
785 739 831 784 tuis
848 741 956 795 precihus
970 743 1081 787 sublimes
1093 745 1117 788 iu

65 805 142 856 retius
155 804 302 850 coelestibus.
329 809 410 851 Amen.

311 1313 419 1431 tlt.
453 1313 864 1433 illinitum.)

84 1479 160 1549 lhc
186 1483 354 1550 sarecto
374 1481 704 1590 Amucmundc
726 1477 1087 1566 archiepiscopo

394 1599 396 1604 ’
446 1599 497 1666 ct
516 1597 730 1670 murtro.

139 1755 240 1800 Dilectus
253 1761 301 1801 Dec
315 1765 340 1801 et
352 1757 483 1806 hominibus
495 1766 587 1804 tructus
600 1759 765 1805 Anumuunrlue
778 1757 935 1811 husdunensis
954 1758 1108 1813 archipraesul

60 1830 84 1866 et
98 1823 197 1878 iurlstus
210 1825 289 1880 memir
300 1839 328 1870 ex
341 1826 425 1872 illustri
443 1827 551 1884 prosepin
569 1827 657 1871 ducens
675 1827 787 1880 cripinem
805 1825 865 1870 inter
881 1825 967 1869 euliccs
986 1825 1111 1876 nnsohsrti

60 1896 196 1936 rrenconun
209 1891 268 1944 renis
281 1894 379 1938 nutritus
391 1893 435 1937 tuit
442 1926 448 1946 ,
463 1893 505 1938 sesi
517 1893 642 1938 eorundem
654 1896 743 1939 evileue
753 1893 869 1938 couscrrin
877 1893 938 1935 viem
951 1893 1109 1936 mendatorum

60 1959 103 2002 Dei
117 1959 225 2012 cucurrit,
238 1961 278 2014 qui
291 1961 322 2005 oh
335 1961 397 2006 sites
411 1961 583 2006 seuclimcuiern
597 1961 628 2004 erl
640 1960 799 2014 erdrrueusis
812 1959 877 2004 urbis
888 1959 1108 2016 erclriepiscopetrmr

59 2028 143 2070 usensit
155 2027 292 2083 promoveri.
319 2034 342 2072 ls
359 2029 437 2082 iisque
450 2027 578 2084 pontiflceli
591 2029 712 2074 decoretus
724 2027 798 2072 inlule
812 2027 917 2071 omnihus
931 2042 983 2072 curn
996 2028 1058 2080 regui
1072 2027 1094 2070 iu

58 2093 178 2140 calistum
190 2097 316 2152 percusistis
329 2104 447 2152 prmum
460 2096 560 2149 exstitit,
582 2098 645 2150 quud
663 2095 768 2140 nonrmlli
786 2107 906 2152 procerum
924 2108 990 2144 segre
1008 2092 1108 2138 serenico

58 2176 113 2206 eum
125 2162 190 2216 quusi
204 2163 266 2218 renni
279 2178 408 2210 eversorem
421 2165 498 2209 leesee
511 2165 637 2220 sunjestutie
656 2163 757 2208 criminis
771 2163 834 2220 epud
847 2175 922 2214 retem
936 2167 1108 2207 sccusercrunt.

59 2231 134 2286 (tuem
146 2231 177 2273 ob
192 2244 283 2278 nissum
296 2231 325 2274 eh
340 2231 467 2288 episcopali
479 2229 535 2275 sede
548 2229 657 2274 exulavit.
684 2237 703 2276 0
717 2231 838 2276 maledicte
852 2229 947 2282 insidis,
961 2236 1038 2286 perte
1049 2229 1108 2273 Abel

58 2297 268 2353 incrementum,
282 2307 358 2355 perte
372 2299 486 2344 Jolsennes
499 2297 601 2354 bsptiste
615 2299 748 2352 decolletur,
762 2314 803 2353 per
817 2307 840 2342 te
853 2304 919 2342 lesus
933 2297 1033 2342 christus
1046 2297 1108 2341 ttius

59 2365 104 2410 Dei
116 2379 185 2411 serus
198 2366 344 2420 crucifigitur,
358 2381 400 2422 per
412 2374 435 2410 te
449 2366 518 2410 disus
531 2364 623 2420 preesul
636 2367 800 2410 Anueuumdus
819 2366 880 2422 eprsd
895 2379 970 2417 regem
983 2373 1109 2410 eccusetur.

58 2431 108 2480 Seri
124 2432 162 2477 vir
178 2433 220 2478 liei
234 2435 310 2478 omnis
328 2448 401 2488 nequo
415 2433 490 2477 lerens
503 2433 579 2478 nnimo
593 2433 737 2486 elerucsiuis,
757 2433 860 2488 iejuniis,
877 2431 963 2484 sigiliis
982 2439 1005 2475 et
1023 2431 1108 2476 cretio·

57 2500 127 2544 trihus
146 2505 272 2556 ceterisque
290 2501 382 2558 pietntis
400 2501 509 2556 operibus
528 2516 579 2544 curu
599 2500 659 2544 clerc
677 2515 768 2556 semper
779 2499 887 2544 iustnbet.
912 2499 1036 2544 musenim
1050 2515 1109 2544 mer-

56 2567 136 2614 tiriuru
152 2571 218 2622 hujus
237 2569 330 2621 sloriosi
348 2568 461 2624 pressulis
480 2567 541 2610 henli
561 2568 706 2612 enncuundi
725 2575 748 2611 et
766 2581 806 2612 suu
820 2565 897 2623 pinssio
911 2565 993 2612 similis
1006 2566 1108 2622 pessioui

56 2635 180 2680 selretoris
194 2636 281 2680 domini
295 2636 366 2681 riostri
375 2641 429 2684 lesu
440 2634 554 2680 christiin
564 2635 672 2690 quinque.
698 2635 771 2678 trimo
780 2635 803 2678 in
815 2633 950 2684 traditiones
963 2635 1007 2680 luit
1017 2649 1108 2692 nempe,

57 2711 84 2754 ut
102 2701 200 2748 testetur
215 2711 320 2750 eructum
339 2705 496 2757 ernnpeliruu,
519 2703 626 2748 dominus
642 2710 721 2746 noster
745 2701 844 2746 truditur
869 2709 963 2757 propter
985 2702 1108 2748 inridisms

57 2771 159 2824 sciehet,
177 2771 251 2826 iuquit
269 2771 374 2826 Pylntue,
391 2772 455 2826 quod
473 2778 567 2826 propter
585 2769 697 2813 invidiatus
716 2771 865 2814 tradidissent
884 2784 943 2815 euru.
970 2768 1007 2813 Sic
1025 2771 1108 2814 heetus

57 2839 221 2883 ennunundus
240 2847 358 2884 recusatus
376 2849 411 2883 est
429 2847 452 2884 et
471 2845 581 2882 mortuus.
608 2837 712 2882 Secundo
726 2836 770 2880 lnir
784 2837 866 2882 similis
879 2836 902 2880 in
916 2835 1058 2881 inimicorum
1071 2837 1108 2881 di-

55 2905 168 2956 lectiones
187 2905 289 2956 selvetcr
306 2915 385 2952 uester
402 2907 426 2950 in
445 2921 511 2950 cruce
528 2919 642 2961 expensus
660 2906 761 2950 omnium
780 2905 851 2948 ierme
865 2903 969 2947 dolorum
987 2903 1107 2948 iinmemor

56 2974 133 3016 crevit
152 2971 183 3016 ed
198 2981 286 3028 petrem
304 2987 347 3029 pro
366 2974 414 3019 suis
432 2973 531 3018 inimicit
547 2973 579 3016 ite
599 2973 690 3018 dicens·
708 2981 774 3028 peter
792 2973 961 3024 ementissime,
981 2980 1047 3028 peter
1064 2972 1106 3016 he·

55 3039 202 3092 uisnieeime.
221 3055 250 3084 ex
268 3041 337 3086 corde
356 3055 441 3094 exoro,
460 3041 551 3093 ignosce
568 3041 610 3096 iis,
628 3042 681 3094 quie
695 3042 811 3093 nesciunt,
825 3039 888 3094 qnod
900 3039 997 3085 leciunt.
1022 3045 1107 3084 lieetus

56 3105 224 3152 Aunemundus
236 3109 269 3152 siu
288 3110 363 3152 crevit
382 3123 424 3165 pro
438 3107 485 3152 suis
499 3109 683 3166 persecutoribus
696 3117 719 3152 et
733 3107 807 3154 inuiis.
833 3107 913 3152 Tertio
925 3106 950 3152 iu
963 3115 1041 3151 sencts
1055 3120 1114 3151 crs-.

56 3175 121 3220 tione
134 3175 235 3220 christus
248 3179 314 3220 lesus
328 3176 403 3222 sciens
416 3177 494 3222 liorem
508 3176 544 3220 eui
556 3177 665 3221 transitus
679 3176 754 3221 orerit
768 3176 798 3218 esl
811 3183 910 3230 petrem,
929 3181 953 3218 ut
967 3187 1035 3226 euos,
1048 3188 1106 3227 quos

56 3243 182 3295 dilexerint,
196 3243 311 3287 custodire
324 3243 462 3295 dirueretur.
489 3243 526 3288 Sic
544 3243 657 3296 tlcriosus
676 3245 755 3287 martir
773 3244 847 3287 sciens
861 3249 957 3286 mortem
971 3235 1035 3286 erreu's
1048 3242 1106 3285 vici-

55 3325 110 3355 uem
123 3324 188 3363 esse,
201 3310 232 3354 ed
244 3310 370 3355 cretionem
383 3310 453 3364 lusit,
472 3319 495 3355 et
509 3325 560 3356 cusu
573 3311 656 3355 civiles
670 3319 730 3356 esset
743 3309 882 3354 circumdnte
895 3309 988 3353 cohorte
1001 3323 1031 3352 ex
1043 3325 1106 3352 runn-

57 3379 114 3422 detc
126 3376 248 3434 principis,
266 3377 352 3422 divinis
371 3378 493 3425 celebretis
511 3378 624 3432 mysteriis
642 3379 672 3421 sel
686 3393 752 3422 essum
769 3378 879 3434 populum
892 3378 937 3421 eits
956 3389 1042 3430 queeso
1055 3389 1106 3428 vos,

55 3445 139 3490 tretres
148 3444 204 3497 mei,
222 3451 246 3488 et
259 3458 348 3498 omnes,
366 3453 392 3490 ut
411 3445 431 3490 si
449 3445 473 3488 iu
486 3444 564 3498 sliquo
575 3457 619 3489 vce
630 3444 765 3490 offenderim
777 3453 844 3498 etque
857 3444 980 3498 ‹pricquem
992 3442 1107 3486 violenter

56 3511 204 3565 abstulerim,
227 3525 274 3556 usu
298 3511 391 3564 ludisne
418 3512 510 3564 feretis,
531 3513 573 3556 sed
591 3513 713 3558 remittetis
732 3513 840 3568 pnciiice,
864 3510 973 3565 quonism
990 3510 1105 3554 nerninem

55 3587 159 3624 vestrmn
172 3591 266 3631 nevere
277 3579 350 3624 volut.
376 3585 407 3625 et
420 3579 454 3624 illi
467 3579 604 3625 uueuimiler
616 3581 796 3637 responderunt=
811 3579 932 3632 numquid,
946 3583 1025 3634 pestor
1037 3578 1105 3629 hone,

55 3647 126 3692 nobis
144 3647 244 3698 issretus
263 3646 386 3691 exstitistit
405 3663 418 3692 e
432 3647 526 3692 minimo
539 3648 599 3692 enirn
613 3661 685 3701 usque
698 3647 729 3691 ed
743 3647 866 3690 mesimum
879 3644 925 3689 tuis
939 3643 1056 3688 beneficiis
1070 3658 1106 3686 re-

54 3715 147 3758 levetcs
159 3721 228 3768 etque
241 3713 327 3758 dilutos
340 3728 392 3759 esee
405 3730 532 3761 censemus.
557 3720 594 3759 ‘l'u
606 3723 684 3760 nostre
702 3714 796 3767 indulge
808 3713 922 3764 iocinore,
943 3719 966 3755 et
982 3723 1025 3766 pro
1038 3711 1105 3754 nohis

55 3783 100 3826 nei
117 3781 271 3834 clementium,
291 3783 499 3837 petimus,2exore.
525 3783 554 3828 Et
572 3782 680 3827 lidelihus
700 3782 758 3826 dens
777 3781 961 3826 benedictionem
974 3778 1061 3828 creuit,
1080 3785 1105 3822 ut

54 3853 118 3894 Deus
139 3849 271 3901 dirueretur
291 3850 403 3906 populum
424 3865 490 3895 enum
513 3864 666 3906 presservere.
706 3857 793 3908 Quarto
814 3849 897 3903 judicis
922 3845 1106 3902 pressenteticue

54 3915 185 3961 ostenditur
202 3915 344 3974 similitudo,
364 3919 420 3972 nnis
437 3918 545 3963 duruiuue
564 3923 618 3962 rute
636 3919 734 3974 iudicem
754 3918 858 3972 t’yletruu
876 3920 1033 3970 preesentetes
1054 3910 1106 3963 fuit,
1148 3937 1149 3940 =

53 3999 109 4028 uem
125 3985 262 4030 victoriosus
279 3983 385 4042 pontiler'
404 3985 569 4030 turismundus
587 3987 618 4029 nd
637 3999 690 4039 eos,
712 3984 752 4039 qui
764 3999 816 4028 eruu
830 3982 983 4036 qrreerehent,
1002 3980 1107 4023 accessit.

55 4053 145 4109 Quibus
158 4052 263 4097 selutetis
276 4053 356 4102 diceus
369 4053 412 4098 iiss
426 4063 479 4109 'pex
489 4051 666 4106 robustum
679 4053 781 4108 repletus
798 4059 907 4106 tyrenuus
920 4063 971 4092 cum
984 4061 1026 4090 sue
1038 4047 1107 4089 turbe

54 4120 128 4163 dixitr
140 4121 254 4172 volumus.
268 4127 294 4164 ut
307 4121 337 4164 erl
350 4121 505 4176 pressentinm
518 4121 577 4172 renis
590 4122 695 4179 protinus
707 4120 795 4164 venies.
822 4124 849 4162 ut
862 4117 958 4162 eductus
968 4117 997 4158 eh
1009 4113 1107 4158 inimicis

55 4195 153 4244 pereunt
173 4188 323 4233 uetisccneus
343 4197 367 4232 et
385 4187 480 4232 sisiteto
499 4188 610 4245 episcopo
628 4188 659 4233 eri
676 4187 816 4232 territorium
834 4185 984 4231 cebilcuenso
1003 4182 1106 4226 veniunt.

55 4255 155 4312 Quidum
169 4269 223 4300 rsrc
237 4263 329 4300 euectus
342 4256 450 4300 secerdos
464 4269 515 4300 eum
530 4255 648 4300 risiteudo
660 4253 772 4300 sumserit
785 4253 816 4296 ed
828 4251 972 4308 tolerentieur
984 4249 1106 4304 persiccis,

55 4329 81 4368 ut
98 4323 192 4376 euselus
209 4324 233 4368 in
252 4325 320 4368 horto
339 4324 477 4368 enlvnrorem
495 4331 598 4368 uostrmn
617 4321 736 4369 nnimerit.
763 4322 847 4378 Quinto
861 4328 896 4364 est
910 4317 991 4364 similis
1004 4316 1029 4360 iu
1042 4315 1105 4358 finali

55 4393 258 4444 consummatione,
270 4406 323 4435 nem
337 4391 429 4448 expleto
442 4391 480 4434 die
494 4403 539 4434 ncx
552 4391 628 4435 sisinn
643 4391 760 4444 successit,
773 4391 796 4434 in
810 4405 855 4444 que
868 4387 1015 4442 virheipost
1026 4384 1106 4436 longus

836 4470 897 4526 m!
