2984 5316
152 573 153 576 Ἴ
267 493 341 572 Cap.
366 491 456 550 CVll.
500 493 545 552 De
567 503 666 549 sancio
688 495 834 551 Germano
857 495 1005 574 episeopo.
1095 494 1153 555 451

112 649 174 706 sida
191 655 219 706 ei
236 648 290 704 iiio
308 664 357 704 suo
376 649 560 705 ilaieniiniano
579 648 722 705 lionoriiioe
745 657 883 722 susceptus
909 659 965 718 esi,
997 652 1063 706 lione
1092 669 1154 708 uero

113 765 214 806 eoense
230 752 324 822 regina
341 750 364 804 ei
385 751 456 803 misit
473 763 520 803 ras
538 751 642 820 urgeuii
661 747 846 820 amplissimum
869 750 1068 810 delicatioribus
1087 754 1154 808 oilris

112 850 234 919 plenum,
260 849 328 919 quod
349 848 394 902 iile
414 850 454 902 sio
472 849 606 916 suscepit,
635 855 663 902 ui
685 846 759 902 eibos
784 849 887 905 lanulis
911 851 1029 906 iruderei
1052 859 1078 906 ei
1101 853 1154 907 sibi

112 965 162 1019 pro
192 949 353 1019 pauperihus
384 948 468 1018 ipsum
492 961 539 1002 uae
561 955 713 1020 ergenieum
745 951 879 1006 reiiuerei.
915 948 985 1004 Loco
1011 967 1072 1007 vero
1098 971 1154 1008 nru-

113 1049 185 1103 neris
204 1048 275 1102 misit
292 1049 402 1119 reginae
420 1048 554 1103 souiellam
573 1046 689 1118 ligneam
710 1061 804 1117 paoem
822 1048 997 1104 irordeaoeum
1016 1055 1153 1108 ooniinon-

110 1153 172 1214 iem,
197 1147 267 1220 quod
293 1147 340 1201 iila
362 1147 476 1216 liisenier
499 1148 599 1215 recepit
632 1152 660 1200 ei
683 1161 730 1200 use
755 1146 820 1201 illud
849 1149 1014 1218 postmodum
1040 1160 1152 1224 urgento

112 1249 185 1304 ionii.
223 1245 339 1310 Quadam
359 1253 445 1300 aulem
464 1247 520 1300 vioe
538 1245 598 1300 dum
616 1245 752 1315 praedicis
771 1247 865 1318 regina
883 1263 939 1302 eum
958 1249 991 1304 ed
1007 1255 1151 1308 eonniriurn
1226 1249 1232 1262 '

111 1348 261 1411 invisorem,
279 1345 324 1399 iile
342 1344 458 1416 benigne
476 1327 594 1400 annueru
613 1343 647 1400 ab
667 1345 783 1415 irospiiio
800 1361 849 1400 suo
867 1361 952 1418 usque
967 1347 1000 1404 ed
1015 1349 1152 1419 eulalium,

110 1461 144 1500 eo
169 1443 239 1517 quod
261 1445 374 1516 jejuniis
400 1451 426 1500 ei
451 1443 616 1498 oruiiouibus
643 1453 715 1499 esset
738 1446 891 1512 coniectus,
916 1449 992 1502 esino
1016 1448 1153 1509 deiereuie

111 1551 233 1616 poriuius
252 1550 309 1609 esi,
339 1543 387 1598 sed
405 1542 465 1598 dum
485 1542 649 1612 comederet,
677 1545 768 1598 asinus
792 1548 876 1599 eeneii
897 1543 1018 1603 Germani
1036 1558 1153 1606 morinus

111 1651 161 1700 esi.
196 1642 270 1707 Guod
304 1645 399 1716 regine
424 1642 536 1698 audiens
568 1659 662 1714 equum
690 1645 771 1699 mirae
794 1645 1000 1701 mansueludinis
1025 1650 1154 1722 episeopo

110 1744 278 1814 praesentari
296 1742 369 1808 leoli,
388 1759 464 1814 quem
485 1745 588 1797 iuiueus
606 1744 658 1797 aii:
678 1759 751 1798 meus
769 1743 832 1798 milri
850 1746 940 1800 asinus
959 1757 1152 1819 prsesenieiur‚

111 1845 182 1916 quis,
201 1845 246 1916 qui
264 1857 304 1897 me
322 1835 375 1897 'une
388 1841 485 1907 ailulis,
503 1841 658 1913 reportabit.
678 1841 848 1915 Pergensque
862 1845 895 1898 ed
908 1844 1040 1902 cadauer:
1059 1865 1151 1923 surge,

110 1946 210 2015 inquii,
233 1943 334 1996 musoio
352 1944 515 1996 serenianus
531 1941 666 2013 luoepiiio,
691 1944 833 2014 sisiimque
859 1944 1002 2000 subsiliens
1020 1962 1050 2001 se
1067 1951 1151 2018 ipsum

111 2045 245 2099 oonoussii
261 2048 288 2096 ei
305 2041 382 2114 qussi
401 2039 466 2094 nihil
484 2041 544 2095 muli
563 2049 766 2113 passurorum,
785 2041 939 2099 Germanum
958 2044 992 2100 sd
1011 2045 1152 2117 ioospiaisun

111 2142 272 2214 deporiauii.
307 2139 360 2195 Sed
383 2144 524 2211 antequam
556 2140 590 2196 de
614 2141 741 2197 uersum
766 2143 867 2208 exiret,
896 2143 1046 2212 praedixit,
1079 2147 1152 2218 quod

110 2216 274 2316 nequequam
293 2243 319 2296 in
337 2237 387 2293 loo
406 2237 513 2293 saeculo
532 2239 630 2295 diutius
649 2246 804 2295 morareiur.
840 2239 904 2297 Posi
929 2243 1056 2300 modicum
1076 2244 1152 2303 lehre

111 2345 254 2414 surripitur
271 2347 299 2397 ei
317 2338 361 2393 die
380 2336 424 2392 llll
443 2339 469 2392 in
487 2337 592 2394 domino
611 2343 720 2394 moritur
744 2346 772 2397 ei
794 2355 890 2410 eorpus
907 2342 966 2412 eJus
986 2343 1020 2398 sd
1040 2342 1151 2415 Gallias,

109 2445 178 2499 sicui
202 2458 219 2496 a
240 2443 335 2514 regins
361 2440 492 2510 uellerea,
515 2445 720 2509 transporiuiur.
756 2437 830 2494 oium
855 2442 926 2494 uiros
947 2455 1032 2498 annos
1055 2444 1153 2502 domiui

111 2541 283 2600 CCCCXXX.
319 2538 414 2594 Verum
444 2552 501 2592 ouur
528 2546 636 2594 senoius
663 2536 807 2594 Germanus
837 2537 918 2594 iesse
938 2537 1059 2597 Eusebio
1086 2543 1152 2600 Ver-

108 2642 221 2700 eeilenei
239 2642 368 2712 episeopo
391 2638 573 2708 promisisset,
601 2636 672 2710 quod
699 2639 727 2692 in
751 2652 801 2692 sua
825 2640 977 2694 reversione
1002 2642 1151 2712 emicuere,

109 2759 187 2818 quem
206 2741 373 2806 insulanensi,
391 2740 444 2795 sihi
462 2737 607 2802 dedicaret,
625 2753 682 2793 oum
703 2737 878 2793 intellexissei
893 2731 1003 2795 'saneim
1021 2737 1152 2800 Eusebius

109 2842 215 2899 boeium
234 2839 389 2898 Germuuuun
409 2839 509 2893 exiisse
530 2836 562 2892 de
581 2851 703 2907 corpore,
732 2838 869 2894 ecelesiam
887 2854 961 2894 suam
981 2838 1152 2898 dedicaturus

109 2956 201 3000 oereos
218 2938 327 2996 emenus
342 2939 440 3010 jussit,
467 2935 516 2990 eod
540 2943 640 3007 quanio
664 2935 724 3006 plue
742 2937 972 3004 aoeeudebeniur,
1001 2946 1074 3010 unio
1092 2942 1152 3013 plus

110 3040 356 3113 exstinguerentur.
391 3034 467 3100 Quod
487 3033 580 3091 ridens
596 3033 727 3092 Eusebius
746 3037 876 3092 iuielieuii
894 3037 1087 3095 dedicationem
1107 3049 1154 3098 aui

108 3141 163 3197 ulio
192 3148 310 3210 mmpore
337 3135 394 3192 fieri
425 3142 551 3206 operiere
582 3141 629 3189 aui
657 3135 735 3190 alieri
760 3139 889 3208 episeopo
912 3143 1053 3194 reseruari.
1090 3141 1153 3196 Cum

109 3243 191 3314 igilur
221 3239 293 3295 lreeil
317 3235 440 3294 Germani
465 3249 562 3305 eorpus
588 3232 724 3290 Voroeilas
753 3234 869 3292 delatum
899 3235 1008 3302 luisset.
1038 3255 1098 3295 nou
1126 3243 1153 3297 in

110 3338 270 3412 praediolum
288 3336 428 3394 ooulesiuun
454 3332 587 3389 iuduoiiur
608 3338 636 3389 ei
658 3313 747 3389 sisiim
767 3337 837 3391 aerei
856 3351 947 3390 omues
966 3336 1092 3394 divinitus
1110 3342 1152 3395 iu-

108 3439 279 3494 dammuniur.
316 3434 392 3491 Tune
423 3439 532 3492 semotus
557 3430 688 3489 Eusebius
717 3435 902 3504 promissionis
929 3436 1002 3492 iesu
1028 3435 1151 3494 Germani

109 3539 224 3594 meminit
246 3542 274 3593 ei
300 3534 370 3609 quod
398 3535 489 3589 uirens
511 3547 541 3588 so
559 3531 684 3587 iussurum
704 3534 872 3602 promiserni,
897 3541 1026 3592 momuum
1053 3535 1151 3593 leeisso

109 3641 241 3712 eognorii.
278 3636 333 3691 iloo
359 3637 396 3690 iia
420 3633 646 3704 operaremini,
671 3639 700 3685 ut
723 3613 775 3686 nun
804 3630 970 3706 iutelligeiur
992 3633 1026 3690 de
1055 3651 1152 3708 magno

108 3735 223 3794 lluseisio
242 3735 418 3800 ileroeiiensi,
437 3729 508 3806 quod
526 3738 644 3802 tempore
661 3730 733 3785 iliius
754 3730 850 3784 iunium
870 3734 906 3786 eii
925 3732 990 3799 lieo,
1015 3750 1074 3790 uum
1093 3736 1152 3806 ipse

108 3836 157 3892 suis
184 3835 294 3891 lielenie
316 3835 476 3904 imperatore
500 3837 617 3887 mensus
642 3829 691 3884 luia
713 3835 740 3884 ei
765 3842 783 3885 s
809 3837 893 3885 morie
912 3833 996 3902 ipsius
1014 3849 1097 3907 usque
1116 3833 1150 3889 ud

109 3942 216 3991 moriem
234 3935 319 3990 sanoii
337 3931 460 3988 Germani
477 3929 548 3986 alies
564 3943 650 3984 snuos
667 3927 691 3984 L
708 3928 876 3986 sidunerani.
911 3928 971 3986 Fuii
996 3947 1061 4006 ergo
1083 3933 1152 3988 alius

104 4033 255 4098 Eusebius,
273 4032 323 4089 suls
341 4047 394 4105 quo
413 4029 498 4098 istud,
517 4026 747 4101 querimoniosus,
766 4031 861 4084 osenia
