2910 5310
283 511 322 576 ll
465 513 539 592 Cap.
561 511 598 573 ll.
643 511 688 572 De
710 523 808 572 annoto
828 511 941 576 Andren
962 516 1104 595 apostolo.

281 673 462 742 adhaesisset,
486 679 610 746 parentes
628 674 687 746 ojus
706 671 808 731 domum
830 675 857 729 ln
875 687 928 748 qna
943 672 1095 730 morabatur
1111 687 1167 730 com
1185 660 1317 746 apostolo,

282 772 478 832 succenderunt
513 771 629 846 Cumque
643 775 698 846 lam
716 775 743 828 ln
760 771 839 829 eltnm
858 773 961 830 lemna
978 780 1170 842 succresceret,
1188 790 1254 846 puer
1272 789 1317 830 ao-

282 882 360 947 oepte
374 872 491 944 ampulla
507 887 588 946 snper
604 875 691 946 Quem
711 875 811 944 sparsit
827 877 854 929 ot
871 875 959 930 stetim
983 875 1070 948 ignem
1092 875 1233 940 exstinxit,
1262 874 1316 932 illle

283 981 369 1031 entem
387 971 548 1030 dicentibus:
565 971 634 1028 ilius
651 978 742 1028 noster
759 987 852 1046 magos
870 979 912 1028 cst
928 974 1045 1032 ellectus.
1078 973 1143 1032 lium
1162 989 1211 1046 per
1228 974 1316 1032 scalas

283 1074 380 1132 veilent
397 1071 555 1140 ascendero,
582 1071 674 1136 clleo
690 1075 752 1127 sunt
768 1073 919 1138 excaecati,
956 1077 985 1129 ut
1008 1075 1082 1146 ipsas
1103 1073 1190 1132 sceler
1210 1078 1316 1148 penitus

282 1191 335 1232 non
351 1173 477 1231 riderent.
503 1171 578 1229 Turro
592 1171 696 1245 quidam
714 1171 863 1227 exclamans
879 1173 931 1228 alt:
948 1180 979 1228 nt
992 1173 1018 1244 ι)
1033 1173 1096 1247 qnid
1113 1189 1161 1230 res
1178 1174 1258 1230 molto
1275 1172 1316 1230 la·

283 1275 347 1332 bore
363 1275 530 1339 consumitis,
567 1271 639 1330 Deos
655 1277 757 1345 pugnat
774 1287 822 1344 pro
839 1273 873 1328 lis
890 1278 917 1328 et
933 1287 981 1329 roa
997 1288 1050 1329 non
1068 1272 1171 1331 ridetis.
1204 1273 1316 1332 Cessete

279 1378 352 1448 jum,
388 1390 420 1432 no
445 1376 473 1430 in
494 1389 542 1428 roo
565 1375 606 1429 lra
628 1371 677 1429 liei
700 1369 850 1428 descendat
900 1369 978 1430 liciti
992 1389 1057 1446 crgo
1075 1372 1195 1430 ridentes
1211 1372 1316 1430 dominc

282 1474 462 1541 credldcrunt,
497 1479 622 1544 parentes
646 1488 711 1529 nero
733 1472 792 1543 ejus
816 1476 878 1544 port
896 1473 1088 1546 quinquaginta
1104 1472 1161 1530 dies
1177 1475 1272 1530 mortni
1288 1475 1315 1530 ln

282 1579 446 1632 monumento
462 1579 523 1630 suot
538 1563 627 1644 positi,
644 1601 679 1614 -
697 1600 729 1612 -
746 1575 779 1632 8.
798 1569 932 1635 Quaedam
947 1572 1040 1629 molier
1056 1572 1158 1629 cuidem
1169 1570 1315 1631 homicidae

283 1676 423 1747 conJrncte
438 1689 495 1730 com
511 1686 606 1744 parere
623 1687 674 1727 nec
692 1677 800 1745 posset,
835 1673 922 1729 sorori
939 1686 1004 1728 onae
1019 1671 1100 1728 dixit:
1133 1673 1203 1729 rade
1221 1679 1248 1730 et
1265 1689 1314 1746 pro

282 1773 454 1846 mallyacum
470 1772 599 1828 dominam
615 1777 732 1827 nostram
753 1773 855 1832 invoca
900 1771 949 1829 cn
966 1773 1099 1829 invocanti
1115 1775 1155 1829 ait
1172 1772 1314 1847 dyabolus:

190 1952 192 1954 Ι
282 1889 330 1930 cnr
346 1888 388 1930 me
405 1875 531 1942 invocas,
550 1887 606 1928 cnm
622 1870 671 1927 tibi
687 1871 816 1944 prodesse
832 1887 886 1928 ncn
904 1873 1019 1943 poesim?
1054 1871 1107 1930 Sed
1124 1874 1193 1930 rado
1206 1873 1241 1930 ed
1259 1875 1315 1931 An-

282 1973 373 2030 drean
399 1971 563 2045 apostolum,
598 1974 642 2045 qui
660 1986 777 2027 sororem
792 1977 864 2026 tuam
881 1969 979 2044 poterit
994 1971 1130 2044 adjurare.
1180 1972 1222 2030 td
1239 1981 1315 2048 vern

282 2089 340 2130 oum
357 2073 451 2130 inisset
468 2079 495 2128 et
510 2071 658 2145 apostolom
679 2069 713 2128 ad
729 2085 846 2126 sororem
869 2071 1059 2143 periclitantem
1081 2071 1217 2142 connect,
1252 2073 1316 2129 dicit

283 2176 309 2232 el
326 2171 477 2247 apostolos:
501 2179 572 2228 recte
588 2170 639 2227 lnoe
654 2171 770 2246 pateris,
788 2172 851 2243 quie
866 2171 934 2229 mele
953 2172 1066 2240 duxisti,
1084 2171 1152 2230 male
1170 2175 1315 2246 concepisti

282 2279 312 2332 et
328 2271 469 2329 desuem
487 2271 649 2328 consuluisti.
684 2269 738 2326 Sed
752 2275 840 2327 tamen
855 2273 991 2344 poenitere
1008 2278 1035 2329 ot
1049 2273 1077 2328 lo
1088 2271 1218 2330 Christum
1235 2273 1314 2331 crede

283 2380 312 2432 ct
325 2387 432 2446 puerum
444 2373 553 2446 projice.
571 2371 630 2436 Qua
643 2369 766 2428 erodente
779 2369 926 2427 ahordrum
939 2372 1050 2444 protolit
1058 2379 1085 2429 et
1097 2372 1174 2429 dolor
1189 2377 1313 2444 cessarit.

282 2477 405 2532 —-4.
419 2471 507 2528 Senex
523 2469 628 2544 quidam
643 2471 748 2525 nomine
764 2467 889 2526 Nicoleus
903 2457 970 2526 adlit
984 2471 1131 2544 apostolom
1143 2473 1313 2542 dlccnssdo·

283 2575 360 2640 nmine,
374 2571 612 2652 ecceseptnaglnts
624 2572 686 2626 anni
701 2571 853 2626 ritaemeae
863 2575 932 2638 sunt,
950 2570 1314 2652 inquibusaemporlnnpriao

282 2673 422 2730 deserviri.
448 2671 547 2742 Accepi
563 2678 650 2728 culeos
665 2667 808 2742 aliqnando
827 2671 991 2741 ermgelinm
1008 2685 1086 2727 orans
1096 2671 1187 2738 ileum,
1205 2677 1234 2728 nt
1248 2672 1331 2742 nolli„

283 2771 394 2831 cnudo
415 2771 443 2842 ²)
459 2771 642 2827 continentiam
665 2769 818 2846 largiretur.
868 2769 922 2827 Sed
937 2772 965 2826 ln
981 2773 1041 2844 ipso
1057 2777 1165 2844 peccate
1181 2772 1315 2830 mesters-

282 2881 326 2930 tos
342 2879 370 2930 st
386 2886 403 2927 c
418 2869 489 2926 mala
505 2871 717 2941 concupiscentie
732 2869 834 2927 illectas
856 2873 946 2927 stetim
964 2869 999 2926 ad
1016 2887 1083 2942 opus
1100 2870 1205 2926 solitum
1223 2888 1314 2929 rever·

282 2971 368 3031 sebon
422 2969 540 3035 Quodam
572 2970 655 3042 igitur
682 2972 740 3026 rice
770 2972 983 3043 eoncupiscentia
1016 2969 1189 3027 indamnatos
1216 2970 1314 3028 chinon

283 3071 457 3146 evangellum,
479 3067 550 3141 quod
568 3083 649 3142 super
666 3084 707 3126 no
725 3085 865 3142 posueram
885 3072 922 3144 ³),
939 3069 975 3126 ad
991 3069 1104 3141 lupanar
1119 3072 1155 3126 irl
1175 3053 1314 3144 statimque

282 3173 406 3231 meretrix
424 3169 491 3226 dixit
507 3167 583 3224 rnilil:
601 3167 729 3242 egredere
747 3185 838 3238 senex,
855 3169 993 3244 egredere,
1011 3171 1074 3242 pule
1090 3169 1258 3244 angelosDei
1274 3186 1313 3238 eo,

282 3278 312 3329 tu
335 3287 370 3328 ne
399 3285 441 3328 ure
465 3271 605 3342 contingas
628 3285 714 3342 nequo
736 3267 786 3326 lonc
801 3269 927 3327 accedere
944 3283 1112 3344 praesumes:
1146 3269 1224 3326 rideo
1247 3271 1315 3326 enim

282 3376 398 3444 superte
414 3367 552 3426 mirffllia.
572 3367 742 3440 stupefactus
761 3368 886 3426 ndredm
901 3370 1034 3426 merericls
1052 3369 1162 3436 recolui,
1181 3367 1312 3441 quodmo-

282 3485 340 3527 rnm
356 3469 521 3542 comgellum
537 3466 698 3525 detulissem.
715 3469 789 3526 lione
806 3471 897 3540 igitur,
916 3469 1011 3526 Sancte
1021 3467 1079 3538 lici,
1094 3485 1143 3542 pro
1159 3455 1316 3526 selute'mea

283 3575 330 3626 toa
346 3571 392 3642 pia
413 3571 499 3625 cretio
516 3566 669 3625 intercedet
702 3567 819 3626 Audiens
837 3566 887 3624 lroc
901 3567 995 3625 boetus
1011 3567 1132 3626 Andreas
1148 3570 1212 3625 llerc
1228 3569 1316 3639 eoepit

283 3675 311 3728 ot
325 3685 344 3726 a
360 3671 439 3726 tertia
456 3684 540 3742 nsque
556 3669 591 3724 ad
610 3683 704 3724 nonam
721 3669 808 3724 orarit
821 3675 848 3725 ot
864 3683 976 3741 surgam
994 3667 1079 3724 noluit
1095 3668 1255 3736 comodere,
1267 3666 1316 3724 sed

283 3772 339 3827 alt:
354 3785 407 3825 non
423 3767 566 3838 conedam,
586 3768 670 3824 donec
687 3771 777 3830 sclam,
795 3771 817 3822 sl
838 3767 955 3824 dominus
973 3766 1139 3824 miserebitur
1147 3767 1226 3839 lrnjns
1234 3770 1315 3825 senis.

285 3869 404 3942 dumque
416 3867 509 3924 diebos
532 3870 648 3940 quinque
660 3869 825 3939 jejunasset,
852 3869 923 3923 venit
940 3881 992 3922 ron
1008 3866 1044 3923 sd
1059 3866 1191 3926 nndmnm
1208 3867 1316 3924 dicens:

283 3967 387 4025 obtines
403 3965 511 4024 Andreae
526 3983 575 4040 pro
593 3983 666 4024 sene.
692 3965 746 4024 Sed
763 3969 832 4022 siout
847 3983 896 4038 por
908 3969 1036 4040 jejunium
1056 3969 1193 4024 maceronti
1212 3973 1248 4033 te,
1267 3970 1317 4032 sio,

284 4074 356 4146 sect
371 4070 430 4140 lpse
447 4065 552 4140 affligat
560 4068 670 4141 Jolnnlis
687 4071 716 4122 nt
731 4065 856 4122 salvetur.
877 4065 973 4138 Sleqoe
988 4066 1051 4122 iecit
1067 4073 1094 4122 et
1113 4068 1139 4121 ln
1156 4081 1204 4122 sex
1220 4069 1316 4122 inenti-

283 4161 333 4225 bus
351 4169 380 4224 ln
397 4181 466 4240 panc
484 4173 512 4223 et
529 4181 600 4238 aqna
618 4167 750 4238 jejunarit
766 4172 793 4222 ct
810 4164 973 4237 postmodum
990 4164 1083 4238 plenos
1100 4164 1177 4221 bonis
1193 4164 1318 4237 operibns

334 4355 357 4408 l)
368 4359 434 4400 reno
447 4325 591 4398 scribendum
604 4351 647 4397 nd.
723 4352 746 4406 ἱ)
758 4351 913 4398 neeerrticretn
927 4349 1041 4404 amodo,
1053 4351 1137 4396 moine
1148 4349 1253 4402 fortasse,
1265 4349 1319 4404 quin
1355 4365 1357 4370 ·

284 4419 460 4478 crespulinum
473 4421 564 4477 caepim
577 4433 590 4463 n
603 4418 751 4476 scriptoribus
764 4419 815 4464 neri
828 4419 898 4464 medii
907 4417 957 4463 icco
968 4418 1144 4474 conjunctionis:
1157 4418 1240 4464 orode
1254 4429 1318 4463 nonr-

196 4549 199 4555 ,
285 4496 358 4546 prino.
443 4488 466 4539 ³)
479 4487 525 4532 stit
537 4493 677 4543 porroernt
690 4485 792 4533 offerunt.
