2918 5302
277 505 350 584 Cep.
380 503 508 566 CXLVl.
549 503 594 564 Dc
615 510 715 562 saneto
736 501 920 579 Hieronymo.
1057 499 1118 563 663

80 663 238 732 corruisset,
261 663 352 734 tetigit
372 676 430 718 eum
456 658 568 734 angelos
592 657 697 715 diceus:
724 657 778 714 noll
801 659 909 726 timore,
934 672 988 729 pex
1005 657 1070 726 tihi,
1093 663 1120 715 et

80 763 233 820 coniectare
253 767 280 818 et
297 767 356 817 estu
374 758 515 826 rohustus3
539 756 655 814 secundo
679 757 712 813 eh
736 759 902 828 impatientia
925 758 1119 826 consecrando,

80 861 193 918 issimi
217 861 322 934 ungulis
347 861 403 916 suis
420 857 554 914 mandevit
571 856 606 912 de
623 865 651 914 te
669 865 717 914 etc.
751 856 780 912 ln
798 856 918 912 munibus
934 856 1076 928 portehuut
1093 862 1120 912 to

81 969 147 1030 etc.;
174 963 253 1017 tertio
273 963 357 1033 ipsum
375 958 569 1015 tribulationem
590 953 774 1030 refrigerando
796 961 824 1018 et
843 955 998 1022 minuendo,
1022 963 1049 1010 ct
1066 955 1121 1012 hoe'

80 1065 204 1136 signetur
221 1062 288 1118 lien.
304 1058 353 1128 tlt,
373 1057 418 1114 niul
431 1056 544 1131 angelus
556 1056 653 1112 domini
670 1073 726 1110 oum
738 1054 966 1126 trihus-pueris‘in
986 1054 1117 1112 fornacem

82 1160 219 1218 deseendit
237 1167 263 1216 et
281 1159 344 1215 lecit
363 1156 473 1214 medium
493 1156 609 1212 iornucis
627 1156 702 1227 quasi
723 1160 825 1212 ventum
844 1155 913 1210 cocis
932 1154 1047 1212 llantem.

495 1399 703 1420 ——u—

411 1651 507 1748 cll.
532 1649 667 1748 tilii.
691 1648 796 1747 tihi

242 1805 325 1875 lle
359 1805 555 1875 saneto
593 1801 960 1906 Hieronymo.

149 1967 322 2040 Hieronymus
335 1967 431 2024 dieitur
448 1983 565 2042 agerer,
584 1967 653 2040 quod
672 1977 715 2026 est
731 1976 860 2036 sunctum,
877 1975 905 2024 et
923 1981 1024 2033 nemus,
1044 1967 1120 2038 quusi

83 2074 200 2122 sanctum
224 2083 331 2136 nemus,
356 2056 399 2124 cel
426 2084 517 2136 romu,
545 2068 615 2140 qnod
640 2075 682 2124 est
708 2069 761 2125 lex.
808 2067 882 2124 lindo
908 2067 1004 2122 dieitur
1029 2067 1056 2120 ln
1080 2065 1120 2120 le-

82 2165 259 2240 gondoeno,
285 2167 355 2238 qood
380 2167 550 2239 llieronpmus
574 2171 763 2240 interpretetur
786 2182 864 2224 suero
885 2166 939 2222 les.
975 2163 1035 2220 Fuit
1052 2166 1119 2218 enim

82 2274 207 2336 emotus,
229 2267 256 2324 id
281 2274 322 2322 est
344 2267 431 2322 iremus
455 2266 624 2323 celmundus
643 2269 685 2324 eel
703 2269 833 2341 sunguine
855 2268 970 2332 tinctus,
994 2263 1037 2318 vel
1060 2264 1120 2318 usui

83 2382 162 2424 sucro
177 2367 329 2440 deputatus,
344 2369 415 2422 sicut
429 2381 495 2422 cusu
505 2368 595 2438 templi
608 2367 766 2424 dicebantur
780 2374 881 2434 eructu,
895 2367 958 2438 quio
970 2378 1048 2420 sucro
1061 2364 1121 2417 usui

83 2465 218 2540 deputatu
253 2465 313 2522 l'nlt
332 2467 399 2522 enim
418 2473 540 2535 suumne,
563 2451 650 2524 idest
671 2465 758 2522 tirmus
777 2469 804 2522 ln
822 2466 891 2522 hono
911 2480 993 2535 opere
1012 2469 1122 2534 propter

82 2568 297 2639 perseverentiae
314 2567 540 2640 longanimitatem
559 2574 585 2622 et
602 2566 712 2622 mundus
726 2569 751 2622 in
766 2572 851 2622 mente
871 2582 920 2636 per
936 2565 1077 2637 puritatem
1093 2569 1122 2618 et

83 2671 212 2740 ιιιςιιιιι
226 2669 323 2722 tinctus
336 2683 384 2739 per
402 2666 548 2723 dominicae
562 2668 696 2738 passionis
708 2666 914 2731 meditationem,
936 2667 1048 2734 1)ιιιιιιι
1060 2666 1121 2718 ιιιι.

83 2765 225 2839 deputetur
246 2775 295 2836 per
313 2768 461 2836 scripturae
477 2781 571 2822 suerso
598 2769 790 2837 expositionem
815 2773 842 2821 et
867 2766 1119 2836 interpretationem.

82 2865 185 2922 Dicitur
202 2873 230 2920 et
245 2879 336 2921 nemus
355 2881 373 2919 ιι
391 2882 512 2936 nemore,
536 2866 582 2922 uhi
601 2866 744 2940 uttquando
764 2873 937 2922 conversatus
955 2864 1014 2932 luit,
1033 2870 1061 2918 et
1077 2863 1120 2918 lex

83 2971 193 3036 prepter
204 2965 353 3038 regnissem
372 2962 548 3036 disciplinam,
566 2981 642 3038 quum
660 2965 805 3024 munecius
817 2982 881 3022 suos
897 2965 989 3021 docuit
1002 2963 1044 3019 uel
1059 2966 1123 3035 quie

82 3077 184 3121 suornm
197 3065 420 3138 legem-exposuit
432 3073 460 3122 ct
472 3067 660 3136 interpretetus
671 3067 729 3124 luit.
763 3067 936 3139 llieroupmus
947 3067 1026 3123 etiem
1038 3067 1120 3120 inter-

82 3171 202 3235 pretetur
225 3166 294 3220 visio
318 3165 519 3236 pulchritudinis
544 3168 585 3223 rel
609 3167 759 3238 dijudicant
776 3167 935 3224 locutiones.
969 3164 1018 3222 Est
1034 3172 1121 3222 autem

82 3263 219 3338 multiplex
241 3263 422 3335 pulchritudo:
446 3270 531 3337 prime
558 3275 601 3323 est
622 3268 782 3337 spiritualis,
808 3282 877 3341 quoe
902 3273 945 3324 est
969 3269 995 3322 iu
1017 3268 1121 3326 animes

82 3362 201 3417 secunde
225 3364 347 3432 morulis,
377 3381 446 3439 quae
472 3353 594 3422 consistit
618 3367 645 3420 iu
668 3365 808 3423 honestate
831 3383 944 3433 murnum
972 3367 1052 3421 tertis
1080 3367 1118 3419 in-

82 3461 259 3531 tellectualis,
282 3478 351 3536 quae
373 3472 415 3521 est
437 3464 606 3536 pulchritudo
631 3466 769 3540 angelicup
796 3473 891 3538 quurte
913 3464 1120 3536 supersubstan-

81 3560 170 3628 tialis,
198 3574 330 3634 quaeest
356 3562 463 3630 disinu3
486 3568 578 3636 quinte
597 3565 741 3634 eoelestis,
767 3580 836 3639 quse
860 3572 902 3621 est
925 3571 1075 3621 sunotomu
1093 3567 1119 3618 io

81 3661 178 3730 putris.
213 3660 286 3718 flens
303 3663 490 3734 quintuplteem
513 3663 731 3735 pulchritudinem
754 3665 925 3736 Hieronymus
950 3667 976 3720 in
1000 3681 1031 3720 se
1055 3665 1122 3720 vidit

82 3765 109 3816 ot
126 3757 231 3828 hahuit,
250 3776 308 3816 nem
327 3761 420 3818 hehnit
437 3765 600 3834 spiritualem
629 3767 656 3820 in
680 3768 803 3821 virtutum
830 3763 974 3832 varietnte,
994 3766 1120 3821 morulem

80 3859 108 3915 ln
126 3861 197 3916 uitae
213 3859 368 3928 honestate,
394 3862 598 3920 intellectualem
618 3866 643 3919 ln
663 3864 803 3920 excellenti
820 3865 951 3934 puritate,
974 3863 1118 3935 supersub-

80 3959 229 4016 stsutiulem
246 3960 273 4014 ln
290 3959 394 4016 sedenti
411 3965 531 4032 ceritete,
550 3961 691 4020 coelestem
710 3966 738 4018 lu
756 3970 866 4018 selerne
884 3962 924 4019 uel
939 3966 965 4017 in
979 3962 1120 4020 excellenti

80 4061 201 4115 caritate.
234 4059 395 4131 llijndleeelt
417 4063 495 4118 etium
512 4063 659 4120 locutiones
681 4066 739 4120 ulte
756 4063 855 4129 teche,
877 4068 930 4119 tom
953 4077 1017 4129 ens,
1040 4077 1117 4136 quem

80 4156 210 4225 eliorum
240 4173 289 4214 sue
313 4161 461 4216 examinate
491 4161 668 4233 proterendo,
698 4163 810 4220 slloruru
838 4177 904 4221 vers
932 4161 1118 4230 confirmando,

81 4253 342 4326 intercontinuante,
360 4258 442 4314 dehis
459 4275 524 4316 sero
544 4261 709 4331 exponendo.

78 4394 499 4414 m

130 4475 151 4528 t>
163 4475 250 4520 verber
271 4490 355 4524 sucro
367 4501 394 4512 -
407 4477 696 4538 interpretetiouem
710 4482 794 4531 omittit
806 4485 848 4533 ed.
861 4491 895 4536 ir.
