2984 5316
314 504 387 584 Cap.
411 505 514 566 cxiii.
561 507 606 567 De
626 520 725 569 nancto
745 510 907 572 Dominieo.
1063 510 1125 576 titt

89 661 217 734 episcopo
243 659 386 719 Oxorienei
412 666 440 718 irr
464 665 647 721 succentoria
665 669 805 724 canonicae
822 669 955 741 regutaris
973 669 1087 727 efficitur
1104 679 1132 728 et

90 760 255 832 postmodun
274 761 358 818 iactor
375 762 496 817 oneribus
515 765 585 819 ritae
602 765 735 836 specuium
754 780 771 823 a
789 770 924 823 caooutcia
940 772 1066 841 supprior
1085 787 1129 826 or.-

90 858 203 915 dioatur.
239 859 304 931 ipro.
332 867 418 918 auteur
450 861 493 918 din
523 877 555 920 ac
584 867 660 920 noete
684 864 792 920 iectioni
817 871 844 920 et
867 867 982 922 orationi
1008 869 1130 938 recubu,

90 957 201 1015 areidae
218 959 298 1015 iinon
317 975 448 1028 exorant,
475 967 502 1016 ut
520 961 573 1016 eibi
591 961 658 1016 bane
676 963 789 1035 gratian
810 963 947 1022 infundere
965 967 1130 1040 dignraretnr,

90 1071 143 1130 qua
166 1073 195 1115 ae
220 1065 302 1114 toturn
327 1059 470 1132 aiipuando
496 1060 577 1116 eaiuti
600 1062 865 1134 possetinpondere
881 1067 1066 1135 proximorum.
1102 1067 1132 1122 ln

89 1156 160 1213 iibro
176 1173 282 1230 voque
300 1157 333 1214 de
353 1139 540 1214 noiiationibue
558 1166 660 1231 potrum
678 1160 873 1217 studiosissima
896 1162 989 1238 iugera
1010 1179 1131 1238 magnum

29 1275 32 1280 ·
90 1255 262 1326 perfeetionis
289 1257 417 1313 oumuiuuu
441 1257 625 1328 apprehendit.
661 1258 778 1332 Pergeos
803 1267 889 1316 autern
914 1277 970 1332 curn
991 1263 1130 1333 praedicto

90 1357 217 1426 episcopo
243 1355 370 1412 Tolosam
397 1356 570 1428 deprehendit
592 1357 721 1428 hospitem
746 1373 819 1414 eoum
844 1358 980 1415 iraorotioa
998 1364 1131 1432 pravitate

90 1461 253 1526 corruptura,
278 1471 353 1527 quero
373 1455 408 1511 ad
426 1453 502 1511 idean
521 1455 620 1512 Christi
640 1460 770 1514 corrueriit
788 1464 815 1513 at
832 1460 907 1530 quasi
926 1459 1055 1530 quantiano
1074 1463 1130 1533 pri·

90 1553 219 1608 nritiaruru
243 1555 401 1626 inanipuiuur
430 1554 533 1611 iuturae
558 1557 652 1611 meueie
670 1554 774 1610 dornino
794 1561 982 1632 praesentavit.
1017 1558 1131 1632 Legitur

90 1652 116 1705 in
134 1656 220 1724 gretia
237 1655 340 1710 coniitia
357 1651 552 1720 Mentiriortie,
571 1653 652 1726 quod,
670 1669 727 1709 curn
745 1655 839 1710 beatus
853 1655 1004 1712 Dominieue
1016 1658 1129 1731 quadarn
1189 1656 1193 1666 '

91 1753 148 1808 rice
168 1753 208 1809 uei
226 1753 270 1810 die
293 1753 423 1810 &remur
448 1751 597 1808 baeretiooe
622 1753 820 1823 praedicarant,
846 1757 1036 1824 amonitates,
1062 1772 1129 1829 quae

90 1853 117 1908 in
140 1852 255 1909 rnediurn
270 1852 448 1925 produxerat,
476 1850 583 1925 redegit
610 1854 636 1908 in
667 1855 774 1924 eotiptie
809 1859 836 1910 et
865 1854 968 1910 cuidam
989 1854 1129 1912 baeretieo

21 1941 22 1944 ¹
89 1952 241 2010 acieduiaur
266 1953 337 2009 iiiarn
362 1951 486 2015 tradidit,
517 1956 546 2004 ut
576 1965 657 2022 nuper
687 1949 804 2022 objectio,
830 1952 980 2012 deliberare
1009 1954 1128 2012 deberet.

88 2050 138 2107 iiia
152 2060 240 2110 auteur
258 2057 337 2106 nocte
356 2050 389 2106 ad
409 2051 496 2124 ignem
513 2048 656 2106 haereticis
675 2053 846 2124 congregatis
863 2051 1031 2121 ecbeduianr,
1050 2067 1128 2125 wana

89 2157 242 2221 receperat,
268 2149 394 2223 produxit
418 2151 444 2204 iu
468 2148 589 2204 aredium.
625 2149 672 2204 Cui
691 2151 757 2204 aonii
776 2148 915 2212 dixerunt,
937 2159 965 2207 ut
988 2152 1016 2208 ia
1040 2155 1128 2227 iguem
1244 2169 1248 2180 ·

88 2252 160 2308 iiiam
171 2253 317 2326 ‘projiceret
329 2254 356 2306 ei
367 2249 391 2304 ei
407 2247 525 2303 comburi
545 2249 727 2318 contingeret,
757 2263 846 2304 eorurn
862 2248 938 2316 idon,
950 2250 1002 2306 inno
1015 2251 1129 2322 peridiu

88 2368 153 2410 uera
162 2355 250 2417 earet,
269 2351 293 2405 ai
312 2363 374 2405 uero
390 2347 684 2417 oombudnonpceaet,
704 2361 791 2403 ceraue
810 2345 886 2403 idem
897 2347 1031 2408 Romanae
1041 2351 1128 2408 occia.

87 2453 147 2508 aiae
163 2451 357 2524 praedicarent
393 2447 562 2518 Quapropter
577 2444 704 2500 ruiwale
718 2447 745 2500 in
766 2447 853 2519 ignem
871 2448 1019 2520 projicitur.
1054 2449 1127 2514 Quae

86 2565 143 2607 cun
161 2547 350 2622 aliquantutum
369 2559 467 2600 nomn
485 2545 513 2599 io
535 2544 643 2618 ignibus
667 2543 793 2613 iecieaet,
818 2546 984 2601 incombusta
1006 2547 1040 2602 ab
1065 2549 1127 2622 igno

87 2651 208 2722 protinus
218 2647 342 2721 proeiiitt
369 2642 541 2715 Stupentibus
554 2643 654 2699 cunetis
667 2659 733 2698 uuus
743 2647 859 2699 caeterte
868 2644 960 2699 durior
970 2648 1024 2701 ait:
1042 2650 1127 2718 proji-

85 2747 272 2805 ciaturiterurn
280 2747 352 2801 eieie
364 2743 518 2814 exponentia
528 2741 632 2813 pieniue
646 2744 795 2812 reperietur
809 2749 836 2798 et
848 2742 951 2814 plenior
963 2747 1129 2814 experiemur

88 2849 233 2904 raritaten.
250 2843 393 2916 Projicitur
408 2842 500 2898 iterun
516 2847 542 2896 et
556 2843 648 2896 iteruin
660 2841 776 2911 proutiiit
783 2841 955 2896 incombusta.
972 2841 1067 2899 Iterurn
1081 2844 1128 2901 iiie

87 2945 171 3002 diuite
188 2947 269 3001 tertio
284 2943 441 3015 projiciatur
453 2946 480 2995 et
495 2954 563 2995 nuno
576 2941 633 2994 uine
647 2937 729 2994 dubio
750 2941 790 2994 rei
810 2941 907 2995 exitum
928 2957 1127 3014 cognoscetur.

85 3043 228 3117 Projioitur
244 3042 323 3098 tertio
341 3043 478 3098 etiterum
496 3037 660 3094 incontrato
678 3036 795 3108 prosiliit
812 3043 839 3094 et
856 3038 960 3095 itinera.
994 3038 1128 3097 Haeretici

87 3148 173 3200 auten
196 3143 224 3197 in
247 3156 297 3198 rua
320 3140 419 3196 duritia
442 3142 625 3210 permanenter
648 3135 846 3192 districtieairea
863 3139 931 3192 inter
948 3140 1128 3208 sejunctione

87 3241 269 3305 iirerarerunt,
292 3257 325 3297 ne
349 3239 400 3296 boo
425 3237 523 3309 aliquio
541 3235 696 3307 pubiicarot.
732 3233 843 3298 Quidum
861 3241 948 3292 tumen
965 3238 1057 3302 nitor,
1082 3239 1128 3309 qut

88 3341 126 3397 ibi
150 3341 243 3399 aderat
271 3346 298 3396 et
321 3346 431 3394 nostrae
448 3335 510 3391 idei
533 3333 724 3406 aitquuuiuiunu
748 3332 927 3402 adhaerebat,
954 3333 1026 3389 istud
1047 3338 1128 3391 nira-

86 3440 172 3496 cuiun
192 3438 355 3510 poeinrodurn
377 3435 529 3511 pubiioarit.
563 3431 670 3488 Factum
689 3440 731 3488 cat
746 3439 833 3488 auteur
858 3430 909 3487 boc
927 3432 997 3504 apud
1016 3439 1128 3490 moutarn

86 3539 265 3600 Victoriuionr.
301 3536 393 3592 Siniie
417 3532 549 3608 quoddam
574 3531 670 3586 dieitur
695 3529 828 3586 accidisse
852 3530 923 3600 apud
948 3530 1034 3587 iarun
1053 3529 1129 3590 tortu

88 3637 187 3694 indicta
203 3636 300 3692 ibidem
320 3638 346 3691 in
365 3634 459 3690 diebos
477 3631 531 3687 iiiia
552 3635 645 3686 contra
657 3628 809 3684 iraerettooe
823 3628 936 3701 quadarn
947 3629 1129 3700 disputatione

87 3736 219 3793 eoiienrni.
254 3711 375 3790 carons
394 3734 477 3806 igitur
496 3727 530 3785 nui
549 3731 659 3801 propria
677 3727 848 3784 redeuntibus
865 3733 893 3784 et
908 3729 1037 3801 rpiaoopo
1056 3728 1129 3785 Oxo·

87 3837 172 3891 vienni
190 3832 313 3889 deiunoto
332 3832 405 3888 uoius
423 3831 520 3886 ibidenr
537 3834 644 3884 eauotoe
663 3825 813 3881 Dominicuu
835 3841 892 3882 curn
912 3827 1006 3896 paucio
1024 3841 1129 3882 mnan·

87 3937 124 3992 eit
146 3939 239 3990 centn
261 3932 412 3988 baerattcoe
437 3935 590 3984 cunctanter
613 3925 721 3981 corinun
747 3925 845 3980 donnini
865 3926 1031 3981 cromdona.
1066 3924 1129 3980 irri-
1244 4001 1247 4008 Ι
1274 3927 1277 3934 ’

88 4032 188 4090 debant
206 4037 292 4088 autern
311 4046 368 4086 euno
387 4027 534 4084 aduersarii
554 4027 691 4091 ueritatis,
717 4031 810 4094 aputu,
835 4023 915 4078 iutuur
935 4028 963 4078 et
978 4021 1129 4094 hujusmodi

88 4134 155 4189 riiia
179 4131 350 4205 projicientes
376 4131 402 4183 in
425 4143 482 4184 ouer
506 4133 533 4182 et
560 4129 678 4195 aiergo
702 4139 751 4193 pro
778 4122 869 4178 derieu
885 4121 938 4177 eibi
956 4120 1049 4191 palear
1068 4120 1129 4176 eiii-

89 4239 193 4306 gantee.
228 4231 292 4287 con
315 4235 402 4284 autem
427 4225 479 4281 eibi
503 4225 636 4281 interitum
657 4223 834 4288 minarentur,
867 4219 1059 4292 imperterritue
1087 4235 1131 4276 re-

91 4329 253 4404 upondebai:
282 4345 336 4384 non
362 4341 413 4400 epu
437 4326 549 4380 martirii
573 4323 670 4396 dignor
694 4336 751 4376 auur
775 4318 879 4392 gioria,
907 4317 1021 4374 nondunr
1045 4321 1128 4374 nerui

92 4433 168 4488 intere
186 4435 302 4487 nortere.
338 4425 508 4498 Quapropter
529 4424 614 4480 tooure
639 4419 788 4486 trauricne,
813 4419 840 4473 irr
864 4433 915 4490 quo
939 4417 992 4474 sibi
1019 4425 1130 4491 paratae
1161 4433 1163 4438 ·

853 4517 888 4572 3⁰
904 4517 918 4549 Ι
