2798 5302
345 495 416 575 Cap.
440 493 475 552 it
528 491 573 552 De
593 473 802 554 innocentibus.
1050 491 1091 554 ob

55 654 192 726 pbsseoa,
210 670 243 710 ue
260 653 363 708 sdlioet
379 669 458 723 puer,
477 654 520 708 eui
536 652 634 724 sydoro
650 652 862 719 lomulubsuiur,
878 666 959 724 supra
976 657 1089 710 solatori

55 769 131 810 susus
149 753 191 811 rei
208 755 246 808 ita
263 753 356 809 isoieur
374 752 580 809 trusslorusaret
631 750 665 806 Et
688 750 754 808 irsee
776 752 907 808 sorbetis
924 756 1047 810 usitatior
1063 764 1090 811 ei

56 855 145 912 serior
161 851 274 909 babetur
292 859 320 908 et
336 858 480 924 reputatur.
515 848 575 906 Alio
594 849 670 906 ruodo
694 852 833 922 exponitur
848 850 988 908 secuudum
1007 851 1089 926 Cbrp-

54 957 216 1018 sustmur,
231 956 261 1006 ui
277 951 348 1007 iulrs
364 949 435 1007 disat
451 950 568 1006 ordirreru
587 951 701 1017 rumori,
721 954 747 1006 ot
764 955 806 1006 ost
823 965 930 1007 semus:
956 950 1088 1010 abimutu

55 1057 85 1105 et
100 1050 181 1118 inira,
197 1050 226 1106 id
244 1057 297 1107 est:
316 1066 334 1107 a
351 1052 439 1122 pueris
457 1049 567 1104 duorum
583 1063 717 1105 munorum.
750 1047 819 1104 Iiieii
836 1051 903 1105 enisu
922 1050 1023 1108 stellam
1042 1070 1090 1125 per

54 1165 153 1204 aueum
177 1155 237 1208 sete
261 1155 346 1206 ortum
370 1150 515 1206 seruatoris
536 1151 622 1221 nugis
646 1151 811 1220 apparuisse.
863 1147 980 1206 llorodes
1003 1160 1089 1210 autom

56 1254 197 1322 postqum
216 1247 266 1304 iroe
283 1264 302 1304 a
319 1250 403 1322 magis
428 1245 534 1316 didieii,
564 1246 670 1304 huram
695 1248 794 1304 uadoso
816 1247 901 1304 adbuo
924 1266 972 1322 per
994 1265 1088 1310 moues

55 1347 176 1414 disiuiii;
192 1347 318 1406 eredobui
337 1355 423 1404 autera
440 1351 501 1402 iuno
518 1345 648 1402 domiuum
666 1353 754 1403 ustura
771 1348 863 1416 luisse,
882 1350 987 1420 qundo
1004 1354 1090 1424 riqis

55 1447 138 1503 stella
154 1450 294 1520 spparuit.
329 1455 356 1504 ei
379 1445 440 1502 ideo
465 1445 594 1502 domiuum
611 1445 719 1510 duorum
736 1461 939 1505 auuoruusesse
955 1449 1090 1517 oredebui,

57 1545 128 1602 uude
144 1562 240 1618 pueros
256 1547 342 1605 binos
358 1545 454 1602 oooidit
470 1551 497 1600 oi
513 1543 635 1616 deinceps
655 1561 736 1617 usquo
755 1545 789 1600 sd
801 1548 916 1618 quinque
928 1563 1023 1618 ornos,
1042 1552 1089 1608 sed

57 1662 111 1700 uos
129 1647 242 1702 usiuores
259 1647 345 1704 bissis.
364 1647 411 1703 Cui
431 1646 570 1700 assertioni
591 1643 667 1700 isdem
683 1645 771 1700 iaoere
789 1644 900 1714 videtur,
919 1647 989 1719 quod
1008 1665 1089 1722 quae·

56 1743 119 1800 dass
136 1761 201 1801 ossa
216 1748 390 1804 torrooeutiuso
408 1743 537 1800 babeutur
552 1742 620 1799 odeo
637 1744 764 1816 grandia,
791 1758 868 1816 quoru
887 1745 1012 1804 birrorum
1031 1767 1092 1809 osse

58 1859 112 1898 rrou
130 1852 248 1916 penum.
296 1846 388 1903 Potest
413 1851 499 1900 nureo
522 1843 590 1910 diei,
625 1842 695 1914 quod
711 1841 792 1916 louge
809 1844 918 1914 majoris
934 1855 1011 1903 eruut
1030 1855 1091 1906 turre

57 1941 178 2000 borsines
210 1947 378 2017 prandistis,
414 1957 491 2016 pauiu
521 1941 608 1998 urodo.
659 1940 719 2013 ipse
747 1948 831 1996 autoru
861 1941 980 2002 lierodos
1002 1952 1090 2006 snitu

56 2041 95 2098 ibi
113 2045 218 2115 punitus
237 2049 293 2113 est,
316 2060 376 2101 saur
392 2046 478 2114 (siout
492 2043 556 2098 dieii
574 2039 726 2098 Macrobius
743 2047 770 2096 et
786 2043 814 2096 iu
830 2039 943 2113 qusduru
961 2043 1093 2104 iibroaioa

56 2142 175 2216 iegitur)
199 2161 265 2201 usus
291 2144 416 2216 parrulos
440 2143 508 2198 iilius
532 2141 642 2198 iiorodis
659 2139 755 2196 ibidem
771 2138 807 2196 ad
824 2142 987 2200 nutriendum
1004 2145 1092 2204 iuerat

38 2239 153 2318 ‚dutus,
187 2245 232 2317 psi
248 2258 305 2300 eous
322 2244 383 2300 aliia
401 2258 419 2299 s
435 2240 599 2299 caruimus
616 2246 658 2298 est
671 2241 781 2296 oooisus.
834 2238 907 2297 Ture
922 2241 1090 2316 adinpletum

57 2347 111 2408 est,
131 2343 202 2414 quod
219 2343 314 2399 sitotuu
331 2349 373 2400 ost
389 2358 437 2416 per
454 2340 623 2416 prophetam:
642 2355 693 2397 uox
712 2339 831 2410 ploratus
847 2346 875 2396 et
890 2341 1014 2413 ululabo,
1032 2347 1090 2416 pio-

58 2456 117 2496 run
133 2441 235 2499 sedicet
251 2447 359 2498 protrusi
369 2467 378 2510 ,·
393 2442 484 2500 uudita
501 2448 543 2498 est
559 2442 585 2494 io
602 2439 700 2506 Roma,
724 2438 751 2495 id
768 2444 809 2495 esi
826 2441 855 2496 iu
872 2441 986 2498 oxoeiso.
1004 2474 1039 2486 -.
1056 2475 1090 2490 .-

57 2569 94 2582 -
110 2546 145 2601 8.
162 2541 233 2598 lious
250 2549 335 2598 auterr
351 2543 434 2615 judea
448 2541 610 2614 latissimus
634 2543 686 2609 (ut
700 2542 727 2596 io
743 2538 836 2596 iisderu
851 2538 976 2612 hystoriis
993 2542 1092 2616 iegitur

56 2637 239 2712 sobolsstieis)
256 2657 308 2697 uon
324 2648 365 2698 est
380 2656 476 2714 passus
491 2645 589 2696 tautuur
607 2637 717 2694 liorodis
734 2641 874 2712 nequitiam
891 2655 1027 2699 remanere
1043 2646 1091 2700 iru-

57 2742 185 2809 puuitssr.
214 2740 309 2798 Divino
326 2745 394 2797 ouiru
407 2740 508 2812 judioio
525 2739 619 2794 laetum
635 2743 693 2805 osi,
730 2743 759 2795 ut
776 2741 821 2812 qui
839 2739 933 2796 osuitoe
950 2739 1093 2800 orbaverat

58 2837 139 2906 tittr,
169 2840 228 2911 ipse
244 2843 299 2896 suis
317 2839 491 2897 miserabilius
509 2836 655 2894 orbaretur.
690 2837 755 2896 ilaus
773 2837 924 2895 Alexander
942 2846 969 2895 et
986 2841 1091 2898 Aristo·

58 2936 138 2994 buius
154 2941 249 2995 iterum
265 2941 336 3012 putri
354 2937 438 2994 babiti
455 2943 517 2993 suot
530 2939 656 3009 suspooii.
702 2937 845 2995 contrusus
863 2942 905 2993 ost
918 2943 1004 2996 autem
1023 2957 1090 2998 uuus

57 3035 94 3093 de
113 3052 201 3092 eorurr
219 3038 403 3110 eomplicibus,
438 3036 508 3109 quod
533 3035 683 3093 diosauder
701 3035 781 3091 rruita
795 3036 848 3092 sibi
865 3036 977 3094 donaris
993 3043 1090 3110 prorsui-

58 3139 155 3204 sisset,
173 3139 198 3194 si
213 3140 284 3210 putri
303 3153 427 3196 seuerum
444 3139 607 3209 propinaret:
640 3134 777 3192 ceoiessus
795 3142 837 3190 est
853 3137 931 3192 etiusu
948 3143 1041 3195 tonsor
1057 3139 1090 3197 de

57 3239 198 3308 promissis
214 3237 266 3294 sibi
283 3237 447 3306 munoribus,
470 3238 494 3292 ai
513 3235 572 3290 dum
590 3236 673 3307 patris
691 3232 806 3290 tubam,
817 3235 936 3304 raderet,
952 3251 1010 3292 euru
1027 3251 1089 3295 eorr-

57 3337 132 3392 tiuso
147 3337 293 3410 jugularet,
311 3336 463 3410 addiditque
479 3333 655 3391 Alexandrum
673 3331 783 3402 dixisse,
798 3349 850 3388 nou
869 3349 929 3391 esso
944 3336 1090 3406 poueudsur

57 3452 134 3506 spero
152 3438 179 3491 irs
197 3451 277 3506 seue,
311 3438 356 3510 spui
373 3435 425 3492 sibi
442 3435 554 3508 capillos
571 3435 727 3507 tingeretot
740 3432 847 3503 iuuenis
864 3441 1013 3507 appareret
1048 3437 1089 3494 ob

58 3534 110 3592 boo
127 3541 205 3607 pater
219 3537 303 3592 intus
319 3550 366 3592 eos
383 3535 467 3593 oooidi
484 3535 562 3601 ierit,
592 3532 756 3604 Antipatrour
770 3538 857 3588 auteur
873 3531 985 3590 iutururr
999 3551 1089 3610 regere

58 3637 186 3703 instituit,
209 3633 258 3692 sed
276 3636 328 3708 ipsi
346 3636 479 3708 Milpsul
496 3633 613 3692 Herodes
632 3633 755 3704 Antipatri
773 3633 800 3686 ln
818 3647 927 3708 reguum
945 3633 1088 3693 substituit.

57 3733 169 3806 iusuper
192 3733 310 3792 lierodea
334 3735 480 3809 Agrippam
498 3740 525 3792 ot
542 3730 716 3790 ileroslisdosr
735 3746 841 3787 uxorem
858 3729 988 3805 Philippi,
1022 3751 1089 3808 quos

58 3850 94 3890 eu
110 3832 264 3890 Aristobulo
281 3840 449 3907 susoeperut,
484 3841 596 3907 poterut
611 3832 751 3889 dilectione
769 3828 886 3888 louebsi.
921 3830 975 3889 iioo
991 3831 1089 3906 duplici

57 3933 94 3990 de
108 3949 192 3990 eum
207 3934 347 4005 Antipater
363 3933 528 3992 intolerabile
546 3939 638 3989 eontra
663 3936 764 4004 patrous
790 3932 910 4001 eouoepit
926 3931 1029 4000 odium,
1062 3937 1089 3989 in

56 4041 174 4101 testu,
200 4031 271 4105 quod
288 4048 345 4088 euru
361 4037 502 4091 stieutsrit
517 4033 637 4089 oooidoro
655 4046 704 4103 por
721 4045 860 4095 reuoouus,
884 4029 954 4101 quoti
972 4031 1089 4091 llerodos

52 4135 111 4204 just
129 4135 310 4204 proesentieos
328 4148 385 4188 euus
403 4136 430 4188 irs
445 4147 552 4190 osroero
570 4132 666 4203 posuit.
718 4129 852 4201 Augustus
878 4135 964 4186 autem
988 4131 1090 4189 (laesor

56 4231 183 4298 sudus,
203 4231 274 4306 quoti
288 4231 357 4288 ditos
376 4232 531 4301 oooidissot‚
557 4230 637 4286 dixit:
664 4227 766 4284 suaiieru
787 4242 848 4283 esse
865 4227 975 4284 lierodis
993 4245 1088 4302 porcus

57 4345 137 4404 qus·
155 4331 239 4395 bitus.
260 4334 323 4404 quis
337 4347 394 4388 ousr
410 4335 446 4387 sit
462 4331 620 4404 proselitus,
644 4330 732 4402 porris
749 4329 834 4400 puroit
855 4334 882 4383 et
897 4327 965 4382 titos
982 4330 1086 4386 oooidit.

54 4461 92 4476 -
105 4462 141 4474 -
157 4462 192 4474 -
207 4436 243 4492 4.
259 4430 320 4503 ipse
337 4438 424 4490 auteur
448 4431 565 4490 liorodes
581 4445 637 4486 oum
657 4430 712 4500 jam
732 4441 815 4484 aoros
832 4426 906 4484 iiix
923 4426 1042 4497 baberet,
1061 4432 1087 4484 iu

863 4528 882 4583 b
