<?xml version="1.0" encoding="UTF-8"?>
<!DOCTYPE html PUBLIC "-//W3C//DTD XHTML 1.0 Transitional//EN"
    "http://www.w3.org/TR/xhtml1/DTD/xhtml1-transitional.dtd">
<html xmlns="http://www.w3.org/1999/xhtml" xml:lang="en" lang="en">
 <head>
  <title>
</title>
<meta http-equiv="Content-Type" content="text/html;charset=utf-8" />
  <meta name='ocr-system' content='tesseract 3.04.00' />
  <meta name='ocr-capabilities' content='ocr_page ocr_carea ocr_par ocr_line ocrx_word'/>
</head>
<body>
  <div class='ocr_page' id='page_1' title='image "./jacobiavoragine00jacogoog_0098.png"; bbox 0 0 2798 5302; ppageno 0'>
   <div class='ocr_carea' id='block_1_1' title="bbox 253 533 1098 617">
    <p class='ocr_par' dir='ltr' id='par_1_1' title="bbox 253 533 1098 617">
     <span class='ocr_line' id='line_1_1' title="bbox 253 533 1098 617; baseline -0.002 -20"><span class='ocrx_word' id='word_1_1' title='bbox 253 538 324 617; x_wconf 89' lang='lat' dir='ltr'>Cep.</span> <span class='ocrx_word' id='word_1_2' title='bbox 346 537 426 597; x_wconf 84' lang='lat' dir='ltr'>iiiii.</span> <span class='ocrx_word' id='word_1_3' title='bbox 470 536 514 597; x_wconf 86' lang='lat' dir='ltr'>De</span> <span class='ocrx_word' id='word_1_4' title='bbox 537 535 754 595; x_wconf 74' lang='lat' dir='ltr'>circumcisione</span> <span class='ocrx_word' id='word_1_5' title='bbox 776 533 895 594; x_wconf 71' lang='lat' dir='ltr'>donnini.</span> <span class='ocrx_word' id='word_1_6' title='bbox 1057 533 1098 596; x_wconf 77' lang='lat'>79</span> 
     </span>
    </p>
   </div>
   <div class='ocr_carea' id='block_1_2' title="bbox 57 693 1098 2049">
    <p class='ocr_par' dir='ltr' id='par_1_2' title="bbox 57 693 1098 2049">
     <span class='ocr_line' id='line_1_2' title="bbox 58 693 1098 768; baseline -0.001 -15"><span class='ocrx_word' id='word_1_7' title='bbox 58 695 140 756; x_wconf 84' lang='lat' dir='ltr'>nieti&#39;s</span> <span class='ocrx_word' id='word_1_8' title='bbox 158 705 185 753; x_wconf 89' lang='lat' dir='ltr'>et</span> <span class='ocrx_word' id='word_1_9' title='bbox 202 711 310 768; x_wconf 77' lang='lat' dir='ltr'>peneus,</span> <span class='ocrx_word' id='word_1_10' title='bbox 338 713 415 768; x_wconf 83' lang='lat' dir='ltr'>quen</span> <span class='ocrx_word' id='word_1_11' title='bbox 434 695 510 750; x_wconf 81' lang='lat' dir='ltr'>volis</span> <span class='ocrx_word' id='word_1_12' title='bbox 530 708 676 766; x_wconf 73' lang='lat' dir='ltr'>paravero,</span> <span class='ocrx_word' id='word_1_13' title='bbox 703 694 853 750; x_wconf 81' lang='lat' dir='ltr'>comedetis.</span> <span class='ocrx_word' id='word_1_14' title='bbox 889 693 1030 752; x_wconf 70' lang='lat' dir='ltr'>Descendit</span> <span class='ocrx_word' id='word_1_15' title='bbox 1047 698 1098 752; x_wconf 84' lang='lat' dir='ltr'>lte-</span> 
     </span>
     <span class='ocr_line' id='line_1_3' title="bbox 58 791 1097 869; baseline 0.002 -18"><span class='ocrx_word' id='word_1_16' title='bbox 58 806 113 869; x_wconf 77' lang='lat' dir='ltr'>qne</span> <span class='ocrx_word' id='word_1_17' title='bbox 131 795 259 852; x_wconf 70' lang='lat' dir='ltr'>silvester</span> <span class='ocrx_word' id='word_1_18' title='bbox 275 810 332 851; x_wconf 85' lang='lat' dir='ltr'>cerr</span> <span class='ocrx_word' id='word_1_19' title='bbox 350 795 451 851; x_wconf 81' lang='lat' dir='ltr'>duobus</span> <span class='ocrx_word' id='word_1_20' title='bbox 465 791 620 866; x_wconf 78' lang='lat' dir='ltr'>presbiteris</span> <span class='ocrx_word' id='word_1_21' title='bbox 633 795 660 849; x_wconf 84' lang='lat' dir='ltr'>ir</span> <span class='ocrx_word' id='word_1_22' title='bbox 675 792 777 850; x_wconf 82' lang='lat' dir='ltr'>loreum</span> <span class='ocrx_word' id='word_1_23' title='bbox 789 811 837 866; x_wconf 88' lang='lat' dir='ltr'>per</span> <span class='ocrx_word' id='word_1_24' title='bbox 852 793 952 868; x_wconf 75' lang='lat' dir='ltr'>gradus</span> <span class='ocrx_word' id='word_1_25' title='bbox 970 795 1013 851; x_wconf 77' lang='lat' dir='ltr'>ct,</span> <span class='ocrx_word' id='word_1_26' title='bbox 1032 796 1097 853; x_wconf 79' lang='lat' dir='ltr'>deor</span> 
     </span>
     <span class='ocr_line' id='line_1_4' title="bbox 59 892 1097 965; baseline 0 -13"><span class='ocrx_word' id='word_1_27' title='bbox 59 911 150 954; x_wconf 78' lang='lat' dir='ltr'>secure</span> <span class='ocrx_word' id='word_1_28' title='bbox 179 894 265 952; x_wconf 85' lang='lat' dir='ltr'>icrcus</span> <span class='ocrx_word' id='word_1_29' title='bbox 291 894 425 950; x_wconf 85' lang='lat' dir='ltr'>internos:</span> <span class='ocrx_word' id='word_1_30' title='bbox 459 903 521 949; x_wconf 89' lang='lat' dir='ltr'>tune</span> <span class='ocrx_word' id='word_1_31' title='bbox 544 892 652 948; x_wconf 72' lang='lat' dir='ltr'>drocen</span> <span class='ocrx_word' id='word_1_32' title='bbox 677 894 813 965; x_wconf 77' lang='lat' dir='ltr'>praedicte</span> <span class='ocrx_word' id='word_1_33' title='bbox 835 892 917 949; x_wconf 80' lang='lat' dir='ltr'>verbe</span> <span class='ocrx_word' id='word_1_34' title='bbox 939 895 1005 952; x_wconf 88' lang='lat' dir='ltr'>dixit</span> <span class='ocrx_word' id='word_1_35' title='bbox 1021 902 1049 952; x_wconf 87' lang='lat' dir='ltr'>et</span> <span class='ocrx_word' id='word_1_36' title='bbox 1067 913 1097 952; x_wconf 88' lang='lat' dir='ltr'>os</span> 
     </span>
     <span class='ocr_line' id='line_1_5' title="bbox 58 993 1097 1067; baseline 0.003 -18"><span class='ocrx_word' id='word_1_37' title='bbox 58 998 145 1067; x_wconf 85' lang='lat' dir='ltr'>ipsios</span> <span class='ocrx_word' id='word_1_38' title='bbox 163 995 297 1051; x_wconf 89' lang='lat' dir='ltr'>stridentis</span> <span class='ocrx_word' id='word_1_39' title='bbox 314 1001 341 1050; x_wconf 87' lang='lat' dir='ltr'>et</span> <span class='ocrx_word' id='word_1_40' title='bbox 358 994 504 1060; x_wconf 77' lang='lat' dir='ltr'>sibilantis,</span> <span class='ocrx_word' id='word_1_41' title='bbox 524 999 552 1049; x_wconf 81' lang='lat' dir='ltr'>st</span> <span class='ocrx_word' id='word_1_42' title='bbox 565 995 657 1063; x_wconf 83' lang='lat' dir='ltr'>jussus</span> <span class='ocrx_word' id='word_1_43' title='bbox 679 994 779 1061; x_wconf 84' lang='lat' dir='ltr'>lueret,</span> <span class='ocrx_word' id='word_1_44' title='bbox 807 993 929 1066; x_wconf 80' lang='lat' dir='ltr'>slligsrit</span> <span class='ocrx_word' id='word_1_45' title='bbox 943 1000 969 1050; x_wconf 89' lang='lat' dir='ltr'>et</span> <span class='ocrx_word' id='word_1_46' title='bbox 987 996 1097 1052; x_wconf 78' lang='lat' dir='ltr'>adscen-</span> 
     </span>
     <span class='ocr_line' id='line_1_6' title="bbox 59 1093 1096 1167; baseline 0 -17"><span class='ocrx_word' id='word_1_47' title='bbox 59 1097 127 1151; x_wconf 88' lang='lat' dir='ltr'>dens</span> <span class='ocrx_word' id='word_1_48' title='bbox 145 1097 244 1151; x_wconf 88' lang='lat' dir='ltr'>inreuit</span> <span class='ocrx_word' id='word_1_49' title='bbox 260 1094 326 1150; x_wconf 81' lang='lat' dir='ltr'>door</span> <span class='ocrx_word' id='word_1_50' title='bbox 345 1109 455 1167; x_wconf 80' lang='lat' dir='ltr'>unges,</span> <span class='ocrx_word' id='word_1_51' title='bbox 485 1097 529 1165; x_wconf 80' lang='lat' dir='ltr'>qui</span> <span class='ocrx_word' id='word_1_52' title='bbox 546 1109 593 1149; x_wconf 86' lang='lat' dir='ltr'>eos</span> <span class='ocrx_word' id='word_1_53' title='bbox 611 1096 694 1151; x_wconf 82' lang='lat' dir='ltr'>secuti</span> <span class='ocrx_word' id='word_1_54' title='bbox 714 1093 833 1159; x_wconf 74' lang='lat' dir='ltr'>sererent,</span> <span class='ocrx_word' id='word_1_55' title='bbox 863 1101 892 1150; x_wconf 90' lang='lat' dir='ltr'>nt</span> <span class='ocrx_word' id='word_1_56' title='bbox 910 1093 1042 1164; x_wconf 82' lang='lat' dir='ltr'>viderent,</span> <span class='ocrx_word' id='word_1_57' title='bbox 1073 1099 1096 1151; x_wconf 84' lang='lat' dir='ltr'>sl</span> 
     </span>
     <span class='ocr_line' id='line_1_7' title="bbox 59 1193 1098 1266; baseline 0 -15"><span class='ocrx_word' id='word_1_58' title='bbox 59 1211 144 1266; x_wconf 73' lang='lat' dir='ltr'>usque</span> <span class='ocrx_word' id='word_1_59' title='bbox 163 1194 197 1249; x_wconf 88' lang='lat' dir='ltr'>ed</span> <span class='ocrx_word' id='word_1_60' title='bbox 214 1193 352 1249; x_wconf 76' lang='lat' dir='ltr'>draconem</span> <span class='ocrx_word' id='word_1_61' title='bbox 371 1193 572 1258; x_wconf 78' lang='lat' dir='ltr'>descenderent,</span> <span class='ocrx_word' id='word_1_62' title='bbox 609 1209 641 1249; x_wconf 86' lang='lat' dir='ltr'>ex</span> <span class='ocrx_word' id='word_1_63' title='bbox 666 1193 787 1250; x_wconf 77' lang='lat' dir='ltr'>draconis</span> <span class='ocrx_word' id='word_1_64' title='bbox 806 1193 907 1249; x_wconf 81' lang='lat' dir='ltr'>doctore</span> <span class='ocrx_word' id='word_1_65' title='bbox 925 1209 1009 1264; x_wconf 85' lang='lat' dir='ltr'>poeno</span> <span class='ocrx_word' id='word_1_66' title='bbox 1029 1212 1098 1251; x_wconf 86' lang='lat' dir='ltr'>mor-</span> 
     </span>
     <span class='ocr_line' id='line_1_8' title="bbox 59 1283 1096 1365; baseline 0.001 -16"><span class='ocrx_word' id='word_1_67' title='bbox 59 1304 130 1351; x_wconf 90' lang='lat' dir='ltr'>tuos.</span> <span class='ocrx_word' id='word_1_68' title='bbox 165 1292 250 1349; x_wconf 83' lang='lat' dir='ltr'>Etintn</span> <span class='ocrx_word' id='word_1_69' title='bbox 268 1309 314 1348; x_wconf 87' lang='lat' dir='ltr'>cos</span> <span class='ocrx_word' id='word_1_70' title='bbox 331 1309 418 1348; x_wconf 83' lang='lat' dir='ltr'>secun</span> <span class='ocrx_word' id='word_1_71' title='bbox 438 1283 547 1348; x_wconf 76' lang='lat' dir='ltr'>adduxit</span> <span class='ocrx_word' id='word_1_72' title='bbox 564 1293 706 1349; x_wconf 87' lang='lat' dir='ltr'>incolumes</span> <span class='ocrx_word' id='word_1_73' title='bbox 724 1301 804 1364; x_wconf 83' lang='lat' dir='ltr'>etque</span> <span class='ocrx_word' id='word_1_74' title='bbox 822 1307 916 1358; x_wconf 77' lang='lat' dir='ltr'>senos,</span> <span class='ocrx_word' id='word_1_75' title='bbox 949 1297 992 1365; x_wconf 82' lang='lat' dir='ltr'>qni</span> <span class='ocrx_word' id='word_1_76' title='bbox 1010 1298 1096 1350; x_wconf 77' lang='lat' dir='ltr'>stetin</span> 
     </span>
     <span class='ocr_line' id='line_1_9' title="bbox 58 1392 1098 1464; baseline -0.001 -13"><span class='ocrx_word' id='word_1_77' title='bbox 58 1411 117 1451; x_wconf 88' lang='lat' dir='ltr'>cum</span> <span class='ocrx_word' id='word_1_78' title='bbox 136 1392 299 1449; x_wconf 79' lang='lat' dir='ltr'>multitudine</span> <span class='ocrx_word' id='word_1_79' title='bbox 323 1392 424 1447; x_wconf 79' lang='lat' dir='ltr'>irrinitn</span> <span class='ocrx_word' id='word_1_80' title='bbox 441 1395 562 1448; x_wconf 80' lang='lat' dir='ltr'>conversi</span> <span class='ocrx_word' id='word_1_81' title='bbox 580 1399 641 1448; x_wconf 88' lang='lat' dir='ltr'>sunt</span> <span class='ocrx_word' id='word_1_82' title='bbox 658 1396 749 1464; x_wconf 78' lang='lat' dir='ltr'>sicque</span> <span class='ocrx_word' id='word_1_83' title='bbox 767 1408 932 1448; x_wconf 76' lang='lat' dir='ltr'>romanorun</span> <span class='ocrx_word' id='word_1_84' title='bbox 951 1393 1062 1464; x_wconf 84' lang='lat' dir='ltr'>populos</span> <span class='ocrx_word' id='word_1_85' title='bbox 1081 1410 1098 1449; x_wconf 82' lang='lat' dir='ltr'>n</span> 
     </span>
     <span class='ocr_line' id='line_1_10' title="bbox 59 1491 1096 1566; baseline -0.002 -15"><span class='ocrx_word' id='word_1_86' title='bbox 59 1495 159 1566; x_wconf 77' lang='lat' dir='ltr'>duplici</span> <span class='ocrx_word' id='word_1_87' title='bbox 179 1501 260 1550; x_wconf 80' lang='lat' dir='ltr'>morte</span> <span class='ocrx_word' id='word_1_88' title='bbox 279 1493 421 1559; x_wconf 80' lang='lat' dir='ltr'>liberetur,</span> <span class='ocrx_word' id='word_1_89' title='bbox 452 1493 552 1548; x_wconf 85' lang='lat' dir='ltr'>scilicet</span> <span class='ocrx_word' id='word_1_90' title='bbox 569 1507 587 1547; x_wconf 86' lang='lat' dir='ltr'>e</span> <span class='ocrx_word' id='word_1_91' title='bbox 604 1491 706 1547; x_wconf 82' lang='lat' dir='ltr'>cultura</span> <span class='ocrx_word' id='word_1_92' title='bbox 723 1491 856 1548; x_wconf 74' lang='lat' dir='ltr'>doemonis</span> <span class='ocrx_word' id='word_1_93' title='bbox 874 1498 900 1547; x_wconf 87' lang='lat' dir='ltr'>et</span> <span class='ocrx_word' id='word_1_94' title='bbox 919 1509 1018 1549; x_wconf 85' lang='lat' dir='ltr'>venene</span> <span class='ocrx_word' id='word_1_95' title='bbox 1037 1494 1096 1549; x_wconf 80' lang='lat' dir='ltr'>dre-</span> 
     </span>
     <span class='ocr_line' id='line_1_11' title="bbox 59 1592 1097 1664; baseline 0 -13"><span class='ocrx_word' id='word_1_96' title='bbox 59 1596 144 1652; x_wconf 74' lang='lat' dir='ltr'>oonin</span> <span class='ocrx_word' id='word_1_97' title='bbox 196 1593 313 1658; x_wconf 79' lang='lat' dir='ltr'>Tendere</span> <span class='ocrx_word' id='word_1_98' title='bbox 336 1593 430 1650; x_wconf 81' lang='lat' dir='ltr'>beatur</span> <span class='ocrx_word' id='word_1_99' title='bbox 456 1592 585 1648; x_wconf 75' lang='lat' dir='ltr'>silvester</span> <span class='ocrx_word' id='word_1_100' title='bbox 608 1594 685 1646; x_wconf 87' lang='lat' dir='ltr'>morti</span> <span class='ocrx_word' id='word_1_101' title='bbox 712 1594 927 1664; x_wconf 78' lang='lat' dir='ltr'>appropinqueris</span> <span class='ocrx_word' id='word_1_102' title='bbox 949 1593 1045 1648; x_wconf 87' lang='lat' dir='ltr'>clerurn</span> <span class='ocrx_word' id='word_1_103' title='bbox 1064 1594 1097 1651; x_wconf 87' lang='lat' dir='ltr'>de</span> 
     </span>
     <span class='ocr_line' id='line_1_12' title="bbox 59 1689 1097 1762; baseline 0.001 -14"><span class='ocrx_word' id='word_1_104' title='bbox 59 1693 146 1754; x_wconf 71' lang='lat' dir='ltr'>tn&#39;bur</span> <span class='ocrx_word' id='word_1_105' title='bbox 165 1693 314 1762; x_wconf 72' lang='lat' dir='ltr'>educunt,</span> <span class='ocrx_word' id='word_1_106' title='bbox 352 1695 452 1752; x_wconf 88' lang='lat' dir='ltr'>scilicet</span> <span class='ocrx_word' id='word_1_107' title='bbox 468 1699 497 1748; x_wconf 87' lang='lat' dir='ltr'>ut</span> <span class='ocrx_word' id='word_1_108' title='bbox 513 1696 581 1750; x_wconf 88' lang='lat' dir='ltr'>inter</span> <span class='ocrx_word' id='word_1_109' title='bbox 599 1707 628 1748; x_wconf 89' lang='lat' dir='ltr'>re</span> <span class='ocrx_word' id='word_1_110' title='bbox 645 1694 780 1747; x_wconf 75' lang='lat' dir='ltr'>ceritatem</span> <span class='ocrx_word' id='word_1_111' title='bbox 798 1689 940 1758; x_wconf 80' lang='lat' dir='ltr'>heberent,</span> <span class='ocrx_word' id='word_1_112' title='bbox 972 1694 1097 1750; x_wconf 77' lang='lat' dir='ltr'>ecclesias</span> 
     </span>
     <span class='ocr_line' id='line_1_13' title="bbox 58 1791 1095 1866; baseline 0.001 -18"><span class='ocrx_word' id='word_1_113' title='bbox 58 1807 124 1849; x_wconf 76' lang='grc' dir='ltr'>ιω</span> <span class='ocrx_word' id='word_1_114' title='bbox 141 1793 294 1865; x_wconf 80' lang='lat' dir='ltr'>diligentius</span> <span class='ocrx_word' id='word_1_115' title='bbox 312 1793 491 1866; x_wconf 70' lang='lat' dir='ltr'>gubernarent</span> <span class='ocrx_word' id='word_1_116' title='bbox 513 1799 540 1848; x_wconf 90' lang='lat' dir='ltr'>et</span> <span class='ocrx_word' id='word_1_117' title='bbox 558 1807 666 1865; x_wconf 76' lang='lat' dir='ltr'>gregem</span> <span class='ocrx_word' id='word_1_118' title='bbox 685 1807 702 1846; x_wconf 82' lang='grc' dir='ltr'>ι</span> <span class='ocrx_word' id='word_1_119' title='bbox 719 1791 838 1862; x_wconf 83' lang='lat' dir='ltr'>luporum</span> <span class='ocrx_word' id='word_1_120' title='bbox 862 1792 991 1847; x_wconf 85' lang='lat' dir='ltr'>morsibus</span> <span class='ocrx_word' id='word_1_121' title='bbox 1009 1799 1095 1850; x_wconf 84' lang='lat' dir='ltr'>custo-</span> 
     </span>
     <span class='ocr_line' id='line_1_14' title="bbox 57 1891 1096 1950; baseline 0 -4"><span class='ocrx_word' id='word_1_122' title='bbox 57 1893 156 1949; x_wconf 83' lang='lat' dir='ltr'>dirent.</span> <span class='ocrx_word' id='word_1_123' title='bbox 207 1891 271 1948; x_wconf 72' lang='lat' dir='ltr'>l‘ost</span> <span class='ocrx_word' id='word_1_124' title='bbox 295 1892 360 1950; x_wconf 84' lang='lat' dir='ltr'>hsec</span> <span class='ocrx_word' id='word_1_125' title='bbox 378 1895 403 1948; x_wconf 91' lang='lat' dir='ltr'>in</span> <span class='ocrx_word' id='word_1_126' title='bbox 423 1893 527 1948; x_wconf 89' lang='lat' dir='ltr'>domine</span> <span class='ocrx_word' id='word_1_127' title='bbox 547 1892 659 1948; x_wconf 77' lang='lat' dir='ltr'>feliciter</span> <span class='ocrx_word' id='word_1_128' title='bbox 679 1891 837 1946; x_wconf 83' lang='lat' dir='ltr'>obdormirit</span> <span class='ocrx_word' id='word_1_129' title='bbox 851 1896 923 1947; x_wconf 80' lang='lat' dir='ltr'>circs</span> <span class='ocrx_word' id='word_1_130' title='bbox 939 1906 1030 1948; x_wconf 86' lang='lat' dir='ltr'>snnnn</span> <span class='ocrx_word' id='word_1_131' title='bbox 1049 1893 1096 1946; x_wconf 81' lang='lat' dir='ltr'>dc·</span> 
     </span>
     <span class='ocr_line' id='line_1_15' title="bbox 57 1991 265 2049; baseline 0.014 -3"><span class='ocrx_word' id='word_1_132' title='bbox 57 1995 120 2047; x_wconf 75' lang='lat' dir='ltr'>nini</span> <span class='ocrx_word' id='word_1_133' title='bbox 141 1991 265 2049; x_wconf 78' lang='lat' dir='ltr'>CCCXX.</span> 
     </span>
    </p>
   </div>
   <div class='ocr_carea' id='block_1_3' title="bbox 470 2471 687 2570">
    <p class='ocr_par' dir='ltr' id='par_1_3' title="bbox 470 2471 687 2570">
     <span class='ocr_line' id='line_1_16' title="bbox 470 2471 687 2570; baseline 0.005 -3"><span class='ocrx_word' id='word_1_134' title='bbox 470 2472 564 2570; x_wconf 82' lang='lat' dir='ltr'>eii.</span> <span class='ocrx_word' id='word_1_135' title='bbox 596 2471 687 2568; x_wconf 89' lang='lat' dir='ltr'>iiii.</span> 
     </span>
    </p>
   </div>
   <div class='ocr_carea' id='block_1_4' title="bbox 233 2621 930 2714">
    <p class='ocr_par' dir='ltr' id='par_1_4' title="bbox 233 2621 930 2714">
     <span class='ocr_line' id='line_1_17' title="bbox 233 2621 930 2714; baseline -0.007 -19"><span class='ocrx_word' id='word_1_136' title='bbox 233 2625 308 2695; x_wconf 77' lang='lat' dir='ltr'>lle</span> <span class='ocrx_word' id='word_1_137' title='bbox 336 2621 702 2698; x_wconf 72' lang='lat' dir='ltr'>circumcisione</span> <span class='ocrx_word' id='word_1_138' title='bbox 732 2623 930 2714; x_wconf 85' lang='lat' dir='ltr'>domini.</span> 
     </span>
    </p>
   </div>
   <div class='ocr_carea' id='block_1_5' title="bbox 53 2789 1097 4354">
    <p class='ocr_par' dir='ltr' id='par_1_5' title="bbox 53 2789 1097 4354">
     <span class='ocr_line' id='line_1_18' title="bbox 125 2789 1096 2864; baseline 0.003 -19"><span class='ocrx_word' id='word_1_139' title='bbox 125 2790 333 2847; x_wconf 80' lang='lat' dir='ltr'>circumcisionis</span> <span class='ocrx_word' id='word_1_140' title='bbox 346 2792 492 2850; x_wconf 74' lang='lat' dir='ltr'>dominicae</span> <span class='ocrx_word' id='word_1_141' title='bbox 506 2791 574 2848; x_wconf 86' lang='lat' dir='ltr'>diem</span> <span class='ocrx_word' id='word_1_142' title='bbox 584 2797 698 2864; x_wconf 80' lang='lat' dir='ltr'>quatuor</span> <span class='ocrx_word' id='word_1_143' title='bbox 708 2789 837 2848; x_wconf 83' lang='lat' dir='ltr'>celebrem</span> <span class='ocrx_word' id='word_1_144' title='bbox 854 2790 952 2848; x_wconf 80' lang='lat' dir='ltr'>faciunt</span> <span class='ocrx_word' id='word_1_145' title='bbox 963 2799 990 2850; x_wconf 89' lang='lat' dir='ltr'>et</span> <span class='ocrx_word' id='word_1_146' title='bbox 1001 2791 1096 2848; x_wconf 82' lang='lat' dir='ltr'>solen·</span> 
     </span>
     <span class='ocr_line' id='line_1_19' title="bbox 60 2887 1097 2962; baseline 0.004 -20"><span class='ocrx_word' id='word_1_147' title='bbox 60 2905 127 2943; x_wconf 85' lang='lat' dir='ltr'>nrm.</span> <span class='ocrx_word' id='word_1_148' title='bbox 162 2887 272 2945; x_wconf 83' lang='lat' dir='ltr'>Primum</span> <span class='ocrx_word' id='word_1_149' title='bbox 291 2897 332 2948; x_wconf 88' lang='lat' dir='ltr'>est</span> <span class='ocrx_word' id='word_1_150' title='bbox 349 2898 443 2948; x_wconf 81' lang='lat' dir='ltr'>ectsvs</span> <span class='ocrx_word' id='word_1_151' title='bbox 461 2893 604 2948; x_wconf 71' lang='lat' dir='ltr'>nativitatis</span> <span class='ocrx_word' id='word_1_152' title='bbox 622 2891 728 2960; x_wconf 72' lang='lat' dir='ltr'>donnini,</span> <span class='ocrx_word' id='word_1_153' title='bbox 743 2891 881 2948; x_wconf 83' lang='lat' dir='ltr'>secundum</span> <span class='ocrx_word' id='word_1_154' title='bbox 893 2893 1025 2962; x_wconf 74' lang='lat' dir='ltr'>impositio</span> <span class='ocrx_word' id='word_1_155' title='bbox 1036 2895 1097 2948; x_wconf 82' lang='lat' dir='ltr'>nori</span> 
     </span>
     <span class='ocr_line' id='line_1_20' title="bbox 60 2988 1095 3064; baseline 0.004 -21"><span class='ocrx_word' id='word_1_156' title='bbox 60 2994 87 3043; x_wconf 84' lang='lat' dir='ltr'>et</span> <span class='ocrx_word' id='word_1_157' title='bbox 104 2988 235 3046; x_wconf 68' lang='lat' dir='ltr'>salutiferi</span> <span class='ocrx_word' id='word_1_158' title='bbox 254 2993 376 3058; x_wconf 76' lang='lat' dir='ltr'>nominis,</span> <span class='ocrx_word' id='word_1_159' title='bbox 395 2993 499 3049; x_wconf 80' lang='lat' dir='ltr'>tertium</span> <span class='ocrx_word' id='word_1_160' title='bbox 518 2991 612 3046; x_wconf 81' lang='lat' dir='ltr'>edrrsio</span> <span class='ocrx_word' id='word_1_161' title='bbox 630 2993 776 3064; x_wconf 81' lang='lat' dir='ltr'>sanguinis,</span> <span class='ocrx_word' id='word_1_162' title='bbox 797 3001 916 3062; x_wconf 76' lang='lat' dir='ltr'>quonum</span> <span class='ocrx_word' id='word_1_163' title='bbox 934 2991 1095 3063; x_wconf 74' lang='lat' dir='ltr'>signaculum</span> 
     </span>
     <span class='ocr_line' id='line_1_21' title="bbox 59 3088 1094 3163; baseline 0.005 -21"><span class='ocrx_word' id='word_1_164' title='bbox 59 3089 272 3144; x_wconf 81' lang='lat' dir='ltr'>circuncisionis.</span> <span class='ocrx_word' id='word_1_165' title='bbox 300 3088 411 3146; x_wconf 86' lang='lat' dir='ltr'>Primnru</span> <span class='ocrx_word' id='word_1_166' title='bbox 430 3107 495 3163; x_wconf 74' lang='lat' dir='ltr'>ergo</span> <span class='ocrx_word' id='word_1_167' title='bbox 515 3097 555 3148; x_wconf 88' lang='lat' dir='ltr'>esi</span> <span class='ocrx_word' id='word_1_168' title='bbox 572 3098 668 3149; x_wconf 83' lang='lat' dir='ltr'>octorn</span> <span class='ocrx_word' id='word_1_169' title='bbox 685 3092 830 3148; x_wconf 77' lang='lat' dir='ltr'>nativitatis</span> <span class='ocrx_word' id='word_1_170' title='bbox 849 3089 955 3148; x_wconf 89' lang='lat' dir='ltr'>donini.</span> <span class='ocrx_word' id='word_1_171' title='bbox 981 3090 1011 3152; x_wconf 90' lang='lat' dir='ltr'>Si</span> <span class='ocrx_word' id='word_1_172' title='bbox 1028 3093 1094 3147; x_wconf 87' lang='lat' dir='ltr'>enirn</span> 
     </span>
     <span class='ocr_line' id='line_1_22' title="bbox 59 3187 1096 3262; baseline 0.006 -20"><span class='ocrx_word' id='word_1_173' title='bbox 59 3187 171 3244; x_wconf 76' lang='lat' dir='ltr'>eliorum</span> <span class='ocrx_word' id='word_1_174' title='bbox 188 3193 336 3244; x_wconf 67' lang='lat' dir='ltr'>soenorum</span> <span class='ocrx_word' id='word_1_175' title='bbox 353 3197 464 3248; x_wconf 78' lang='lat' dir='ltr'>ociores</span> <span class='ocrx_word' id='word_1_176' title='bbox 484 3191 614 3247; x_wconf 85' lang='lat' dir='ltr'>solemnes</span> <span class='ocrx_word' id='word_1_177' title='bbox 631 3197 701 3258; x_wconf 86' lang='lat' dir='ltr'>sunt,</span> <span class='ocrx_word' id='word_1_178' title='bbox 720 3199 817 3262; x_wconf 77' lang='lat' dir='ltr'>qunnto</span> <span class='ocrx_word' id='word_1_179' title='bbox 835 3193 919 3262; x_wconf 80' lang='lat' dir='ltr'>ungis</span> <span class='ocrx_word' id='word_1_180' title='bbox 933 3196 1027 3247; x_wconf 77' lang='lat' dir='ltr'>uetere</span> <span class='ocrx_word' id='word_1_181' title='bbox 1038 3191 1096 3249; x_wconf 86' lang='lat' dir='ltr'>dier</span> 
     </span>
     <span class='ocr_line' id='line_1_23' title="bbox 59 3289 1096 3363; baseline 0.006 -23"><span class='ocrx_word' id='word_1_182' title='bbox 59 3289 145 3342; x_wconf 76' lang='lat' dir='ltr'>sancti</span> <span class='ocrx_word' id='word_1_183' title='bbox 163 3296 309 3344; x_wconf 78' lang='lat' dir='ltr'>sanctornm</span> <span class='ocrx_word' id='word_1_184' title='bbox 328 3289 451 3346; x_wconf 86' lang='lat' dir='ltr'>solemnis</span> <span class='ocrx_word' id='word_1_185' title='bbox 469 3292 527 3346; x_wconf 87' lang='lat' dir='ltr'>erit.</span> <span class='ocrx_word' id='word_1_186' title='bbox 582 3291 634 3348; x_wconf 84' lang='lat' dir='ltr'>scd</span> <span class='ocrx_word' id='word_1_187' title='bbox 652 3307 702 3348; x_wconf 88' lang='lat' dir='ltr'>non</span> <span class='ocrx_word' id='word_1_188' title='bbox 726 3290 850 3356; x_wconf 59' lang='lat' dir='ltr'>videtum.</span> <span class='ocrx_word' id='word_1_189' title='bbox 878 3291 948 3363; x_wconf 80' lang='lat' dir='ltr'>qtrod</span> <span class='ocrx_word' id='word_1_190' title='bbox 972 3293 1096 3348; x_wconf 75' lang='lat' dir='ltr'>nativitas</span> 
     </span>
     <span class='ocr_line' id='line_1_24' title="bbox 53 3386 1095 3462; baseline 0.005 -20"><span class='ocrx_word' id='word_1_191' title='bbox 53 3386 159 3442; x_wconf 67' lang='lat' dir='ltr'>‘domini</span> <span class='ocrx_word' id='word_1_192' title='bbox 178 3387 274 3446; x_wconf 75' lang='lat' dir='ltr'>tenear</span> <span class='ocrx_word' id='word_1_193' title='bbox 291 3388 388 3447; x_wconf 78' lang='lat' dir='ltr'>lubere</span> <span class='ocrx_word' id='word_1_194' title='bbox 406 3398 535 3458; x_wconf 82' lang='lat' dir='ltr'>coierent,</span> <span class='ocrx_word' id='word_1_195' title='bbox 554 3393 617 3462; x_wconf 77' lang='lat' dir='ltr'>utris</span> <span class='ocrx_word' id='word_1_196' title='bbox 635 3392 693 3462; x_wconf 85' lang='lat' dir='ltr'>ejus</span> <span class='ocrx_word' id='word_1_197' title='bbox 711 3391 835 3446; x_wconf 73' lang='lat' dir='ltr'>nativitas</span> <span class='ocrx_word' id='word_1_198' title='bbox 846 3389 970 3447; x_wconf 80' lang='lat' dir='ltr'>tendebat</span> <span class='ocrx_word' id='word_1_199' title='bbox 981 3391 1015 3447; x_wconf 87' lang='lat' dir='ltr'>od</span> <span class='ocrx_word' id='word_1_200' title='bbox 1027 3409 1095 3448; x_wconf 89' lang='lat' dir='ltr'>rnor-</span> 
     </span>
     <span class='ocr_line' id='line_1_25' title="bbox 60 3487 1096 3564; baseline 0.01 -23"><span class='ocrx_word' id='word_1_201' title='bbox 60 3494 120 3542; x_wconf 84' lang='lat' dir='ltr'>tem.</span> <span class='ocrx_word' id='word_1_202' title='bbox 157 3487 249 3545; x_wconf 83' lang='lat' dir='ltr'>Obitus</span> <span class='ocrx_word' id='word_1_203' title='bbox 268 3493 352 3544; x_wconf 84' lang='lat' dir='ltr'>nutent</span> <span class='ocrx_word' id='word_1_204' title='bbox 372 3496 518 3545; x_wconf 83' lang='lat' dir='ltr'>sanctorum</span> <span class='ocrx_word' id='word_1_205' title='bbox 535 3489 595 3546; x_wconf 88' lang='lat' dir='ltr'>ideo</span> <span class='ocrx_word' id='word_1_206' title='bbox 614 3497 722 3546; x_wconf 76' lang='lat' dir='ltr'>ceteras</span> <span class='ocrx_word' id='word_1_207' title='bbox 740 3489 852 3555; x_wconf 81' lang='lat' dir='ltr'>liabent,</span> <span class='ocrx_word' id='word_1_208' title='bbox 889 3493 950 3562; x_wconf 81' lang='lat' dir='ltr'>quie</span> <span class='ocrx_word' id='word_1_209' title='bbox 968 3495 1019 3564; x_wconf 80' lang='lat' dir='ltr'>ipsi</span> <span class='ocrx_word' id='word_1_210' title='bbox 1036 3501 1096 3551; x_wconf 84' lang='lat' dir='ltr'>tunc</span> 
     </span>
     <span class='ocr_line' id='line_1_26' title="bbox 60 3588 1094 3662; baseline 0.007 -20"><span class='ocrx_word' id='word_1_211' title='bbox 60 3593 204 3646; x_wconf 78' lang='lat' dir='ltr'>noscrmtur</span> <span class='ocrx_word' id='word_1_212' title='bbox 219 3603 253 3645; x_wconf 84' lang='lat' dir='ltr'>es</span> <span class='ocrx_word' id='word_1_213' title='bbox 270 3590 416 3652; x_wconf 81' lang='lat' dir='ltr'>nntlritste,</span> <span class='ocrx_word' id='word_1_214' title='bbox 434 3605 504 3660; x_wconf 83' lang='lat' dir='ltr'>quoe</span> <span class='ocrx_word' id='word_1_215' title='bbox 521 3596 564 3648; x_wconf 84' lang='lat' dir='ltr'>est</span> <span class='ocrx_word' id='word_1_216' title='bbox 581 3588 616 3645; x_wconf 81' lang='lat' dir='ltr'>cd</span> <span class='ocrx_word' id='word_1_217' title='bbox 640 3595 716 3644; x_wconf 82' lang='lat' dir='ltr'>ritum</span> <span class='ocrx_word' id='word_1_218' title='bbox 735 3597 877 3658; x_wconf 85' lang='lat' dir='ltr'>eeternsrn,</span> <span class='ocrx_word' id='word_1_219' title='bbox 897 3599 924 3646; x_wconf 88' lang='lat' dir='ltr'>ut</span> <span class='ocrx_word' id='word_1_220' title='bbox 942 3600 1036 3662; x_wconf 82' lang='lat' dir='ltr'>postca</span> <span class='ocrx_word' id='word_1_221' title='bbox 1053 3609 1094 3649; x_wconf 89' lang='lat' dir='ltr'>re-</span> 
     </span>
     <span class='ocr_line' id='line_1_27' title="bbox 59 3673 1094 3762; baseline 0.004 -20"><span class='ocrx_word' id='word_1_222' title='bbox 59 3693 172 3760; x_wconf 73' lang='lat' dir='ltr'>surgant</span> <span class='ocrx_word' id='word_1_223' title='bbox 188 3690 214 3743; x_wconf 87' lang='lat' dir='ltr'>in</span> <span class='ocrx_word' id='word_1_224' title='bbox 233 3688 386 3759; x_wconf 83' lang='lat' dir='ltr'>corporibus</span> <span class='ocrx_word' id='word_1_225' title='bbox 404 3689 539 3761; x_wconf 78' lang='lat' dir='ltr'>gloriosis.</span> <span class='ocrx_word' id='word_1_226' title='bbox 574 3687 672 3746; x_wconf 76' lang='lat' dir='ltr'>Eodem</span> <span class='ocrx_word' id='word_1_227' title='bbox 691 3692 793 3748; x_wconf 73' lang='lat' dir='ltr'>ratione</span> <span class='ocrx_word' id='word_1_228' title='bbox 811 3689 929 3757; x_wconf 83' lang='lat' dir='ltr'>ridetur,</span> <span class='ocrx_word' id='word_1_229' title='bbox 955 3691 1025 3762; x_wconf 82' lang='lat' dir='ltr'>quod</span> <span class='ocrx_word' id='word_1_230' title='bbox 1044 3673 1094 3746; x_wconf 92' lang='lat' dir='ltr'>non</span> 
     </span>
     <span class='ocr_line' id='line_1_28' title="bbox 60 3785 1094 3862; baseline 0.006 -22"><span class='ocrx_word' id='word_1_231' title='bbox 60 3785 158 3842; x_wconf 77' lang='lat' dir='ltr'>debent</span> <span class='ocrx_word' id='word_1_232' title='bbox 175 3786 271 3844; x_wconf 81' lang='lat' dir='ltr'>labere</span> <span class='ocrx_word' id='word_1_233' title='bbox 290 3795 407 3844; x_wconf 77' lang='lat' dir='ltr'>oeternis</span> <span class='ocrx_word' id='word_1_234' title='bbox 426 3792 550 3846; x_wconf 82' lang='lat' dir='ltr'>nnt&#39;tritas</span> <span class='ocrx_word' id='word_1_235' title='bbox 573 3789 668 3846; x_wconf 76' lang='lat' dir='ltr'>bertoo</span> <span class='ocrx_word' id='word_1_236' title='bbox 687 3792 796 3862; x_wconf 77' lang='lat' dir='ltr'>virginis</span> <span class='ocrx_word' id='word_1_237' title='bbox 814 3789 949 3846; x_wconf 73' lang='lat' dir='ltr'>neclecti</span> <span class='ocrx_word' id='word_1_238' title='bbox 967 3789 1094 3846; x_wconf 83' lang='lat' dir='ltr'>loltsnnis</span> 
     </span>
     <span class='ocr_line' id='line_1_29' title="bbox 60 3885 1093 3962; baseline 0.006 -24"><span class='ocrx_word' id='word_1_239' title='bbox 60 3885 208 3956; x_wconf 72' lang='lat' dir='ltr'>baptistae,</span> <span class='ocrx_word' id='word_1_240' title='bbox 236 3889 354 3944; x_wconf 83' lang='lat' dir='ltr'>similiter</span> <span class='ocrx_word' id='word_1_241' title='bbox 371 3905 418 3944; x_wconf 84' lang='lat' dir='ltr'>nec</span> <span class='ocrx_word' id='word_1_242' title='bbox 436 3891 594 3946; x_wconf 84' lang='lat' dir='ltr'>resurrectio</span> <span class='ocrx_word' id='word_1_243' title='bbox 610 3889 722 3955; x_wconf 86' lang='lat' dir='ltr'>domini,</span> <span class='ocrx_word' id='word_1_244' title='bbox 752 3891 813 3960; x_wconf 76' lang='lat' dir='ltr'>ertia</span> <span class='ocrx_word' id='word_1_245' title='bbox 827 3891 883 3960; x_wconf 80' lang='lat' dir='ltr'>jam</span> <span class='ocrx_word' id='word_1_246' title='bbox 902 3890 972 3945; x_wconf 84' lang='lat' dir='ltr'>lacte</span> <span class='ocrx_word' id='word_1_247' title='bbox 990 3897 1048 3946; x_wconf 84' lang='lat' dir='ltr'>erut</span> <span class='ocrx_word' id='word_1_248' title='bbox 1067 3893 1093 3962; x_wconf 91' lang='lat'>¹)</span> 
     </span>
     <span class='ocr_line' id='line_1_30' title="bbox 58 3987 1094 4060; baseline 0.006 -22"><span class='ocrx_word' id='word_1_249' title='bbox 58 3989 119 4056; x_wconf 81' lang='lat' dir='ltr'>ipre</span> <span class='ocrx_word' id='word_1_250' title='bbox 129 3989 285 4042; x_wconf 73' lang='lat' dir='ltr'>rerurrectio</span> <span class='ocrx_word' id='word_1_251' title='bbox 295 3989 320 4040; x_wconf 91' lang='lat' dir='ltr'>in</span> <span class='ocrx_word' id='word_1_252' title='bbox 337 4005 374 4043; x_wconf 87' lang='lat' dir='ltr'>re.</span> <span class='ocrx_word' id='word_1_253' title='bbox 397 3987 449 4044; x_wconf 84' lang='lat' dir='ltr'>Sed</span> <span class='ocrx_word' id='word_1_254' title='bbox 468 3989 617 4056; x_wconf 80' lang='lat' dir='ltr'>notandum,</span> <span class='ocrx_word' id='word_1_255' title='bbox 636 3989 714 4060; x_wconf 78' lang='lat' dir='ltr'>qtrod,</span> <span class='ocrx_word' id='word_1_256' title='bbox 732 3992 799 4045; x_wconf 85' lang='lat' dir='ltr'>sicut</span> <span class='ocrx_word' id='word_1_257' title='bbox 816 3987 1094 4060; x_wconf 77' lang='lat' dir='ltr'>dicltPrncpositirus,</span> 
     </span>
     <span class='ocr_line' id='line_1_31' title="bbox 58 4086 1094 4161; baseline 0.006 -22"><span class='ocrx_word' id='word_1_258' title='bbox 58 4093 120 4139; x_wconf 80' lang='lat' dir='ltr'>sirrtt</span> <span class='ocrx_word' id='word_1_259' title='bbox 136 4093 246 4141; x_wconf 82' lang='lat' dir='ltr'>octnrse</span> <span class='ocrx_word' id='word_1_260' title='bbox 262 4087 454 4158; x_wconf 78' lang='lat' dir='ltr'>suppletionis,</span> <span class='ocrx_word' id='word_1_261' title='bbox 481 4095 510 4143; x_wconf 89' lang='lat' dir='ltr'>ut</span> <span class='ocrx_word' id='word_1_262' title='bbox 526 4095 567 4144; x_wconf 87' lang='lat' dir='ltr'>est</span> <span class='ocrx_word' id='word_1_263' title='bbox 585 4095 679 4144; x_wconf 79' lang='lat' dir='ltr'>octova</span> <span class='ocrx_word' id='word_1_264' title='bbox 696 4091 840 4144; x_wconf 77' lang='lat' dir='ltr'>nativitatis</span> <span class='ocrx_word' id='word_1_265' title='bbox 860 4086 971 4154; x_wconf 85' lang='lat' dir='ltr'>donini,</span> <span class='ocrx_word' id='word_1_266' title='bbox 996 4091 1022 4143; x_wconf 91' lang='lat' dir='ltr'>in</span> <span class='ocrx_word' id='word_1_267' title='bbox 1042 4105 1094 4161; x_wconf 86' lang='lat' dir='ltr'>que</span> 
     </span>
     <span class='ocr_line' id='line_1_32' title="bbox 57 4185 1093 4256; baseline 0.008 -18"><span class='ocrx_word' id='word_1_268' title='bbox 57 4185 219 4255; x_wconf 84' lang='lat' dir='ltr'>supplentur,</span> <span class='ocrx_word' id='word_1_269' title='bbox 238 4185 306 4256; x_wconf 86' lang='lat' dir='ltr'>quod</span> <span class='ocrx_word' id='word_1_270' title='bbox 325 4190 409 4242; x_wconf 75' lang='lat' dir='ltr'>mincis</span> <span class='ocrx_word' id='word_1_271' title='bbox 425 4191 452 4243; x_wconf 90' lang='lat' dir='ltr'>in</span> <span class='ocrx_word' id='word_1_272' title='bbox 472 4188 539 4244; x_wconf 83' lang='lat' dir='ltr'>lesio</span> <span class='ocrx_word' id='word_1_273' title='bbox 560 4187 653 4243; x_wconf 80' lang='lat' dir='ltr'>lectum</span> <span class='ocrx_word' id='word_1_274' title='bbox 680 4189 780 4254; x_wconf 78' lang='lat' dir='ltr'>iuerat,</span> <span class='ocrx_word' id='word_1_275' title='bbox 814 4189 914 4245; x_wconf 88' lang='lat' dir='ltr'>scillcet</span> <span class='ocrx_word' id='word_1_276' title='bbox 931 4189 1042 4245; x_wconf 83' lang='lat' dir='ltr'>cilicium</span> <span class='ocrx_word' id='word_1_277' title='bbox 1060 4189 1093 4246; x_wconf 86' lang='lat' dir='ltr'>do</span> 
     </span>
     <span class='ocr_line' id='line_1_33' title="bbox 57 4283 1092 4354; baseline 0.007 -17"><span class='ocrx_word' id='word_1_278' title='bbox 57 4285 230 4354; x_wconf 77' lang='lat' dir='ltr'>parturiente.</span> <span class='ocrx_word' id='word_1_279' title='bbox 281 4283 352 4342; x_wconf 77' lang='lat' dir='ltr'>Unde</span> <span class='ocrx_word' id='word_1_280' title='bbox 369 4287 447 4342; x_wconf 83' lang='lat' dir='ltr'>etiarn</span> <span class='ocrx_word' id='word_1_281' title='bbox 466 4289 526 4342; x_wconf 89' lang='lat' dir='ltr'>olim</span> <span class='ocrx_word' id='word_1_282' title='bbox 547 4291 572 4342; x_wconf 91' lang='lat' dir='ltr'>in</span> <span class='ocrx_word' id='word_1_283' title='bbox 591 4292 669 4342; x_wconf 78' lang='lat' dir='ltr'>inissa</span> <span class='ocrx_word' id='word_1_284' title='bbox 687 4289 859 4345; x_wconf 78' lang='lat' dir='ltr'>constteiernt</span> <span class='ocrx_word' id='word_1_285' title='bbox 875 4291 976 4343; x_wconf 79' lang='lat' dir='ltr'>centeri</span> <span class='ocrx_word' id='word_1_286' title='bbox 993 4289 1026 4343; x_wconf 81' lang='lat' dir='ltr'>cd</span> <span class='ocrx_word' id='word_1_287' title='bbox 1045 4289 1092 4344; x_wconf 87' lang='lat' dir='ltr'>ho-</span> 
     </span>
    </p>
   </div>
   <div class='ocr_carea' id='block_1_6' title="bbox 61 4413 461 4439">
    <p class='ocr_par' dir='ltr' id='par_1_6' title="bbox 61 4413 461 4439">
     <span class='ocr_line' id='line_1_34' title="bbox 61 4413 461 4439; baseline 0.003 -2"><span class='ocrx_word' id='word_1_288' title='bbox 61 4413 442 4439; x_wconf 43' lang='grc' dir='ltr'>Μή-..</span> <span class='ocrx_word' id='word_1_289' title='bbox 452 4433 461 4438; x_wconf 63' lang='grc'>.,</span> 
     </span>
    </p>
   </div>
   <div class='ocr_carea' id='block_1_7' title="bbox 109 4504 797 4570">
    <p class='ocr_par' dir='ltr' id='par_1_7' title="bbox 109 4504 797 4570">
     <span class='ocr_line' id='line_1_35' title="bbox 109 4504 797 4570; baseline 0.007 -24"><span class='ocrx_word' id='word_1_290' title='bbox 109 4505 130 4554; x_wconf 78' lang='lat' dir='ltr'>ll</span> <span class='ocrx_word' id='word_1_291' title='bbox 143 4509 194 4548; x_wconf 74' lang='lat' dir='ltr'>nec.</span> <span class='ocrx_word' id='word_1_292' title='bbox 210 4504 296 4570; x_wconf 72' lang='lat' dir='ltr'>legunt:</span> <span class='ocrx_word' id='word_1_293' title='bbox 311 4508 337 4549; x_wconf 85' lang='lat' dir='ltr'>in</span> <span class='ocrx_word' id='word_1_294' title='bbox 353 4507 419 4562; x_wconf 78' lang='lat' dir='ltr'>ipse</span> <span class='ocrx_word' id='word_1_295' title='bbox 433 4506 661 4553; x_wconf 83' lang='lat' dir='ltr'>rerurrectione.</span> <span class='ocrx_word' id='word_1_296' title='bbox 688 4507 742 4552; x_wconf 80' lang='lat' dir='ltr'>Sed</span> <span class='ocrx_word' id='word_1_297' title='bbox 756 4515 797 4552; x_wconf 83' lang='lat' dir='ltr'>etc.</span> 
     </span>
    </p>
   </div>
   <div class='ocr_carea' id='block_1_8' title="bbox 0 0 1404 5302">
    <p class='ocr_par' dir='ltr' id='par_1_8' title="bbox 0 0 1404 5302">
     <span class='ocr_line' id='line_1_36' title="bbox 0 0 1404 5302; baseline 0 1"><span class='ocrx_word' id='word_1_298' title='bbox 0 0 1404 5302; x_wconf 95' lang='lat' dir='ltr'> </span> 
     </span>
    </p>
   </div>
  </div>
 </body>
</html>
