2828 5302
285 448 327 509 66
504 444 578 522 Cep.
599 443 676 502 xlii.
718 444 764 501 De
779 442 999 512 ¹circumcisione
1022 440 1143 500 domini.

289 607 407 665 stimmo
431 605 626 670 consideraret,
661 607 686 658 in
706 607 838 657 ueternum
856 616 907 654 non
924 605 1062 670 peoosret,
1098 599 1200 653 scilieet
1217 601 1325 653 metetis
1385 569 1386 632 3

290 707 360 772 silis,
380 707 501 776 operatio
520 706 621 774 turpis,
639 705 726 759 exitus
745 698 859 765 ilobiiis,
877 704 962 754 statos
981 697 1130 764 instabilis,
1149 712 1220 752 mors
1240 699 1327 751 tristu-

289 806 366 871 bllis‚
403 804 544 862 dissolutio
567 797 725 858 miserabilis
749 806 776 855 et
801 798 934 852 denuntio
961 795 1134 854 detestsbiiis.
1186 793 1221 851 Ei
1237 801 1328 850 ootsss

290 908 455 975 potestesse
473 901 651 958 consideratio
669 899 773 972 gloriae
795 897 948 952 ineiiebilis.
1001 897 1102 961 ilustris
1126 897 1196 950 retio
1222 896 1329 950 sumitur

292 1018 373 1072 penes
397 1002 554 1057 intellectum
580 1001 750 1074 allegoricum
773 998 830 1052 sino
854 995 1018 1067 spiritualem
1037 1002 1064 1051 ei
1081 994 1222 1051 secundom
1241 992 1329 1049 buci

291 1102 349 1157 dies
369 1107 446 1156 erunt
464 1100 487 1154 v
507 1101 566 1155 iibri
584 1099 694 1170 Moysis,
716 1101 743 1152 io
761 1094 856 1168 qulbus
871 1097 1020 1150 continetur
1035 1093 1089 1162 lex,
1107 1095 1159 1149 duo
1174 1100 1253 1150 erunt
1271 1109 1329 1165 pro-

293 1199 389 1272 phetoe
409 1207 436 1255 et
452 1199 561 1272 psalmi,
600 1205 708 1253 ociosus
731 1197 788 1254 dies
813 1196 864 1250 erit
881 1193 1001 1250 doctrino
1017 1194 1180 1267 evangelion.
1233 1192 1328 1248 Sedis

294 1308 395 1371 septem
418 1301 509 1373 primis
534 1297 627 1353 diebus
651 1314 703 1353 nou
726 1296 807 1353 iebst
831 1292 951 1365 periente
974 1296 1151 1360 circumcisio,
1187 1295 1214 1348 ln
1238 1298 1329 1348 ocioso

177 1387 179 1392 ’
222 1421 223 1424 ’
295 1406 381 1455 eutem
416 1399 536 1471 periente
558 1399 720 1453 circumcisio
748 1397 776 1450 iit
801 1393 836 1450 sb
860 1395 929 1449 omni
947 1393 1025 1465 culpo
1049 1401 1076 1449 et
1092 1390 1126 1447 eis
1145 1393 1217 1448 omni
1237 1406 1330 1464 poene,

297 1514 363 1553 nuno
379 1501 405 1554 in
423 1514 481 1571 spe,
500 1497 548 1554 sed
566 1496 669 1552 tandem
687 1499 714 1550 in
732 1511 761 1551 se
806 1491 893 1558 Quare
912 1497 999 1548 eutem
1016 1491 1082 1548 doto
1098 1491 1177 1548 inerit
1198 1494 1330 1547 eircumci-

297 1599 347 1665 sio,
367 1613 414 1654 ses
434 1603 619 1664 sumomonte,
637 1610 706 1668 quee
724 1599 848 1649 notentur
864 1594 891 1647 ln
910 1589 952 1648 its
970 1591 1103 1648 uersibus:

458 1695 618 1762 Cauterium,
634 1698 747 1768 signnm,
765 1695 893 1761 meritum,
911 1691 1048 1760 medicine,
1067 1690 1162 1764 ignee,

459 1792 611 1866 Exemplum
631 1794 681 1849 luit
697 1794 759 1849 oiim
777 1795 939 1848 oiroumolsio
957 1790 1031 1847 dure.

297 1892 337 1949 ile
354 1907 434 1948 oerne
457 1900 543 1950 eniens
568 1895 773 1948 circumcisionis
797 1891 895 1946 domini
912 1891 1025 1957 dicitnr,
1060 1889 1130 1963 quod
1148 1889 1261 1962 angelus
1279 1902 1333 1944 essu

298 1989 396 2046 (lsroio
415 1991 517 2066 liingno
535 1993 624 2048 situlit
640 1995 741 2063 etipse
760 2006 816 2047 eom
836 1991 999 2064 Aquisgruut
1021 1992 1048 2046 ln
1066 1987 1206 2045 ecclesium
1223 1987 1335 2044 Senctue

299 2089 403 2147 lilerieo
420 2090 562 2148 bonoriiee
581 2091 737 2158 collocavit,
767 2090 878 2146 Carolus
898 2105 960 2145 soro
980 2089 1051 2144 illem
1068 2095 1164 2161 posue
1182 2089 1269 2144 ieriur
1287 2087 1335 2145 ils·

301 2191 398 2244 rosium
422 2192 607 2258 transtulisse,
644 2205 711 2245 nuuc
734 2197 820 2246 nuum
846 2189 941 2245 dicitnr
970 2203 1029 2246 esse
1054 2187 1153 2244 Romae
1171 2191 1199 2243 io
1216 2188 1336 2252 ecclesie,

302 2303 370 2359 queo
388 2287 484 2344 dicitur
501 2290 599 2345 Soneio
619 2289 780 2345 Sanctorum.
816 2287 890 2345 Unde
907 2295 934 2345 ct
952 2287 1047 2346 ibidem
1065 2289 1189 2359 seriptum
1208 2287 1321 2360 iegitur:

463 2389 622 2446 circumciso
638 2403 702 2444 coro
719 2387 817 2444 illinisti
834 2387 956 2443 sandalis
973 2387 1048 2444 eluro

463 2491 552 2563 itque
569 2489 682 2545 usnbiilci
702 2491 775 2562 siget
793 2487 835 2542 isio
852 2489 983 2558 preeoisio
1000 2502 1071 2544 cers.

303 2582 383 2641 Unde
397 2592 425 2644 et
440 2602 473 2644 oo
493 2588 536 2644 dio
554 2587 583 2643 it
597 2591 677 2645 stetin
696 2586 730 2643 sd
747 2587 869 2644 Sancum
880 2587 1043 2643 Sanctorum.
1063 2587 1115 2644 Sed
1133 2590 1158 2643 si
1171 2586 1222 2642 boc
1240 2601 1338 2653 somno,

304 2684 381 2741 sslde
394 2689 484 2760 utique
493 2687 612 2744 mirabile
620 2695 669 2744 est.
690 2687 753 2744 Com
766 2689 905 2744 enimuero
916 2687 1064 2759 ipsesitde
1081 2691 1193 2745 venitote
1212 2687 1340 2743 buossnse

305 2789 431 2854 noturus,
455 2787 601 2855 oredimus,
627 2787 697 2859 quod
716 2792 873 2859 resurgente
890 2785 997 2843 ctnssu
1016 2786 1094 2843 rediit
1111 2788 1145 2844 ed
1161 2789 1247 2844 iocum
1267 2799 1339 2840 suum

302 2883 485 2956 glorificatum.
519 2887 610 2958 Aliqui
627 2886 764 2954 dixerunt,
784 2884 856 2961 quod
873 2885 923 2941 inoo
942 2891 1029 2942 sensim
1048 2889 1083 2942 sit
1096 2888 1176 2959 juxis
1191 2888 1341 2959 opinionon

303 2981 423 3052 iliorum,
459 2985 504 3056 qni
523 2985 610 3040 dicunt
626 2985 692 3040 iilud
709 2986 793 3042 solum
812 3001 873 3042 esse
892 2986 924 3042 de
943 2988 1056 3042 seriiste
1074 2985 1203 3043 bumenue
1220 2993 1340 3052 noima,

304 3097 372 3153 quse
391 3083 425 3138 sb
443 3083 526 3141 ddum
545 3084 739 3153 trudoniensi,
759 3091 786 3142 et
802 3087 880 3142 istem
897 3085 980 3141 solnm
998 3100 1147 3160 resurgere.
1182 3085 1340 3152 Notandum,

303 3180 374 3251 quod
391 3183 452 3238 otis
471 3197 488 3237 s
506 3187 620 3256 pegsots
638 3191 665 3240 et
683 3184 829 3258 gentilibus
852 3187 878 3240 in
896 3182 937 3241 bis
962 3185 1080 3242 calendis
1099 3184 1197 3240 nsitee
1212 3187 1341 3256 supersti-

306 3281 392 3336 tiones
405 3281 625 3351 obsersnbentor‚
643 3299 710 3355 ques
727 3287 811 3339 suomi
831 3286 909 3340 etium
929 3299 946 3340 s
963 3284 1120 3342 Gbristionis
1137 3286 1181 3340 sis
1192 3285 1342 3355 exstirpare

306 3383 444 3448 poterent,
468 3397 535 3454 quse
554 3384 717 3456 Augustinus
735 3385 763 3438 in
780 3383 893 3456 quodem
911 3398 1033 3442 sermone
1049 3389 1242 3440 commemoret.
1278 3383 1342 3439 ilre-

306 3476 397 3534 denies
415 3483 494 3548 enirn,
512 3487 541 3536 ut
556 3481 629 3552 dicit,
647 3482 741 3540 lunum
759 3483 850 3539 ducem
867 3483 1003 3556 quemdum
1013 3483 1175 3551 ileumesse,
1193 3497 1250 3538 eusr
1264 3480 1342 3536 iniis

301 3575 422 3634 'mendis
440 3580 576 3650 pissimum
594 3580 788 3638 venersbsoiur
804 3587 831 3640 et
847 3585 872 3638 ei
889 3581 956 3639 does
975 3581 1057 3640 iscius
1076 3582 1239 3656 igorabant,
1265 3594 1342 3635 unm

306 3684 368 3746 post
384 3691 430 3747 se,
449 3678 527 3734 aliem
544 3685 605 3736 ente
622 3697 667 3750 se,
692 3683 756 3753 quin
774 3688 832 3738 eret
847 3685 973 3740 terminus
993 3684 1054 3738 unni
1071 3683 1207 3754 praeteriti
1224 3685 1252 3736 et
1269 3681 1343 3752 psin-

304 3778 400 3848 eipiusn
417 3781 561 3851 sequentis.
595 3779 696 3836 Russus
713 3783 739 3835 in
757 3781 798 3838 iris
816 3781 933 3838 calendis
953 3781 1051 3837 tormen
1069 3786 1250 3836 monstruosus
1267 3793 1343 3832 esso-

305 3874 425 3946 mebsnt‚
444 3877 489 3936 elli
509 3883 651 3936 vestientes
669 3895 699 3936 se
717 3880 831 3952 pellibus
849 3880 990 3952 pecudum,
1009 3880 1055 3936 elli
1073 3885 1237 3936 mouentes
1255 3879 1345 3948 eapite

307 3975 461 4043 bestiarum,
481 3994 513 4035 es
524 3994 577 4050 quo
589 3977 765 4048 indicebatur,
785 3996 836 4035 non
851 3981 876 4049 ¹)
887 3988 986 4036 unium
999 3979 1125 4048 hobitum,
1143 3977 1191 4035 sed
1201 3975 1343 4032 belluinum

307 4074 529 4136 beberesesssum.
547 4078 599 4134 diii
611 4081 706 4134 tunicis
718 4077 889 4136 muliebribus
908 4079 1097 4148 sentiebantur,
1116 4095 1168 4135 non
1185 4078 1344 4135 erubescen-

307 4183 347 4231 tes
364 4179 482 4235 inserere
499 4181 594 4236 tunicis
612 4177 783 4235 muliebribus
802 4179 929 4236 militares
946 4178 1076 4238 lacertos.
1105 4179 1159 4236 diii
1177 4181 1217 4234 itu
1232 4180 1345 4252 sugorie

307 4315 728 4332 ..Ο-*Ψ

358 4397 553 4452 lindeseiae.
569 4407 623 4446 tum
638 4400 772 4446 bsebeil.
787 4401 933 4455 iubenum
948 4415 965 4445 s.
