<?xml version="1.0" encoding="UTF-8"?>
<!DOCTYPE html PUBLIC "-//W3C//DTD XHTML 1.0 Transitional//EN"
    "http://www.w3.org/TR/xhtml1/DTD/xhtml1-transitional.dtd">
<html xmlns="http://www.w3.org/1999/xhtml" xml:lang="en" lang="en">
 <head>
  <title>
</title>
<meta http-equiv="Content-Type" content="text/html;charset=utf-8" />
  <meta name='ocr-system' content='tesseract 3.04.00' />
  <meta name='ocr-capabilities' content='ocr_page ocr_carea ocr_par ocr_line ocrx_word'/>
</head>
<body>
  <div class='ocr_page' id='page_1' title='image "./jacobiavoragine00jacogoog_0295.png"; bbox 0 0 2842 5286; ppageno 0'>
   <div class='ocr_carea' id='block_1_1' title="bbox 329 499 1235 584">
    <p class='ocr_par' dir='ltr' id='par_1_1' title="bbox 329 499 1235 584">
     <span class='ocr_line' id='line_1_1' title="bbox 329 499 1235 584; baseline -0.003 -18"><span class='ocrx_word' id='word_1_1' title='bbox 329 505 391 568; x_wconf 79' lang='lat' dir='ltr'>att</span> <span class='ocrx_word' id='word_1_2' title='bbox 473 505 547 584; x_wconf 89' lang='lat' dir='ltr'>Cap.</span> <span class='ocrx_word' id='word_1_3' title='bbox 568 501 660 562; x_wconf 87' lang='lat' dir='ltr'>Lllll.</span> <span class='ocrx_word' id='word_1_4' title='bbox 703 503 748 562; x_wconf 91' lang='lat' dir='ltr'>De</span> <span class='ocrx_word' id='word_1_5' title='bbox 768 501 876 578; x_wconf 81' lang='lat' dir='ltr'>uirgine</span> <span class='ocrx_word' id='word_1_6' title='bbox 898 499 1022 582; x_wconf 87' lang='lat' dir='ltr'>quadam</span> <span class='ocrx_word' id='word_1_7' title='bbox 1044 500 1235 563; x_wconf 80' lang='lat' dir='ltr'>Antiocheae.</span> 
     </span>
    </p>
   </div>
   <div class='ocr_carea' id='block_1_2' title="bbox 297 656 1369 4508">
    <p class='ocr_par' dir='ltr' id='par_1_2' title="bbox 297 656 1369 4508">
     <span class='ocr_line' id='line_1_2' title="bbox 330 656 1367 736; baseline -0.006 -16"><span class='ocrx_word' id='word_1_8' title='bbox 330 661 546 736; x_wconf 80' lang='lat' dir='ltr'>quemadmodum</span> <span class='ocrx_word' id='word_1_9' title='bbox 564 675 638 732; x_wconf 90' lang='lat' dir='ltr'>spem</span> <span class='ocrx_word' id='word_1_10' title='bbox 658 660 791 715; x_wconf 88' lang='lat' dir='ltr'>onstltatie</span> <span class='ocrx_word' id='word_1_11' title='bbox 809 658 963 730; x_wconf 80' lang='lat' dir='ltr'>religionem</span> <span class='ocrx_word' id='word_1_12' title='bbox 982 656 1123 728; x_wconf 90' lang='lat' dir='ltr'>tollerent,</span> <span class='ocrx_word' id='word_1_13' title='bbox 1149 665 1179 714; x_wconf 95' lang='lat' dir='ltr'>nt</span> <span class='ocrx_word' id='word_1_14' title='bbox 1201 673 1260 714; x_wconf 87' lang='lat' dir='ltr'>cnm</span> <span class='ocrx_word' id='word_1_15' title='bbox 1279 659 1306 714; x_wconf 93' lang='lat' dir='ltr'>id</span> <span class='ocrx_word' id='word_1_16' title='bbox 1323 659 1367 714; x_wconf 83' lang='lat' dir='ltr'>alr·</span> 
     </span>
     <span class='ocr_line' id='line_1_3' title="bbox 331 756 1367 834; baseline -0.004 -16"><span class='ocrx_word' id='word_1_17' title='bbox 331 762 484 828; x_wconf 88' lang='lat' dir='ltr'>stulissent,</span> <span class='ocrx_word' id='word_1_18' title='bbox 504 759 574 834; x_wconf 77' lang='lat' dir='ltr'>qnod</span> <span class='ocrx_word' id='word_1_19' title='bbox 592 766 650 816; x_wconf 90' lang='lat' dir='ltr'>crat</span> <span class='ocrx_word' id='word_1_20' title='bbox 665 759 794 831; x_wconf 87' lang='lat' dir='ltr'>amplius,</span> <span class='ocrx_word' id='word_1_21' title='bbox 813 759 891 813; x_wconf 89' lang='lat' dir='ltr'>etiam</span> <span class='ocrx_word' id='word_1_22' title='bbox 909 756 937 811; x_wconf 91' lang='lat' dir='ltr'>id</span> <span class='ocrx_word' id='word_1_23' title='bbox 951 759 1095 827; x_wconf 75' lang='lat' dir='ltr'>eriperent,</span> <span class='ocrx_word' id='word_1_24' title='bbox 1111 757 1185 829; x_wconf 73' lang='lat' dir='ltr'>qnod</span> <span class='ocrx_word' id='word_1_25' title='bbox 1205 757 1367 830; x_wconf 78' lang='lat' dir='ltr'>derelinque·</span> 
     </span>
     <span class='ocr_line' id='line_1_4' title="bbox 329 856 1368 931; baseline -0.005 -14"><span class='ocrx_word' id='word_1_26' title='bbox 329 868 396 919; x_wconf 88' lang='lat' dir='ltr'>rent.</span> <span class='ocrx_word' id='word_1_27' title='bbox 432 862 485 916; x_wconf 76' lang='lat' dir='ltr'>Aut</span> <span class='ocrx_word' id='word_1_28' title='bbox 500 856 652 916; x_wconf 75' lang='lat' dir='ltr'>sacrificare</span> <span class='ocrx_word' id='word_1_29' title='bbox 669 860 796 931; x_wconf 76' lang='lat' dir='ltr'>virginem</span> <span class='ocrx_word' id='word_1_30' title='bbox 816 863 862 912; x_wconf 86' lang='lat' dir='ltr'>aut</span> <span class='ocrx_word' id='word_1_31' title='bbox 870 857 993 928; x_wconf 86' lang='lat' dir='ltr'>lupanari</span> <span class='ocrx_word' id='word_1_32' title='bbox 1008 859 1131 926; x_wconf 88' lang='lat' dir='ltr'>prostitui</span> <span class='ocrx_word' id='word_1_33' title='bbox 1146 856 1269 928; x_wconf 81' lang='lat' dir='ltr'>jubetur.</span> <span class='ocrx_word' id='word_1_34' title='bbox 1303 857 1368 920; x_wconf 76' lang='lat' dir='ltr'>ileo-</span> 
     </span>
     <span class='ocr_line' id='line_1_5' title="bbox 332 954 1367 1029; baseline -0.006 -13"><span class='ocrx_word' id='word_1_35' title='bbox 332 961 410 1018; x_wconf 89' lang='lat' dir='ltr'>modo</span> <span class='ocrx_word' id='word_1_36' title='bbox 427 961 516 1015; x_wconf 90' lang='lat' dir='ltr'>colunt</span> <span class='ocrx_word' id='word_1_37' title='bbox 533 958 605 1013; x_wconf 84' lang='lat' dir='ltr'>Deos</span> <span class='ocrx_word' id='word_1_38' title='bbox 624 971 703 1023; x_wconf 87' lang='lat' dir='ltr'>suos,</span> <span class='ocrx_word' id='word_1_39' title='bbox 728 959 773 1028; x_wconf 84' lang='lat' dir='ltr'>qni</span> <span class='ocrx_word' id='word_1_40' title='bbox 792 958 831 1011; x_wconf 85' lang='lat' dir='ltr'>sio</span> <span class='ocrx_word' id='word_1_41' title='bbox 850 956 997 1024; x_wconf 77' lang='lat' dir='ltr'>vindicant,</span> <span class='ocrx_word' id='word_1_42' title='bbox 1021 963 1067 1012; x_wconf 89' lang='lat' dir='ltr'>ant</span> <span class='ocrx_word' id='word_1_43' title='bbox 1085 954 1367 1029; x_wconf 81' lang='lat' dir='ltr'>quemadmodumipei</span> 
     </span>
     <span class='ocr_line' id='line_1_6' title="bbox 332 1057 1368 1130; baseline -0.002 -16"><span class='ocrx_word' id='word_1_44' title='bbox 332 1062 429 1125; x_wconf 81' lang='lat' dir='ltr'>visunt,</span> <span class='ocrx_word' id='word_1_45' title='bbox 448 1060 491 1130; x_wconf 84' lang='lat' dir='ltr'>qui</span> <span class='ocrx_word' id='word_1_46' title='bbox 508 1058 548 1112; x_wconf 88' lang='lat' dir='ltr'>ita</span> <span class='ocrx_word' id='word_1_47' title='bbox 560 1057 704 1129; x_wconf 78' lang='lat' dir='ltr'>judicanti</span> <span class='ocrx_word' id='word_1_48' title='bbox 739 1057 809 1112; x_wconf 84' lang='lat' dir='ltr'>llaec</span> <span class='ocrx_word' id='word_1_49' title='bbox 827 1057 932 1128; x_wconf 82' lang='lat' dir='ltr'>puella,</span> <span class='ocrx_word' id='word_1_50' title='bbox 951 1073 1004 1112; x_wconf 91' lang='lat' dir='ltr'>nco</span> <span class='ocrx_word' id='word_1_51' title='bbox 1022 1057 1093 1128; x_wconf 83' lang='lat' dir='ltr'>quod</span> <span class='ocrx_word' id='word_1_52' title='bbox 1114 1057 1149 1112; x_wconf 92' lang='lat' dir='ltr'>de</span> <span class='ocrx_word' id='word_1_53' title='bbox 1168 1057 1302 1128; x_wconf 76' lang='lat' dir='ltr'>religione</span> <span class='ocrx_word' id='word_1_54' title='bbox 1319 1073 1368 1112; x_wconf 87' lang='lat' dir='ltr'>an·</span> 
     </span>
     <span class='ocr_line' id='line_1_7' title="bbox 331 1156 1368 1230; baseline 0 -18"><span class='ocrx_word' id='word_1_55' title='bbox 331 1158 451 1230; x_wconf 74' lang='lat' dir='ltr'>digeret,</span> <span class='ocrx_word' id='word_1_56' title='bbox 477 1156 525 1212; x_wconf 91' lang='lat' dir='ltr'>sed</span> <span class='ocrx_word' id='word_1_57' title='bbox 543 1156 613 1230; x_wconf 85' lang='lat' dir='ltr'>quod</span> <span class='ocrx_word' id='word_1_58' title='bbox 631 1157 665 1212; x_wconf 86' lang='lat' dir='ltr'>ds</span> <span class='ocrx_word' id='word_1_59' title='bbox 689 1157 790 1228; x_wconf 89' lang='lat' dir='ltr'>pudore</span> <span class='ocrx_word' id='word_1_60' title='bbox 809 1156 972 1228; x_wconf 80' lang='lat' dir='ltr'>trepidaret,</span> <span class='ocrx_word' id='word_1_61' title='bbox 992 1158 1052 1227; x_wconf 87' lang='lat' dir='ltr'>ipsa</span> <span class='ocrx_word' id='word_1_62' title='bbox 1069 1171 1157 1212; x_wconf 84' lang='lat' dir='ltr'>secura</span> <span class='ocrx_word' id='word_1_63' title='bbox 1175 1159 1277 1229; x_wconf 80' lang='lat' dir='ltr'>iuquit:</span> <span class='ocrx_word' id='word_1_64' title='bbox 1311 1158 1368 1230; x_wconf 79' lang='lat' dir='ltr'>qaid</span> 
     </span>
     <span class='ocr_line' id='line_1_8' title="bbox 331 1254 1367 1330; baseline 0.002 -20"><span class='ocrx_word' id='word_1_65' title='bbox 331 1259 435 1330; x_wconf 77' lang='lat' dir='ltr'>agimus</span> <span class='ocrx_word' id='word_1_66' title='bbox 453 1255 556 1312; x_wconf 76' lang='lat' dir='ltr'>lindie?</span> <span class='ocrx_word' id='word_1_67' title='bbox 575 1261 621 1311; x_wconf 91' lang='lat' dir='ltr'>ant</span> <span class='ocrx_word' id='word_1_68' title='bbox 639 1257 794 1310; x_wconf 83' lang='lat' dir='ltr'>martiraut</span> <span class='ocrx_word' id='word_1_69' title='bbox 810 1257 901 1328; x_wconf 83' lang='lat' dir='ltr'>uirgo,</span> <span class='ocrx_word' id='word_1_70' title='bbox 917 1254 1003 1310; x_wconf 87' lang='lat' dir='ltr'>altera</span> <span class='ocrx_word' id='word_1_71' title='bbox 1019 1255 1097 1310; x_wconf 87' lang='lat' dir='ltr'>uobis</span> <span class='ocrx_word' id='word_1_72' title='bbox 1114 1255 1252 1312; x_wconf 86' lang='lat' dir='ltr'>inridetur</span> <span class='ocrx_word' id='word_1_73' title='bbox 1268 1273 1367 1312; x_wconf 79' lang='lat' dir='ltr'>corona</span> 
     </span>
     <span class='ocr_line' id='line_1_9' title="bbox 297 1341 1367 1436; baseline -0.001 -23"><span class='ocrx_word' id='word_1_74' title='bbox 297 1341 299 1344; x_wconf 33' lang='lat'>¹</span> <span class='ocrx_word' id='word_1_75' title='bbox 331 1356 385 1413; x_wconf 86' lang='lat' dir='ltr'>Sed</span> <span class='ocrx_word' id='word_1_76' title='bbox 405 1371 453 1412; x_wconf 87' lang='lat' dir='ltr'>nec</span> <span class='ocrx_word' id='word_1_77' title='bbox 472 1357 584 1427; x_wconf 83' lang='lat' dir='ltr'>virginis</span> <span class='ocrx_word' id='word_1_78' title='bbox 602 1371 696 1410; x_wconf 88' lang='lat' dir='ltr'>nomen</span> <span class='ocrx_word' id='word_1_79' title='bbox 714 1356 881 1426; x_wconf 79' lang='lat' dir='ltr'>agnoscitur,</span> <span class='ocrx_word' id='word_1_80' title='bbox 899 1355 944 1409; x_wconf 87' lang='lat' dir='ltr'>ubi</span> <span class='ocrx_word' id='word_1_81' title='bbox 963 1357 1122 1436; x_wconf 78' lang='lat' dir='ltr'>uirginitatis</span> <span class='ocrx_word' id='word_1_82' title='bbox 1139 1365 1236 1412; x_wconf 74' lang='lat' dir='ltr'>numer</span> <span class='ocrx_word' id='word_1_83' title='bbox 1252 1364 1367 1430; x_wconf 78' lang='lat' dir='ltr'>negetur.</span> 
     </span>
     <span class='ocr_line' id='line_1_10' title="bbox 330 1454 1367 1528; baseline 0 -16"><span class='ocrx_word' id='word_1_84' title='bbox 330 1455 395 1512; x_wconf 88' lang='lat' dir='ltr'>llam</span> <span class='ocrx_word' id='word_1_85' title='bbox 422 1454 636 1528; x_wconf 85' lang='lat' dir='ltr'>quemadmodum</span> <span class='ocrx_word' id='word_1_86' title='bbox 663 1456 757 1526; x_wconf 81' lang='lat' dir='ltr'>uirgo,</span> <span class='ocrx_word' id='word_1_87' title='bbox 791 1455 814 1508; x_wconf 87' lang='lat' dir='ltr'>si</span> <span class='ocrx_word' id='word_1_88' title='bbox 840 1455 1004 1509; x_wconf 79' lang='lat' dir='ltr'>meretricem</span> <span class='ocrx_word' id='word_1_89' title='bbox 1034 1454 1124 1522; x_wconf 90' lang='lat' dir='ltr'>colas,</span> <span class='ocrx_word' id='word_1_90' title='bbox 1155 1456 1367 1527; x_wconf 76' lang='lat' dir='ltr'>quemadmodum</span> 
     </span>
     <span class='ocr_line' id='line_1_11' title="bbox 329 1551 1367 1628; baseline 0.001 -17"><span class='ocrx_word' id='word_1_91' title='bbox 329 1559 416 1628; x_wconf 79' lang='lat' dir='ltr'>uirgo,</span> <span class='ocrx_word' id='word_1_92' title='bbox 434 1557 458 1609; x_wconf 92' lang='lat' dir='ltr'>si</span> <span class='ocrx_word' id='word_1_93' title='bbox 475 1553 621 1608; x_wconf 87' lang='lat' dir='ltr'>adulterum</span> <span class='ocrx_word' id='word_1_94' title='bbox 641 1552 747 1624; x_wconf 84' lang='lat' dir='ltr'>diligas,</span> <span class='ocrx_word' id='word_1_95' title='bbox 759 1551 980 1625; x_wconf 59' lang='lat' dir='ltr'>quemadmodum</span> <span class='ocrx_word' id='word_1_96' title='bbox 998 1556 1084 1627; x_wconf 79' lang='lat' dir='ltr'>virgo,</span> <span class='ocrx_word' id='word_1_97' title='bbox 1104 1559 1127 1608; x_wconf 87' lang='lat' dir='ltr'>ai</span> <span class='ocrx_word' id='word_1_98' title='bbox 1146 1569 1263 1610; x_wconf 86' lang='lat' dir='ltr'>amorem</span> <span class='ocrx_word' id='word_1_99' title='bbox 1277 1559 1367 1627; x_wconf 80' lang='lat' dir='ltr'>peimi</span> 
     </span>
     <span class='ocr_line' id='line_1_12' title="bbox 331 1645 1367 1728; baseline 0.001 -18"><span class='ocrx_word' id='word_1_100' title='bbox 331 1653 512 1711; x_wconf 79' lang='lat' dir='ltr'>Tolerabilius</span> <span class='ocrx_word' id='word_1_101' title='bbox 531 1659 572 1707; x_wconf 90' lang='lat' dir='ltr'>est</span> <span class='ocrx_word' id='word_1_102' title='bbox 589 1657 700 1706; x_wconf 88' lang='lat' dir='ltr'>mentem</span> <span class='ocrx_word' id='word_1_103' title='bbox 717 1653 844 1724; x_wconf 81' lang='lat' dir='ltr'>uirginem</span> <span class='ocrx_word' id='word_1_104' title='bbox 865 1666 942 1722; x_wconf 82' lang='lat' dir='ltr'>quam</span> <span class='ocrx_word' id='word_1_105' title='bbox 960 1667 1063 1708; x_wconf 86' lang='lat' dir='ltr'>carmem</span> <span class='ocrx_word' id='word_1_106' title='bbox 1087 1653 1197 1710; x_wconf 86' lang='lat' dir='ltr'>lrabere.</span> <span class='ocrx_word' id='word_1_107' title='bbox 1233 1645 1367 1728; x_wconf 79' lang='lat' dir='ltr'>Utrunque</span> 
     </span>
     <span class='ocr_line' id='line_1_13' title="bbox 329 1750 1366 1821; baseline -0.001 -11"><span class='ocrx_word' id='word_1_108' title='bbox 329 1755 441 1819; x_wconf 81' lang='lat' dir='ltr'>bonrum,</span> <span class='ocrx_word' id='word_1_109' title='bbox 460 1756 484 1808; x_wconf 91' lang='lat' dir='ltr'>ei</span> <span class='ocrx_word' id='word_1_110' title='bbox 500 1752 593 1816; x_wconf 86' lang='lat' dir='ltr'>liceat,</span> <span class='ocrx_word' id='word_1_111' title='bbox 620 1756 647 1806; x_wconf 90' lang='lat' dir='ltr'>et</span> <span class='ocrx_word' id='word_1_112' title='bbox 664 1753 687 1804; x_wconf 90' lang='lat' dir='ltr'>st</span> <span class='ocrx_word' id='word_1_113' title='bbox 706 1765 757 1806; x_wconf 89' lang='lat' dir='ltr'>non</span> <span class='ocrx_word' id='word_1_114' title='bbox 775 1751 869 1818; x_wconf 89' lang='lat' dir='ltr'>liceat,</span> <span class='ocrx_word' id='word_1_115' title='bbox 896 1750 988 1806; x_wconf 86' lang='lat' dir='ltr'>saltem</span> <span class='ocrx_word' id='word_1_116' title='bbox 1005 1768 1057 1806; x_wconf 89' lang='lat' dir='ltr'>non</span> <span class='ocrx_word' id='word_1_117' title='bbox 1075 1751 1175 1808; x_wconf 89' lang='lat' dir='ltr'>iromini</span> <span class='ocrx_word' id='word_1_118' title='bbox 1193 1761 1301 1821; x_wconf 68' lang='lat' dir='ltr'>saeue,</span> <span class='ocrx_word' id='word_1_119' title='bbox 1323 1756 1366 1812; x_wconf 85' lang='lat' dir='ltr'>sed</span> 
     </span>
     <span class='ocr_line' id='line_1_14' title="bbox 329 1842 1367 1922; baseline -0.002 -11"><span class='ocrx_word' id='word_1_120' title='bbox 329 1855 386 1911; x_wconf 85' lang='lat' dir='ltr'>Deo</span> <span class='ocrx_word' id='word_1_121' title='bbox 404 1856 495 1908; x_wconf 87' lang='lat' dir='ltr'>simus.</span> <span class='ocrx_word' id='word_1_122' title='bbox 529 1849 563 1906; x_wconf 86' lang='lat' dir='ltr'>Et</span> <span class='ocrx_word' id='word_1_123' title='bbox 576 1849 650 1905; x_wconf 77' lang='lat' dir='ltr'>auus</span> <span class='ocrx_word' id='word_1_124' title='bbox 669 1852 793 1905; x_wconf 77' lang='lat' dir='ltr'>meretrix</span> <span class='ocrx_word' id='word_1_125' title='bbox 811 1850 876 1918; x_wconf 88' lang='lat' dir='ltr'>init,</span> <span class='ocrx_word' id='word_1_126' title='bbox 902 1842 951 1905; x_wconf 88' lang='lat' dir='ltr'>scd</span> <span class='ocrx_word' id='word_1_127' title='bbox 969 1857 1107 1922; x_wconf 85' lang='lat' dir='ltr'>postquam</span> <span class='ocrx_word' id='word_1_128' title='bbox 1124 1853 1232 1908; x_wconf 83' lang='lat' dir='ltr'>donnino</span> <span class='ocrx_word' id='word_1_129' title='bbox 1251 1854 1367 1920; x_wconf 86' lang='lat' dir='ltr'>credidit,</span> 
     </span>
     <span class='ocr_line' id='line_1_15' title="bbox 330 1947 1367 2028; baseline 0.002 -19"><span class='ocrx_word' id='word_1_130' title='bbox 330 1955 441 2010; x_wconf 88' lang='lat' dir='ltr'>salntem</span> <span class='ocrx_word' id='word_1_131' title='bbox 458 1952 567 2006; x_wconf 82' lang='lat' dir='ltr'>inuenit.</span> <span class='ocrx_word' id='word_1_132' title='bbox 601 1947 635 2004; x_wconf 91' lang='lat' dir='ltr'>Et</span> <span class='ocrx_word' id='word_1_133' title='bbox 651 1948 743 2005; x_wconf 83' lang='lat' dir='ltr'>luditlr</span> <span class='ocrx_word' id='word_1_134' title='bbox 763 1966 808 2016; x_wconf 89' lang='lat' dir='ltr'>se,</span> <span class='ocrx_word' id='word_1_135' title='bbox 827 1957 856 2004; x_wconf 91' lang='lat' dir='ltr'>ut</span> <span class='ocrx_word' id='word_1_136' title='bbox 874 1950 996 2005; x_wconf 85' lang='lat' dir='ltr'>adultero</span> <span class='ocrx_word' id='word_1_137' title='bbox 1016 1950 1148 2020; x_wconf 82' lang='lat' dir='ltr'>placeret,</span> <span class='ocrx_word' id='word_1_138' title='bbox 1167 1957 1288 2021; x_wconf 86' lang='lat' dir='ltr'>ornarit,</span> <span class='ocrx_word' id='word_1_139' title='bbox 1306 1972 1367 2028; x_wconf 79' lang='lat' dir='ltr'>qaae</span> 
     </span>
     <span class='ocr_line' id='line_1_16' title="bbox 330 2048 1366 2124; baseline 0.001 -15"><span class='ocrx_word' id='word_1_140' title='bbox 330 2061 416 2110; x_wconf 89' lang='lat' dir='ltr'>tamen</span> <span class='ocrx_word' id='word_1_141' title='bbox 434 2053 498 2124; x_wconf 81' lang='lat' dir='ltr'>quia</span> <span class='ocrx_word' id='word_1_142' title='bbox 513 2049 565 2104; x_wconf 80' lang='lat' dir='ltr'>lunc</span> <span class='ocrx_word' id='word_1_143' title='bbox 583 2049 715 2121; x_wconf 80' lang='lat' dir='ltr'>religione</span> <span class='ocrx_word' id='word_1_144' title='bbox 733 2065 785 2103; x_wconf 86' lang='lat' dir='ltr'>rron</span> <span class='ocrx_word' id='word_1_145' title='bbox 803 2064 891 2105; x_wconf 89' lang='lat' dir='ltr'>amore</span> <span class='ocrx_word' id='word_1_146' title='bbox 910 2048 1034 2114; x_wconf 81' lang='lat' dir='ltr'>iaciebat,</span> <span class='ocrx_word' id='word_1_147' title='bbox 1055 2067 1130 2105; x_wconf 88' lang='lat' dir='ltr'>nemo</span> <span class='ocrx_word' id='word_1_148' title='bbox 1150 2066 1208 2107; x_wconf 87' lang='lat' dir='ltr'>eam</span> <span class='ocrx_word' id='word_1_149' title='bbox 1227 2053 1366 2110; x_wconf 75' lang='lat' dir='ltr'>adnlmram</span> 
     </span>
     <span class='ocr_line' id='line_1_17' title="bbox 326 2148 1365 2226; baseline 0.001 -19"><span class='ocrx_word' id='word_1_150' title='bbox 326 2151 475 2226; x_wconf 70' lang='lat' dir='ltr'>iudicabat.</span> <span class='ocrx_word' id='word_1_151' title='bbox 510 2148 583 2205; x_wconf 87' lang='lat' dir='ltr'>Bene</span> <span class='ocrx_word' id='word_1_152' title='bbox 600 2151 730 2203; x_wconf 75' lang='lat' dir='ltr'>succeseit</span> <span class='ocrx_word' id='word_1_153' title='bbox 746 2149 905 2218; x_wconf 83' lang='lat' dir='ltr'>exemplum,</span> <span class='ocrx_word' id='word_1_154' title='bbox 931 2164 990 2202; x_wconf 88' lang='lat' dir='ltr'>nam</span> <span class='ocrx_word' id='word_1_155' title='bbox 1018 2151 1041 2202; x_wconf 91' lang='lat' dir='ltr'>si</span> <span class='ocrx_word' id='word_1_156' title='bbox 1060 2149 1121 2216; x_wconf 88' lang='lat' dir='ltr'>ilia,</span> <span class='ocrx_word' id='word_1_157' title='bbox 1147 2166 1217 2222; x_wconf 89' lang='lat' dir='ltr'>quae</span> <span class='ocrx_word' id='word_1_158' title='bbox 1244 2169 1274 2208; x_wconf 88' lang='lat' dir='ltr'>se</span> <span class='ocrx_word' id='word_1_159' title='bbox 1301 2169 1365 2208; x_wconf 86' lang='lat' dir='ltr'>com-</span> 
     </span>
     <span class='ocr_line' id='line_1_18' title="bbox 330 2247 1366 2321; baseline 0.003 -15"><span class='ocrx_word' id='word_1_160' title='bbox 330 2253 402 2306; x_wconf 89' lang='lat' dir='ltr'>misit</span> <span class='ocrx_word' id='word_1_161' title='bbox 425 2249 566 2321; x_wconf 81' lang='lat' dir='ltr'>religioni,</span> <span class='ocrx_word' id='word_1_162' title='bbox 594 2254 621 2302; x_wconf 93' lang='lat' dir='ltr'>et</span> <span class='ocrx_word' id='word_1_163' title='bbox 642 2247 769 2318; x_wconf 88' lang='lat' dir='ltr'>pudorem</span> <span class='ocrx_word' id='word_1_164' title='bbox 788 2250 904 2303; x_wconf 83' lang='lat' dir='ltr'>servarit</span> <span class='ocrx_word' id='word_1_165' title='bbox 927 2255 954 2302; x_wconf 87' lang='lat' dir='ltr'>et</span> <span class='ocrx_word' id='word_1_166' title='bbox 971 2251 1097 2317; x_wconf 85' lang='lat' dir='ltr'>patriam,</span> <span class='ocrx_word' id='word_1_167' title='bbox 1124 2248 1249 2306; x_wconf 78' lang='lat' dir='ltr'>iomassis</span> <span class='ocrx_word' id='word_1_168' title='bbox 1273 2259 1301 2308; x_wconf 90' lang='lat' dir='ltr'>et</span> <span class='ocrx_word' id='word_1_169' title='bbox 1323 2269 1366 2308; x_wconf 87' lang='lat' dir='ltr'>uos</span> 
     </span>
     <span class='ocr_line' id='line_1_19' title="bbox 330 2347 1366 2420; baseline -0.001 -14"><span class='ocrx_word' id='word_1_170' title='bbox 330 2347 461 2406; x_wconf 82' lang='lat' dir='ltr'>servando</span> <span class='ocrx_word' id='word_1_171' title='bbox 485 2348 639 2420; x_wconf 79' lang='lat' dir='ltr'>religionem</span> <span class='ocrx_word' id='word_1_172' title='bbox 665 2349 829 2402; x_wconf 75' lang='lat' dir='ltr'>servabimus</span> <span class='ocrx_word' id='word_1_173' title='bbox 853 2347 931 2402; x_wconf 85' lang='lat' dir='ltr'>etiarn</span> <span class='ocrx_word' id='word_1_174' title='bbox 955 2349 1111 2402; x_wconf 76' lang='lat' dir='ltr'>castitatem.</span> <span class='ocrx_word' id='word_1_175' title='bbox 1154 2347 1257 2412; x_wconf 81' lang='lat' dir='ltr'>Quodsi</span> <span class='ocrx_word' id='word_1_176' title='bbox 1281 2350 1366 2407; x_wconf 86' lang='lat' dir='ltr'>Juditl</span> 
     </span>
     <span class='ocr_line' id='line_1_20' title="bbox 330 2426 1366 2520; baseline 0.001 -16"><span class='ocrx_word' id='word_1_177' title='bbox 330 2434 484 2519; x_wconf 84' lang='lat' dir='ltr'>pudicitiam</span> <span class='ocrx_word' id='word_1_178' title='bbox 502 2446 627 2518; x_wconf 80' lang='lat' dir='ltr'>religioni</span> <span class='ocrx_word' id='word_1_179' title='bbox 646 2445 783 2517; x_wconf 86' lang='lat' dir='ltr'>praelcrrc</span> <span class='ocrx_word' id='word_1_180' title='bbox 799 2446 943 2512; x_wconf 83' lang='lat' dir='ltr'>voluisset,</span> <span class='ocrx_word' id='word_1_181' title='bbox 966 2426 1072 2515; x_wconf 88' lang='lat' dir='ltr'>perdita</span> <span class='ocrx_word' id='word_1_182' title='bbox 1090 2449 1175 2517; x_wconf 90' lang='lat' dir='ltr'>prima</span> <span class='ocrx_word' id='word_1_183' title='bbox 1196 2451 1276 2504; x_wconf 87' lang='lat' dir='ltr'>etiam</span> <span class='ocrx_word' id='word_1_184' title='bbox 1295 2451 1366 2520; x_wconf 88' lang='lat' dir='ltr'>pudi-</span> 
     </span>
     <span class='ocr_line' id='line_1_21' title="bbox 329 2545 1367 2616; baseline 0.001 -13"><span class='ocrx_word' id='word_1_185' title='bbox 329 2551 417 2604; x_wconf 83' lang='lat' dir='ltr'>citiam</span> <span class='ocrx_word' id='word_1_186' title='bbox 434 2545 605 2616; x_wconf 78' lang='lat' dir='ltr'>perdidisset</span> <span class='ocrx_word' id='word_1_187' title='bbox 640 2545 731 2616; x_wconf 85' lang='lat' dir='ltr'>ltaque</span> <span class='ocrx_word' id='word_1_188' title='bbox 745 2546 844 2600; x_wconf 88' lang='lat' dir='ltr'>talllms</span> <span class='ocrx_word' id='word_1_189' title='bbox 864 2545 1004 2600; x_wconf 79' lang='lat' dir='ltr'>informato</span> <span class='ocrx_word' id='word_1_190' title='bbox 1022 2546 1149 2616; x_wconf 85' lang='lat' dir='ltr'>exemplis</span> <span class='ocrx_word' id='word_1_191' title='bbox 1160 2547 1274 2605; x_wconf 87' lang='lat' dir='ltr'>silenter</span> <span class='ocrx_word' id='word_1_192' title='bbox 1285 2553 1367 2604; x_wconf 83' lang='lat' dir='ltr'>anius</span> 
     </span>
     <span class='ocr_line' id='line_1_22' title="bbox 328 2643 1367 2716; baseline 0.001 -13"><span class='ocrx_word' id='word_1_193' title='bbox 328 2655 423 2703; x_wconf 90' lang='lat' dir='ltr'>teneus</span> <span class='ocrx_word' id='word_1_194' title='bbox 445 2643 528 2700; x_wconf 82' lang='lat' dir='ltr'>uerba</span> <span class='ocrx_word' id='word_1_195' title='bbox 551 2644 664 2710; x_wconf 89' lang='lat' dir='ltr'>domini,</span> <span class='ocrx_word' id='word_1_196' title='bbox 695 2643 790 2715; x_wconf 83' lang='lat' dir='ltr'>quibos</span> <span class='ocrx_word' id='word_1_197' title='bbox 821 2647 876 2698; x_wconf 88' lang='lat' dir='ltr'>uit:</span> <span class='ocrx_word' id='word_1_198' title='bbox 909 2646 1056 2716; x_wconf 81' lang='lat' dir='ltr'>quicunqne</span> <span class='ocrx_word' id='word_1_199' title='bbox 1084 2645 1233 2715; x_wconf 88' lang='lat' dir='ltr'>perdiderit</span> <span class='ocrx_word' id='word_1_200' title='bbox 1260 2651 1367 2704; x_wconf 85' lang='lat' dir='ltr'>aruinam</span> 
     </span>
     <span class='ocr_line' id='line_1_23' title="bbox 329 2743 1366 2819; baseline 0.003 -18"><span class='ocrx_word' id='word_1_201' title='bbox 329 2761 403 2803; x_wconf 86' lang='lat' dir='ltr'>enam</span> <span class='ocrx_word' id='word_1_202' title='bbox 420 2751 530 2819; x_wconf 86' lang='lat' dir='ltr'>propter</span> <span class='ocrx_word' id='word_1_203' title='bbox 547 2758 601 2812; x_wconf 86' lang='lat' dir='ltr'>me,</span> <span class='ocrx_word' id='word_1_204' title='bbox 626 2746 741 2800; x_wconf 84' lang='lat' dir='ltr'>inueniet</span> <span class='ocrx_word' id='word_1_205' title='bbox 759 2759 830 2811; x_wconf 90' lang='lat' dir='ltr'>cam,</span> <span class='ocrx_word' id='word_1_206' title='bbox 855 2743 928 2799; x_wconf 83' lang='lat' dir='ltr'>desit</span> <span class='ocrx_word' id='word_1_207' title='bbox 952 2751 979 2800; x_wconf 88' lang='lat' dir='ltr'>et</span> <span class='ocrx_word' id='word_1_208' title='bbox 994 2747 1094 2814; x_wconf 86' lang='lat' dir='ltr'>tacuit,</span> <span class='ocrx_word' id='word_1_209' title='bbox 1120 2763 1153 2802; x_wconf 90' lang='lat' dir='ltr'>ne</span> <span class='ocrx_word' id='word_1_210' title='bbox 1177 2763 1236 2802; x_wconf 86' lang='lat' dir='ltr'>cam</span> <span class='ocrx_word' id='word_1_211' title='bbox 1261 2749 1304 2804; x_wconf 84' lang='lat' dir='ltr'>vol</span> <span class='ocrx_word' id='word_1_212' title='bbox 1329 2748 1366 2804; x_wconf 90' lang='lat' dir='ltr'>lo·</span> 
     </span>
     <span class='ocr_line' id='line_1_24' title="bbox 329 2841 1367 2919; baseline 0.003 -18"><span class='ocrx_word' id='word_1_213' title='bbox 329 2851 448 2919; x_wconf 80' lang='lat' dir='ltr'>quentem</span> <span class='ocrx_word' id='word_1_214' title='bbox 467 2843 572 2899; x_wconf 88' lang='lat' dir='ltr'>adulter</span> <span class='ocrx_word' id='word_1_215' title='bbox 594 2843 715 2910; x_wconf 87' lang='lat' dir='ltr'>audiret,</span> <span class='ocrx_word' id='word_1_216' title='bbox 741 2858 791 2897; x_wconf 88' lang='lat' dir='ltr'>neo</span> <span class='ocrx_word' id='word_1_217' title='bbox 814 2841 924 2912; x_wconf 90' lang='lat' dir='ltr'>pudoris</span> <span class='ocrx_word' id='word_1_218' title='bbox 948 2842 1030 2917; x_wconf 77' lang='lat' dir='ltr'>elegit</span> <span class='ocrx_word' id='word_1_219' title='bbox 1051 2847 1173 2917; x_wconf 85' lang='lat' dir='ltr'>iujuriam</span> <span class='ocrx_word' id='word_1_220' title='bbox 1197 2847 1248 2903; x_wconf 89' lang='lat' dir='ltr'>sed</span> <span class='ocrx_word' id='word_1_221' title='bbox 1273 2847 1367 2904; x_wconf 80' lang='lat' dir='ltr'>Christi</span> 
     </span>
     <span class='ocr_line' id='line_1_25' title="bbox 328 2941 1368 3020; baseline 0.005 -20"><span class='ocrx_word' id='word_1_222' title='bbox 328 2947 469 3002; x_wconf 78' lang='lat' dir='ltr'>recusarit.</span> <span class='ocrx_word' id='word_1_223' title='bbox 503 2945 664 3008; x_wconf 78' lang='lat' dir='ltr'>Aestimate,</span> <span class='ocrx_word' id='word_1_224' title='bbox 686 2949 771 2996; x_wconf 91' lang='lat' dir='ltr'>utrum</span> <span class='ocrx_word' id='word_1_225' title='bbox 789 2941 939 2998; x_wconf 82' lang='lat' dir='ltr'>adulterare</span> <span class='ocrx_word' id='word_1_226' title='bbox 958 2947 1074 3013; x_wconf 85' lang='lat' dir='ltr'>potnerit</span> <span class='ocrx_word' id='word_1_227' title='bbox 1091 2960 1219 3016; x_wconf 85' lang='lat' dir='ltr'>corpore,</span> <span class='ocrx_word' id='word_1_228' title='bbox 1238 2964 1309 3020; x_wconf 85' lang='lat' dir='ltr'>qnae</span> <span class='ocrx_word' id='word_1_229' title='bbox 1322 2965 1368 3005; x_wconf 87' lang='lat' dir='ltr'>nes</span> 
     </span>
     <span class='ocr_line' id='line_1_26' title="bbox 327 3039 1367 3120; baseline 0.001 -20"><span class='ocrx_word' id='word_1_230' title='bbox 327 3059 393 3100; x_wconf 85' lang='lat' dir='ltr'>roes</span> <span class='ocrx_word' id='word_1_231' title='bbox 419 3043 586 3098; x_wconf 78' lang='lat' dir='ltr'>adulteravit.</span> <span class='ocrx_word' id='word_1_232' title='bbox 619 3039 775 3097; x_wconf 77' lang='lat' dir='ltr'>iamdudum</span> <span class='ocrx_word' id='word_1_233' title='bbox 797 3039 1025 3098; x_wconf 73' lang='lat' dir='ltr'>verecundabatur</span> <span class='ocrx_word' id='word_1_234' title='bbox 1047 3049 1133 3100; x_wconf 84' lang='lat' dir='ltr'>oratio</span> <span class='ocrx_word' id='word_1_235' title='bbox 1154 3061 1215 3102; x_wconf 86' lang='lat' dir='ltr'>mea</span> <span class='ocrx_word' id='word_1_236' title='bbox 1241 3054 1268 3103; x_wconf 89' lang='lat' dir='ltr'>et</span> <span class='ocrx_word' id='word_1_237' title='bbox 1295 3050 1367 3120; x_wconf 79' lang='lat' dir='ltr'>qnasi</span> 
     </span>
     <span class='ocr_line' id='line_1_27' title="bbox 329 3142 1368 3216; baseline 0.003 -17"><span class='ocrx_word' id='word_1_238' title='bbox 329 3143 405 3200; x_wconf 86' lang='lat' dir='ltr'>adire</span> <span class='ocrx_word' id='word_1_239' title='bbox 423 3149 558 3216; x_wconf 79' lang='lat' dir='ltr'>gestorum</span> <span class='ocrx_word' id='word_1_240' title='bbox 576 3143 671 3196; x_wconf 87' lang='lat' dir='ltr'>seriem</span> <span class='ocrx_word' id='word_1_241' title='bbox 690 3143 857 3196; x_wconf 85' lang='lat' dir='ltr'>criminosam</span> <span class='ocrx_word' id='word_1_242' title='bbox 874 3147 953 3213; x_wconf 83' lang='lat' dir='ltr'>atque</span> <span class='ocrx_word' id='word_1_243' title='bbox 965 3142 1107 3214; x_wconf 80' lang='lat' dir='ltr'>explanare</span> <span class='ocrx_word' id='word_1_244' title='bbox 1120 3145 1254 3201; x_wconf 79' lang='lat' dir='ltr'>formidat</span> <span class='ocrx_word' id='word_1_245' title='bbox 1291 3147 1368 3202; x_wconf 84' lang='lat' dir='ltr'>(ilau-</span> 
     </span>
     <span class='ocr_line' id='line_1_28' title="bbox 328 3239 1368 3316; baseline 0.006 -20"><span class='ocrx_word' id='word_1_246' title='bbox 328 3241 383 3299; x_wconf 90' lang='lat' dir='ltr'>dite</span> <span class='ocrx_word' id='word_1_247' title='bbox 402 3257 491 3307; x_wconf 88' lang='lat' dir='ltr'>aures,</span> <span class='ocrx_word' id='word_1_248' title='bbox 511 3242 626 3315; x_wconf 79' lang='lat' dir='ltr'>virginee</span> <span class='ocrx_word' id='word_1_249' title='bbox 642 3241 706 3298; x_wconf 87' lang='lat' dir='ltr'>Dei!</span> <span class='ocrx_word' id='word_1_250' title='bbox 725 3239 831 3296; x_wconf 90' lang='lat' dir='ltr'>ducitur</span> <span class='ocrx_word' id='word_1_251' title='bbox 849 3239 939 3313; x_wconf 86' lang='lat' dir='ltr'>puella</span> <span class='ocrx_word' id='word_1_252' title='bbox 950 3241 996 3297; x_wconf 87' lang='lat' dir='ltr'>lisl</span> <span class='ocrx_word' id='word_1_253' title='bbox 1016 3241 1050 3296; x_wconf 91' lang='lat' dir='ltr'>ad</span> <span class='ocrx_word' id='word_1_254' title='bbox 1068 3243 1187 3314; x_wconf 83' lang='lat' dir='ltr'>lupanar,</span> <span class='ocrx_word' id='word_1_255' title='bbox 1205 3244 1255 3300; x_wconf 90' lang='lat' dir='ltr'>sed</span> <span class='ocrx_word' id='word_1_256' title='bbox 1269 3247 1368 3316; x_wconf 90' lang='lat' dir='ltr'>aperite</span> 
     </span>
     <span class='ocr_line' id='line_1_29' title="bbox 327 3341 1367 3416; baseline 0.005 -20"><span class='ocrx_word' id='word_1_257' title='bbox 327 3357 405 3398; x_wconf 88' lang='lat' dir='ltr'>aures</span> <span class='ocrx_word' id='word_1_258' title='bbox 423 3343 539 3414; x_wconf 81' lang='lat' dir='ltr'>virgines</span> <span class='ocrx_word' id='word_1_259' title='bbox 560 3342 625 3408; x_wconf 82' lang='lat' dir='ltr'>liei,</span> <span class='ocrx_word' id='word_1_260' title='bbox 652 3345 728 3414; x_wconf 81' lang='lat' dir='ltr'>virgo</span> <span class='ocrx_word' id='word_1_261' title='bbox 753 3342 877 3410; x_wconf 90' lang='lat' dir='ltr'>prostitui</span> <span class='ocrx_word' id='word_1_262' title='bbox 902 3345 1008 3411; x_wconf 81' lang='lat' dir='ltr'>potest,</span> <span class='ocrx_word' id='word_1_263' title='bbox 1036 3341 1182 3398; x_wconf 90' lang='lat' dir='ltr'>adulterari</span> <span class='ocrx_word' id='word_1_264' title='bbox 1200 3361 1253 3400; x_wconf 87' lang='lat' dir='ltr'>nou</span> <span class='ocrx_word' id='word_1_265' title='bbox 1271 3352 1367 3416; x_wconf 87' lang='lat' dir='ltr'>potest</span> 
     </span>
     <span class='ocr_line' id='line_1_30' title="bbox 326 3438 1369 3514; baseline 0.004 -18"><span class='ocrx_word' id='word_1_266' title='bbox 326 3438 479 3511; x_wconf 80' lang='lat' dir='ltr'>Ubicunque</span> <span class='ocrx_word' id='word_1_267' title='bbox 494 3439 545 3495; x_wconf 82' lang='lat' dir='ltr'>liei</span> <span class='ocrx_word' id='word_1_268' title='bbox 561 3443 638 3514; x_wconf 79' lang='lat' dir='ltr'>uirgo</span> <span class='ocrx_word' id='word_1_269' title='bbox 656 3446 712 3507; x_wconf 88' lang='lat' dir='ltr'>est,</span> <span class='ocrx_word' id='word_1_270' title='bbox 731 3439 852 3510; x_wconf 76' lang='lat' dir='ltr'>templum</span> <span class='ocrx_word' id='word_1_271' title='bbox 869 3439 919 3495; x_wconf 85' lang='lat' dir='ltr'>Dei</span> <span class='ocrx_word' id='word_1_272' title='bbox 939 3446 994 3507; x_wconf 90' lang='lat' dir='ltr'>est,</span> <span class='ocrx_word' id='word_1_273' title='bbox 1018 3457 1067 3497; x_wconf 88' lang='lat' dir='ltr'>nec</span> <span class='ocrx_word' id='word_1_274' title='bbox 1083 3441 1223 3512; x_wconf 86' lang='lat' dir='ltr'>lupanaria</span> <span class='ocrx_word' id='word_1_275' title='bbox 1242 3443 1369 3500; x_wconf 77' lang='lat' dir='ltr'>infamant</span> 
     </span>
     <span class='ocr_line' id='line_1_31' title="bbox 325 3539 1365 3615; baseline 0.007 -22"><span class='ocrx_word' id='word_1_276' title='bbox 325 3543 488 3606; x_wconf 84' lang='lat' dir='ltr'>castitatem,</span> <span class='ocrx_word' id='word_1_277' title='bbox 512 3539 561 3596; x_wconf 91' lang='lat' dir='ltr'>scd</span> <span class='ocrx_word' id='word_1_278' title='bbox 585 3543 695 3595; x_wconf 88' lang='lat' dir='ltr'>castitas</span> <span class='ocrx_word' id='word_1_279' title='bbox 722 3541 799 3594; x_wconf 88' lang='lat' dir='ltr'>etiam</span> <span class='ocrx_word' id='word_1_280' title='bbox 823 3539 875 3594; x_wconf 93' lang='lat' dir='ltr'>loci</span> <span class='ocrx_word' id='word_1_281' title='bbox 893 3539 983 3596; x_wconf 82' lang='lat' dir='ltr'>abolet</span> <span class='ocrx_word' id='word_1_282' title='bbox 1000 3542 1142 3596; x_wconf 74' lang='lat' dir='ltr'>infamiam.</span> <span class='ocrx_word' id='word_1_283' title='bbox 1176 3541 1275 3615; x_wconf 75' lang='lat' dir='ltr'>ingens</span> <span class='ocrx_word' id='word_1_284' title='bbox 1292 3552 1365 3614; x_wconf 83' lang='lat' dir='ltr'>petu-</span> 
     </span>
     <span class='ocr_line' id='line_1_32' title="bbox 324 3637 1368 3700; baseline 0.008 -8"><span class='ocrx_word' id='word_1_285' title='bbox 324 3637 433 3694; x_wconf 88' lang='lat' dir='ltr'>lantium</span> <span class='ocrx_word' id='word_1_286' title='bbox 452 3653 593 3695; x_wconf 88' lang='lat' dir='ltr'>concursus</span> <span class='ocrx_word' id='word_1_287' title='bbox 611 3639 640 3694; x_wconf 84' lang='lat' dir='ltr'>it</span> <span class='ocrx_word' id='word_1_288' title='bbox 656 3639 691 3694; x_wconf 85' lang='lat' dir='ltr'>ael</span> <span class='ocrx_word' id='word_1_289' title='bbox 704 3640 839 3694; x_wconf 89' lang='lat' dir='ltr'>iorniocm.</span> <span class='ocrx_word' id='word_1_290' title='bbox 855 3691 860 3698; x_wconf 88' lang='grc'><em>,</em></span> <span class='ocrx_word' id='word_1_291' title='bbox 874 3639 974 3694; x_wconf 86' lang='lat' dir='ltr'>Discite</span> <span class='ocrx_word' id='word_1_292' title='bbox 988 3642 1104 3694; x_wconf 90' lang='lat' dir='ltr'>martiris</span> <span class='ocrx_word' id='word_1_293' title='bbox 1119 3641 1245 3696; x_wconf 86' lang='lat' dir='ltr'>miracula</span> <span class='ocrx_word' id='word_1_294' title='bbox 1257 3651 1368 3700; x_wconf 83' lang='lat' dir='ltr'>sanetae</span> 
     </span>
     <span class='ocr_line' id='line_1_33' title="bbox 324 3736 1366 3809; baseline 0.01 -20"><span class='ocrx_word' id='word_1_295' title='bbox 324 3739 453 3809; x_wconf 75' lang='lat' dir='ltr'>uirginis,</span> <span class='ocrx_word' id='word_1_296' title='bbox 480 3738 575 3794; x_wconf 87' lang='lat' dir='ltr'>discite</span> <span class='ocrx_word' id='word_1_297' title='bbox 599 3739 715 3794; x_wconf 88' lang='lat' dir='ltr'>locorum</span> <span class='ocrx_word' id='word_1_298' title='bbox 733 3736 879 3804; x_wconf 67' lang='lat' dir='ltr'>tumbula,</span> <span class='ocrx_word' id='word_1_299' title='bbox 898 3736 1030 3794; x_wconf 87' lang='lat' dir='ltr'>clauditur</span> <span class='ocrx_word' id='word_1_300' title='bbox 1047 3741 1116 3794; x_wconf 84' lang='lat' dir='ltr'>iuius</span> <span class='ocrx_word' id='word_1_301' title='bbox 1134 3739 1271 3809; x_wconf 86' lang='lat' dir='ltr'>columba,</span> <span class='ocrx_word' id='word_1_302' title='bbox 1298 3749 1366 3799; x_wconf 88' lang='lat' dir='ltr'>stre-</span> 
     </span>
     <span class='ocr_line' id='line_1_34' title="bbox 322 3837 1367 3912; baseline 0.007 -21"><span class='ocrx_word' id='word_1_303' title='bbox 322 3843 389 3908; x_wconf 89' lang='lat' dir='ltr'>pnnt</span> <span class='ocrx_word' id='word_1_304' title='bbox 410 3838 553 3908; x_wconf 83' lang='lat' dir='ltr'>accipitres</span> <span class='ocrx_word' id='word_1_305' title='bbox 578 3837 661 3905; x_wconf 88' lang='lat' dir='ltr'>ioris,</span> <span class='ocrx_word' id='word_1_306' title='bbox 693 3843 795 3893; x_wconf 78' lang='lat' dir='ltr'>certam</span> <span class='ocrx_word' id='word_1_307' title='bbox 818 3838 932 3910; x_wconf 79' lang='lat' dir='ltr'>singuli,</span> <span class='ocrx_word' id='word_1_308' title='bbox 965 3840 1024 3910; x_wconf 84' lang='lat' dir='ltr'>quis</span> <span class='ocrx_word' id='word_1_309' title='bbox 1048 3837 1175 3910; x_wconf 83' lang='lat' dir='ltr'>praedem</span> <span class='ocrx_word' id='word_1_310' title='bbox 1201 3843 1303 3912; x_wconf 88' lang='lat' dir='ltr'>primns</span> <span class='ocrx_word' id='word_1_311' title='bbox 1327 3845 1367 3898; x_wconf 84' lang='lat' dir='ltr'>ia-</span> 
     </span>
     <span class='ocr_line' id='line_1_35' title="bbox 322 3934 1366 4009; baseline 0.009 -20"><span class='ocrx_word' id='word_1_312' title='bbox 322 3934 410 3992; x_wconf 84' lang='lat' dir='ltr'>rndat.</span> <span class='ocrx_word' id='word_1_313' title='bbox 446 3938 482 3992; x_wconf 77' lang='lat' dir='ltr'>at</span> <span class='ocrx_word' id='word_1_314' title='bbox 500 3936 547 3991; x_wconf 84' lang='lat' dir='ltr'>illa</span> <span class='ocrx_word' id='word_1_315' title='bbox 564 3935 683 3991; x_wconf 88' lang='lat' dir='ltr'>manibus</span> <span class='ocrx_word' id='word_1_316' title='bbox 703 3936 738 3990; x_wconf 90' lang='lat' dir='ltr'>ad</span> <span class='ocrx_word' id='word_1_317' title='bbox 756 3938 856 3993; x_wconf 86' lang='lat' dir='ltr'>eoelum</span> <span class='ocrx_word' id='word_1_318' title='bbox 881 3937 977 3992; x_wconf 84' lang='lat' dir='ltr'>ieratis</span> <span class='ocrx_word' id='word_1_319' title='bbox 995 3941 1071 4009; x_wconf 82' lang='lat' dir='ltr'>qnasi</span> <span class='ocrx_word' id='word_1_320' title='bbox 1089 3938 1124 3993; x_wconf 86' lang='lat' dir='ltr'>ad</span> <span class='ocrx_word' id='word_1_321' title='bbox 1142 3938 1247 3995; x_wconf 89' lang='lat' dir='ltr'>domum</span> <span class='ocrx_word' id='word_1_322' title='bbox 1265 3945 1366 3998; x_wconf 68' lang='lat' dir='ltr'>oratic</span> 
     </span>
     <span class='ocr_line' id='line_1_36' title="bbox 321 4034 1366 4111; baseline 0.006 -21"><span class='ocrx_word' id='word_1_323' title='bbox 321 4036 363 4090; x_wconf 90' lang='lat' dir='ltr'>nis</span> <span class='ocrx_word' id='word_1_324' title='bbox 381 4036 507 4103; x_wconf 80' lang='lat' dir='ltr'>uenisset,</span> <span class='ocrx_word' id='word_1_325' title='bbox 525 4049 577 4091; x_wconf 89' lang='lat' dir='ltr'>non</span> <span class='ocrx_word' id='word_1_326' title='bbox 594 4035 628 4090; x_wconf 89' lang='lat' dir='ltr'>ad</span> <span class='ocrx_word' id='word_1_327' title='bbox 645 4034 764 4091; x_wconf 86' lang='lat' dir='ltr'>libidinis</span> <span class='ocrx_word' id='word_1_328' title='bbox 783 4037 977 4093; x_wconf 81' lang='lat' dir='ltr'>deuersorium:</span> <span class='ocrx_word' id='word_1_329' title='bbox 996 4036 1110 4104; x_wconf 82' lang='lat' dir='ltr'>Christe,</span> <span class='ocrx_word' id='word_1_330' title='bbox 1127 4039 1222 4111; x_wconf 87' lang='lat' dir='ltr'>iuquit,</span> <span class='ocrx_word' id='word_1_331' title='bbox 1241 4039 1366 4096; x_wconf 86' lang='lat' dir='ltr'>domuisti</span> 
     </span>
     <span class='ocr_line' id='line_1_37' title="bbox 319 4134 1364 4206; baseline 0.007 -19"><span class='ocrx_word' id='word_1_332' title='bbox 319 4135 417 4206; x_wconf 76' lang='lat' dir='ltr'>virgini</span> <span class='ocrx_word' id='word_1_333' title='bbox 434 4134 507 4189; x_wconf 88' lang='lat' dir='ltr'>ieros</span> <span class='ocrx_word' id='word_1_334' title='bbox 526 4134 633 4202; x_wconf 88' lang='lat' dir='ltr'>leones,</span> <span class='ocrx_word' id='word_1_335' title='bbox 656 4141 733 4206; x_wconf 89' lang='lat' dir='ltr'>potes</span> <span class='ocrx_word' id='word_1_336' title='bbox 759 4134 867 4190; x_wconf 89' lang='lat' dir='ltr'>domare</span> <span class='ocrx_word' id='word_1_337' title='bbox 895 4137 974 4192; x_wconf 88' lang='lat' dir='ltr'>etiam</span> <span class='ocrx_word' id='word_1_338' title='bbox 998 4135 1129 4191; x_wconf 82' lang='lat' dir='ltr'>lominum</span> <span class='ocrx_word' id='word_1_339' title='bbox 1154 4135 1226 4192; x_wconf 90' lang='lat' dir='ltr'>ieras</span> <span class='ocrx_word' id='word_1_340' title='bbox 1251 4146 1364 4196; x_wconf 87' lang='lat' dir='ltr'>mentes.</span> 
     </span>
     <span class='ocr_line' id='line_1_38' title="bbox 320 4229 1366 4308; baseline 0.008 -22"><span class='ocrx_word' id='word_1_341' title='bbox 320 4229 463 4289; x_wconf 77' lang='lat' dir='ltr'>cimonem</span> <span class='ocrx_word' id='word_1_342' title='bbox 481 4237 581 4289; x_wconf 83' lang='lat' dir='ltr'>rorarii</span> <span class='ocrx_word' id='word_1_343' title='bbox 599 4237 689 4308; x_wconf 77' lang='lat' dir='ltr'>iguis,</span> <span class='ocrx_word' id='word_1_344' title='bbox 715 4233 825 4290; x_wconf 85' lang='lat' dir='ltr'>ludaeis</span> <span class='ocrx_word' id='word_1_345' title='bbox 850 4250 912 4292; x_wconf 87' lang='lat' dir='ltr'>sese</span> <span class='ocrx_word' id='word_1_346' title='bbox 931 4235 1003 4290; x_wconf 87' lang='lat' dir='ltr'>nuda</span> <span class='ocrx_word' id='word_1_347' title='bbox 1020 4235 1160 4307; x_wconf 84' lang='lat' dir='ltr'>suspendit</span> <span class='ocrx_word' id='word_1_348' title='bbox 1178 4238 1366 4294; x_wconf 85' lang='lat' dir='ltr'>misericordia</span> 
     </span>
     <span class='ocr_line' id='line_1_39' title="bbox 317 4332 1363 4406; baseline 0.003 -16"><span class='ocrx_word' id='word_1_349' title='bbox 317 4341 377 4398; x_wconf 89' lang='lat' dir='ltr'>tua,</span> <span class='ocrx_word' id='word_1_350' title='bbox 396 4348 449 4388; x_wconf 90' lang='lat' dir='ltr'>non</span> <span class='ocrx_word' id='word_1_351' title='bbox 466 4339 561 4388; x_wconf 88' lang='lat' dir='ltr'>natura</span> <span class='ocrx_word' id='word_1_352' title='bbox 580 4348 637 4400; x_wconf 89' lang='lat' dir='ltr'>sus,</span> <span class='ocrx_word' id='word_1_353' title='bbox 657 4332 778 4389; x_wconf 87' lang='lat' dir='ltr'>Susanna</span> <span class='ocrx_word' id='word_1_354' title='bbox 795 4332 828 4388; x_wconf 87' lang='lat' dir='ltr'>ad</span> <span class='ocrx_word' id='word_1_355' title='bbox 847 4335 1002 4406; x_wconf 85' lang='lat' dir='ltr'>supplicium</span> <span class='ocrx_word' id='word_1_356' title='bbox 1019 4349 1106 4406; x_wconf 82' lang='lat' dir='ltr'>genua</span> <span class='ocrx_word' id='word_1_357' title='bbox 1124 4334 1199 4391; x_wconf 81' lang='lat' dir='ltr'>deurit</span> <span class='ocrx_word' id='word_1_358' title='bbox 1216 4336 1295 4392; x_wconf 90' lang='lat' dir='ltr'>etde</span> <span class='ocrx_word' id='word_1_359' title='bbox 1315 4336 1363 4393; x_wconf 90' lang='lat' dir='ltr'>ad·</span> 
     </span>
     <span class='ocr_line' id='line_1_40' title="bbox 315 4429 1363 4508; baseline 0.009 -25"><span class='ocrx_word' id='word_1_360' title='bbox 315 4429 408 4488; x_wconf 88' lang='lat' dir='ltr'>ulteris</span> <span class='ocrx_word' id='word_1_361' title='bbox 431 4431 617 4505; x_wconf 81' lang='lat' dir='ltr'>triumpharit,</span> <span class='ocrx_word' id='word_1_362' title='bbox 641 4435 712 4489; x_wconf 90' lang='lat' dir='ltr'>aruit</span> <span class='ocrx_word' id='word_1_363' title='bbox 736 4433 845 4497; x_wconf 84' lang='lat' dir='ltr'>deutra,</span> <span class='ocrx_word' id='word_1_364' title='bbox 873 4449 942 4506; x_wconf 81' lang='lat' dir='ltr'>qnae</span> <span class='ocrx_word' id='word_1_365' title='bbox 965 4434 1054 4506; x_wconf 89' lang='lat' dir='ltr'>templi</span> <span class='ocrx_word' id='word_1_366' title='bbox 1073 4437 1117 4490; x_wconf 79' lang='lat' dir='ltr'>¹toi</span> <span class='ocrx_word' id='word_1_367' title='bbox 1141 4433 1213 4491; x_wconf 81' lang='lat' dir='ltr'>dosa</span> <span class='ocrx_word' id='word_1_368' title='bbox 1234 4435 1363 4508; x_wconf 80' lang='lat' dir='ltr'>violabat,</span> 
     </span>
    </p>
   </div>
   <div class='ocr_carea' id='block_1_3' title="bbox 0 0 1426 5286">
    <p class='ocr_par' dir='ltr' id='par_1_3' title="bbox 0 0 1426 5286">
     <span class='ocr_line' id='line_1_41' title="bbox 0 0 1426 5286; baseline 0 3"><span class='ocrx_word' id='word_1_369' title='bbox 0 0 1426 5286; x_wconf 95' lang='lat' dir='ltr'> </span> 
     </span>
    </p>
   </div>
  </div>
 </body>
</html>
