3000 5302
120 421 194 532 eso.
208 451 326 513 cxxv.
369 451 618 514 nedeeoiinione
639 454 729 514 ‚emer
744 451 882 512 reione
899 451 1049 532 oeperunt.
1089 447 1184 514 ooo·

118 611 236 669 inerms
254 614 281 668 in
299 613 412 686 gratiore
432 619 475 670 est
497 617 635 683 moerim,
659 618 688 667 rt
711 613 737 667 oi
759 609 826 666 lues
848 605 1025 676 tetrorobits,
1038 607 1153 665 seilicet

118 711 245 768 bissulae
263 717 290 768 et
306 711 444 778 Abiiioee,
461 711 590 768 tribueret
608 716 636 766 et
653 725 742 782 rogero
759 711 785 764 in
801 705 928 765 reinone
945 709 1069 779 imposito
1086 706 1152 780 else·

119 811 223 868 demate
247 810 401 868 destrueret
444 809 542 868 vilent
567 808 715 878 lleroiites,
744 806 816 880 quoi
845 805 929 864 lreior
957 809 1016 878 elev
1040 803 1153 862 beteret

119 925 213 969 nomen
238 911 326 983 regis,
355 912 414 967 viro
434 923 484 966 suo
510 908 627 964 molestis
651 907 775 978 precibus
803 906 957 972 insistebat,
987 912 1018 961 ut
1045 903 1153 962 Romm

119 1015 245 1084 uergeret
261 1015 289 1065 et
304 1009 358 1064 sibi
375 1010 476 1083 reginos
492 1021 587 1064 nomen
605 1012 789 1078 consereret:
812 1005 860 1062 lile
884 1021 957 1072 voro,
980 1018 1038 1062 com
1063 1002 1152 1058 meliis

120 1110 221 1166 divitiis
251 1108 415 1176 muniones,
446 1109 618 1180 acquiescere
645 1108 767 1172 nolebat,
798 1106 883 1178 msgis
914 1103 1029 1176 illigeris
1063 1105 1153 1171 otium,

121 1223 197 1281 quom
216 1209 341 1264 bonorem
359 1205 529 1262 laboriosum.
565 1205 683 1262 Toodeor
708 1203 826 1260 devictus
844 1205 936 1260 uxoris
959 1201 1082 1274 precibus
1099 1200 1153 1256 llo-

122 1322 187 1364 mant
205 1323 261 1364 cum
279 1310 338 1379 ipae
355 1309 480 1379 perrexit
515 1303 592 1369 Quod
608 1306 730 1378 Agrippa
750 1303 903 1378 intelligens
921 1302 1031 1358 Gecssrl
1050 1301 1154 1357 litteras

122 1407 280 1473 destinent,
303 1405 374 1478 quoi
392 1403 511 1461 llerolev
528 1419 584 1460 eom
603 1402 838 1477 regol’ertlrorom
863 1405 996 1458 amicitior
1013 1398 1155 1457 brnrsverii

123 1514 150 1564 et
172 1507 288 1565 Romano
311 1505 421 1578 imperio
449 1503 564 1559 volnerlt
586 1501 734 1570 rebellare,
768 1508 796 1559 ei
825 1505 851 1558 ln
876 1507 1055 1575 argumentum
1075 1499 1155 1572 bolus

124 1609 162 1664 rel
186 1606 346 1680 significarit
370 1607 410 1670 ei,
435 1601 506 1675 quod
532 1604 559 1658 iu
584 1601 736 1658 civitatibus
760 1603 816 1657 sris
838 1601 955 1658 bnbebot
977 1614 1062 1666 orme,
1087 1614 1156 1672 quse

124 1703 275 1762 sufficerent
291 1703 366 1760 ixx
389 1700 504 1758 millibus
523 1707 690 1756 aemulorum.
724 1701 809 1756 Lecto
829 1707 915 1758 eutem
943 1699 1058 1772 epistole
1074 1700 1155 1771 Caius
1204 1769 1206 1776 y

125 1807 201 1877 qussi
218 1802 325 1860 aliunde
342 1804 475 1873 occipiens
492 1799 622 1856 llerulem
641 1799 675 1857 de
693 1805 764 1856 atsto
786 1815 835 1856 suo
853 1802 1028 1874 interrogovit
1043 1805 1071 1854 ei
1087 1801 1156 1854 lotor

124 1910 247 1970 erotem,
271 1908 356 1958 utrum
379 1906 453 1956 ionis
470 1902 549 1971 copis
567 1907 725 1955 armatorum
747 1906 821 1956 essct
839 1901 865 1954 ln
883 1899 1008 1967 urbibus,
1033 1903 1156 1971 sumtum

125 2000 338 2074 inscendisset,
360 2001 507 2073 requisivit
543 1997 618 2062 Quoi
641 1999 688 2056 ille
711 2000 814 2055 erlolme
831 2001 947 2072 eegevlt.
982 1997 1057 2054 Tune
1076 1997 1157 2070 Gelos

126 2117 213 2158 verum
230 2117 290 2158 osse
308 2100 435 2167 credens,
454 2096 525 2171 qued
542 2095 660 2154 lleroeler
677 2099 800 2171 tigrinus
817 2100 940 2170 scripsit,
964 2100 1048 2170 ipsum
1066 2100 1093 2154 lu
1109 2113 1157 2153 eu-

124 2199 210 2256 silium
223 2200 364 2273 relegerit,
381 2199 458 2254 uxori
471 2203 557 2254 entem
571 2198 639 2268 ejus,
657 2198 721 2270 quis
731 2205 789 2254 ersi
800 2197 998 2255 sororlleroiia
1010 2196 1157 2270 ignores,

125 2315 200 2372 quem
219 2301 331 2356 nonime
348 2297 494 2372 diligebat,
519 2301 675 2368 pommtom
694 2297 801 2364 triboii,
819 2304 849 2353 ni
865 2299 891 2352 lu
909 2305 1005 2354 serron
1024 2309 1096 2353 suem
1114 2311 1157 2352 re-

124 2399 201 2456 ornet
235 2397 298 2470 lpse
318 2403 404 2454 eutem
423 2399 506 2453 virum
524 2408 598 2451 suum
616 2393 698 2452 voluit
719 2398 839 2452 ueniteri
857 2398 961 2465 dicens,
987 2394 1057 2469 quoil
1075 2385 1157 2463 illum,

125 2502 168 2555 oui
190 2499 427 2554 communicaverat
451 2498 478 2550 in
502 2496 654 2568 prosperis,
677 2509 731 2552 non
757 2495 953 2568 derelinqueret
976 2498 1003 2551 lo
1028 2495 1158 2552 obversis.

125 2596 280 2669 Lugdunum
288 2597 369 2668 igliur
379 2596 512 2666 ienonnti
526 2594 631 2650 luerunt
644 2600 669 2650 et
683 2594 721 2649 ibi
735 2597 813 2652 vitem
828 2594 1016 2652 miserabiliter
1027 2593 1158 2655 inierunt.

128 2695 198 2752 lisso
215 2698 242 2750 io
260 2695 380 2766 bystorio
396 2694 566 2751 sobolesilce.
602 2693 722 2750 Secundo
745 2701 857 2766 propior
874 2698 972 2750 ossium
991 2698 1074 2768 ipsius
1093 2709 1159 2752 con·

127 2797 309 2851 cremsiioneu
321 2801 348 2850 et
356 2793 547 2860 collectionem,
560 2795 694 2864 quseipso
707 2793 751 2850 its
764 2794 904 2876 secudum
917 2795 1044 2868 quosdam
1055 2795 1160 2853 luerunt

128 2900 295 2950 oonoremoto
310 2899 338 2950 et
354 2907 371 2948 e
389 2891 509 2949 testibus
526 2909 559 2950 or
578 2901 653 2963 porte
672 2893 792 2950 collecto.
827 2893 900 2950 Uolo
922 2898 1000 2967 quasi
1017 2896 1160 2952 secondum

128 2994 269 3048 martirium
295 2996 409 3062 petitur,
438 2994 558 3064 quonism
585 2993 643 3063 ipse
670 2995 696 3048 lo
721 2995 777 3048 suis
796 2993 902 3049 ossibus
919 3002 1108 3064 concremetur,
1133 3003 1162 3053 et

35 3099 38 3104 '
127 3091 187 3148 ideo
206 3092 320 3148 ecclesio
336 3093 466 3164 temonem
478 3091 620 3148 secundom
633 3094 692 3163 slus
707 3095 848 3149 mertirlum
863 3092 916 3149 boe
928 3092 1022 3149 lestom
1034 3093 1161 3152 celebret.

126 3191 272 3247 sicutenim
280 3189 550 3264 legiturioiibrollll.
563 3189 699 3262 hystorico
711 3192 887 3250 sobolestieee
899 3192 939 3249 vel
953 3193 1161 3262 ecclesiastices,

126 3305 184 3346 cum
201 3289 325 3361 discipuli
341 3289 471 3346 lobannis
498 3305 594 3361 corpus
612 3292 671 3362 ejus
689 3291 760 3363 opud
777 3290 906 3348 sebasten
923 3294 1013 3348 urbem
1031 3293 1162 3352 inisseti-

127 3403 178 3443 noe
200 3390 269 3444 inter
292 3386 424 3445 Eileaeum
451 3395 479 3446 ot
503 3389 615 3446 Abellam
639 3391 826 3462 sepelivissent
852 3398 878 3446 et
901 3389 935 3446 erl
962 3393 1022 3463 ejus
1039 3393 1162 3449 tumulum

128 3484 209 3541 multe
225 3485 352 3542 miraculo
370 3487 477 3556 bereut,
492 3487 604 3560 jubente
620 3489 725 3546 lutuno
745 3495 868 3562 eposioie
886 3490 1000 3563 gentilos
1024 3495 1082 3566 ejus
1100 3509 1165 3550 osse

128 3590 298 3656 enumerant,
323 3590 350 3640 et
373 3599 430 3641 cum
448 3588 575 3644 niroculo
598 3605 650 3644 noo
669 3594 820 3658 oeasemoi,
845 3590 1040 3660 posioollecin
1056 3598 1084 3649 et
1101 3593 1165 3664 igne

129 3690 300 3740 concremata
317 3687 345 3740 ln
368 3683 503 3756 pulverem
534 3687 696 3761 relegerunt
725 3693 752 3744 ei
775 3705 823 3760 per
851 3705 933 3763 egros
963 3690 1164 3759 rentilererunt,

129 3785 198 3837 sioni
220 3782 317 3838 elicitur
341 3786 368 3839 in
392 3783 513 3856 hystorie
535 3787 698 3844 soioiostiee
719 3796 748 3845 et
770 3788 960 3846 ecclesiastice
995 3789 1070 3847 Bria
1099 3807 1164 3852 veno

129 3880 209 3947 elicit,
234 3881 305 3954 quod
328 3886 389 3954 ipso
412 3900 476 3941 osee
499 3887 612 3943 collecte
636 3887 716 3945 latius
739 3895 894 3959 enumerent
917 3896 945 3947 ei
967 3893 1007 3946 sio
1022 3889 1165 3947 secundnm

130 3982 274 4036 martirium
291 3981 482 4052 quodammodo
500 3999 597 4057 nesam
614 3986 726 4045 ridetur.
760 3986 816 4043 llos
842 3989 946 4061 nullom
965 3993 1166 4066 repraesentent

130 4080 292 4148 medentes,
315 4080 375 4136 dom
399 4083 426 4137 in
450 4085 509 4155 eius
533 4087 672 4144 enaritate
695 4099 760 4142 ores
781 4071 953 4162 animumque
970 4087 1085 4146 collecte
1101 4103 1166 4146 oon·

132 4185 256 4236 orenmri.
289 4178 355 4236 llum
372 4187 458 4237 numm
477 4181 512 4237 sil
529 4179 745 4242 concernentium
762 4185 966 4259 colligerentur,
997 4192 1027 4242 ut
1052 4185 1167 4245 babetur

130 4279 157 4332 in
174 4277 293 4350 locatorio
309 4277 470 4335 sobolestico
489 4287 516 4338 et
533 4281 608 4339 Bodo
624 4289 754 4354 testatur,
779 4285 885 4359 noiomo
901 4285 1022 4343 monachi
1038 4301 1055 4342 e
1073 4285 1167 4344 liisro·

130 4375 232 4434 aolierte
254 4379 390 4436 venientes
414 4378 527 4438 latenter
550 4379 739 4457 colligentibus
763 4401 794 4442 rs
817 4387 975 4444 miscuerunt
1001 4393 1029 4444 ei
1046 4397 1170 4462 nomem
