2828 5302
301 481 374 561 cop.
397 481 473 542 xlv.
522 481 566 540 ne
594 481 749 562 epiphanis
771 447 888 538 domini.
1070 479 1110 542 aa

66 646 119 694 est
155 637 245 694 lnlaos
267 639 346 712 ragit,
364 637 504 696 laudantes
522 638 613 711 angeli
631 637 785 705 audiuntur,
804 639 885 707 pauni
901 635 1025 705 sordent,
1042 637 1111 694 deus

67 737 205 792 aduratur.
239 737 332 810 iraque
349 741 490 809 potestatis
509 737 625 810 dignitas
643 750 694 791 non
714 737 855 802 amittitur,
883 735 942 790 dum
957 740 1044 792 earnis
1063 738 1110 794 Ιιιι-

68 825 168 890 roilita's
185 837 366 906 praedicatur,
415 834 490 898 Eeeo.
503 833 634 908 quomodo
659 839 685 891 in
711 836 817 892 Christo
842 851 925 907 puero
942 853 994 892 oon
1012 845 1111 894 lanium

69 935 177 990 ιιιιιιιιιι
193 935 310 990 irumilia.
321 940 348 990 et
366 935 479 1001 inlirma,
497 935 544 991 sed
563 937 640 990 etiarn
660 937 805 994 divinitatis
824 935 947 996 sublimia
959 939 1109 994 elexoelse.

69 1033 109 1090 ile
127 1032 180 1089 lroe
198 1038 291 1090 iterum
309 1034 373 1090 dioit
391 1033 563 1105 Hieronymus
581 1049 662 1106 snper
680 1034 818 1106 epistolam
835 1035 870 1090 nd
887 1034 1039 1092 Hebraeos:
1067 1055 1110 1095 re-

68 1137 144 1206 spiee
160 1149 242 1189 euoas
262 1133 375 1200 ilhrlsli,
395 1133 454 1190 ride
471 1135 572 1204 pariter
590 1140 617 1188 ut
634 1135 749 1200 eoelum
768 1137 917 1206 vagientem
935 1138 961 1190 iu
981 1153 1112 1208 praesepe

68 1211 180 1290 intueris
198 1234 340 1300 infantem,
376 1232 423 1290 sed
441 1233 554 1303 angelus
572 1232 650 1287 simol
666 1233 788 1288 ausculta
804 1233 955 1290 laudantes.
994 1235 1112 1292 ilerodes

67 1335 247 1405 persequitur,
265 1333 313 1389 sed
331 1333 444 1392 adorent
462 1333 542 1404 magi,
562 1343 638 1403 qoem
658 1333 782 1404 ignorant
799 1330 947 1400 Pharisaei,
967 1333 1014 1390 sed
1033 1336 1111 1392 stella

67 1432 242 1500 domonstrat,
259 1431 408 1503 baptisatur
425 1447 442 1488 a
459 1447 551 1497 servo,
571 1430 618 1486 sed
636 1447 687 1486 vex
704 1430 752 1486 liei
771 1430 886 1502 desuper
902 1435 1018 1488 tonantis
1036 1434 1111 1490 aodi-

68 1540 127 1598 lur,
154 1533 230 1602 aquis
246 1532 425 1604 immergitur,
446 1529 493 1586 sed
511 1529 632 1585 eoiumba
649 1529 799 1597 deseendit,
827 1533 904 1586 immo
924 1513 1109 1603 spiritos'son-

67 1639 128 1686 elus
143 1633 170 1686 iu
187 1629 316 1685 colomba.
359 1633 447 1695 Quare
464 1636 550 1684 autem
568 1631 640 1702 magi
658 1630 807 1702 hujusmodi
825 1647 934 1688 mouera
951 1631 1110 1702 obtullerunt,

68 1729 205 1801 multiplex
225 1737 266 1786 est
284 1730 361 1784 ratio.
395 1727 499 1797 Prima,
533 1731 654 1800 quonlam
675 1729 782 1786 iraditio
801 1733 966 1802 antiquorum
986 1733 1048 1800 luit,
1083 1743 1112 1790 nt

66 1831 132 1885 dicit
148 1829 298 1901 Remigius,
333 1834 361 1883 ut
384 1827 471 1882 nullos
495 1825 528 1884 ad
546 1828 627 1884 Deum
647 1827 688 1884 rel
708 1829 741 1883 ad
760 1845 848 1901 regam
867 1846 965 1886 raonns
982 1834 1110 1891 introiret.

66 1929 167 1986 Persae
189 1936 275 1985 autem
302 1933 329 1983 et
352 1925 480 1984 Chaldaei
497 1929 563 1984 talin
580 1943 688 2008 munera
705 1937 898 1996 consueverant
916 1932 1019 1988 offerre.
1062 1931 1109 1988 lsti

66 2031 153 2097 ιιιὶιι,
185 2035 214 2083 ιιι
230 2023 325 2083 dieitur
341 2030 369 2082 io
386 2026 504 2098 lrpslorla
521 2027 698 2095 selrolaslioa,
724 2035 850 2086 uenerunt
866 2043 883 2084 a
899 2029 995 2086 linibus
1013 2030 1114 2088 Persa·-

66 2145 125 2186 rnm
143 2135 170 2186 et
187 2126 389 2194 Chaldaeorum,
407 2126 452 2183 uiri
471 2134 512 2184 est
526 2127 621 2182 llumen
639 2126 721 2195 Saba,
741 2141 758 2183 a
775 2143 827 2200 nuo
845 2134 872 2183 ot
890 2127 996 2185 Sabaea
1015 2129 1110 2186 dieitur

67 2229 154 2304 regio.
189 2226 311 2284 Secunda
330 2243 398 2300 qnae
416 2231 459 2284 est
474 2226 620 2292 Bernardi,
652 2229 774 2298 qnoniam
791 2226 887 2284 bealae
904 2229 1001 2301 uirgini
1018 2243 1109 2285 aarum

67 2328 221 2384 obtuleruut
236 2331 345 2399 prepter
362 2328 468 2399 inopiae
485 2323 710 2394 sublevationem,
727 2326 788 2382 tirus
808 2334 918 2400 propter
935 2327 1033 2384 stabuli
1052 2329 1110 2385 loe·

67 2435 167 2496 torem,
197 2425 326 2498 mprrlram
344 2431 453 2498 propter
469 2426 641 2482 membrorum
659 2429 733 2496 pueri
755 2425 991 2483 consolidationem
1009 2436 1036 2482 ot
1052 2443 1108 2485 ma-

67 2528 151 2583 lorum
168 2527 292 2582 rermlom
311 2525 501 2598 expulsionem.
542 2525 650 2592 Tertio,
670 2529 792 2597 qnoniam
811 2541 901 2581 aurum
921 2525 955 2582 ad
974 2527 1108 2594 tributum,

68 2627 129 2682 tirus
152 2623 186 2680 ad
210 2625 382 2691 saorilolum,
417 2625 522 2696 myrrha
547 2625 582 2681 nd
606 2625 768 2696 sepulturam
798 2629 913 2698 pertinet
940 2629 1107 2684 murinorum.

67 2725 119 2783 l'er
135 2723 202 2781 leaeo
217 2725 270 2780 tria
288 2741 353 2797 ergo
370 2728 398 2778 io
417 2723 523 2780 lllrristo
540 2728 675 2780 intimatur
691 2729 773 2800 regia
784 2731 921 2796 potestas,
945 2725 1035 2782 deine
1054 2741 1109 2782 na·

62 2826 151 2896 jesias
171 2830 199 2880 et
216 2823 330 2880 lromnna
348 2824 503 2880 mortalitas.
540 2825 649 2892 Quarta,
669 2828 790 2897 quonlam
808 2839 899 2880 aarum
918 2823 1051 2896 signifieat
1068 2827 1106 2880 di·

66 2923 214 2993 leetlooem,
234 2923 294 2980 titus
312 2928 467 2990 orationem,
489 2925 594 2995 myrrha
613 2927 701 2979 earnis
718 2925 952 2980 merliiieatlooem.
993 2922 1025 2979 Ei
1043 2923 1108 2980 leaeo

67 3026 119 3078 tria
136 3023 260 3082 debemus
279 3023 385 3080 Cirristo
403 3024 508 3080 ollerro.
538 3024 644 3090 Quinta,
664 3025 786 3096 quoniam
805 3039 853 3094 per
870 3020 935 3079 haee
953 3025 1006 3078 iria
1022 3025 1108 3095 signi-

66 3122 178 3178 ficantur
196 3126 257 3190 tria,
275 3138 344 3196 quae
362 3129 438 3178 erant
456 3125 481 3176 in
501 3121 622 3190 Christo,
640 3122 741 3178 sollloel
759 3121 885 3178 divinitas
904 3125 1106 3194 pretiosissima,

64 3225 154 3278 aalma
171 3224 343 3278 devotissima
359 3229 387 3277 et
403 3235 466 3277 earo
484 3225 590 3295 integra
607 3227 634 3277 et
650 3223 812 3292 incorrupte.
865 3221 935 3276 llaeo
952 3225 1004 3276 tria
1023 3223 1106 3295 signi-

65 3321 213 3376 ficabantur
229 3337 278 3392 per
296 3323 343 3377 illa
355 3325 417 3390 tria,
437 3337 505 3394 quae
523 3328 598 3376 erant
616 3324 643 3375 ln
660 3319 750 3376 archa.
784 3319 849 3374 liam
866 3323 952 3392 virga,
971 3336 1040 3393 quae
1058 3323 1106 3377 lio-

65 3423 129 3488 rnlt,
148 3437 209 3476 earo
219 3419 327 3490 illinisti,
346 3435 414 3493 quae
433 3423 586 3487 resurrexit,
604 3418 717 3474 Psalm:
736 3424 763 3473 el
775 3419 965 3474 relloruilearo
977 3425 1106 3488 menete,

66 3519 191 3586 talaiae,
225 3521 270 3576 uiri
290 3527 365 3577 erant
382 3523 481 3590 scripta
498 3524 657 3589 praerepto,
698 3520 800 3586 anima,
824 3517 851 3571 in
870 3533 923 3589 nura
940 3524 1001 3574 sunl
1017 3535 1106 3577 omnes

66 3620 184 3676 thesauri
202 3621 329 3677 scientiae
346 3625 373 3674 el
390 3621 537 3689 sapientiae
554 3619 603 3673 Ilei
622 3613 786 3683 absconditi,
805 3633 900 3672 manna
917 3619 1018 3686 deitas,
1038 3635 1106 3693 qnae

64 3719 146 3776 habel
165 3734 264 3775 omnem
284 3733 406 3791 saporem
424 3725 450 3774 ei
467 3733 568 3772 omnem
586 3721 751 3772 suauitatem.
772 3717 823 3773 Per
837 3731 927 3772 nurum
942 3733 1017 3791 ergo,
1035 3719 1106 3790 quod

64 3827 107 3874 est
124 3822 266 3890 pretiosius
285 3817 404 3874 omullus
422 3816 550 3885 metaliis,
586 3817 743 3889 intelligitur
760 3817 884 3871 diuinitas
902 3819 1104 3888 pretiosissima,

65 3933 114 3988 per
131 3917 191 3972 llros
208 3919 296 3973 anima
313 3900 494 3985 devotissima,
513 3919 577 3990 qula
593 3913 654 3970 tinus
672 3915 804 3987 signifieat
823 3914 989 3972 devotionem
1007 3923 1105 3972 otora-

64 4019 171 4072 tionem.
216 4015 328 4073 Psalm:
364 4018 495 4089 dirigatur
514 4019 599 4072 oratio
616 4031 675 4072 mea
692 4021 742 4070 eto.
784 4012 835 4069 Per
855 4014 1000 4086 myrrham,
1037 4030 1104 4086 quae

63 4121 204 4172 eonserrai
222 4130 240 4172 a
257 4118 441 4187 oomoptiona,
462 4131 524 4172 earo
541 4120 702 4187 iooorruptn
736 4113 870 4170 Admonlti
887 4120 973 4170 autem
990 4115 1061 4186 magi
1079 4117 1105 4170 iu

63 4215 179 4282 ιοιιιιιιι,
213 4230 246 4271 ne
267 4213 385 4271 redirent
402 4214 437 4270 ad
455 4215 599 4282 llerodem,
626 4230 675 4286 per
692 4213 771 4268 oliam
790 4214 858 4266 uiam
876 4215 979 4269 reversi
998 4219 1059 4268 sunt
1078 4213 1104 4268 in

63 4315 199 4386 regionem
216 4329 300 4371 suano.
336 4311 403 4370 Eece
421 4311 550 4386 quomodo
569 4314 641 4385 magi
659 4312 842 4382 proiecerunt,
865 4327 924 4367 nram
942 4312 1021 4367 stella
1039 4311 1104 4368 duce

62 4419 198 4482 venerunt,
217 4430 266 4486 per
282 4413 410 4480 hominos,
430 4415 505 4468 imino
520 4427 567 4483 per
585 4411 729 4484 prophetas
741 4409 828 4467 edootl
842 4417 910 4480 suot,
930 4412 1027 4484 angeio
1037 4409 1104 4468 duee
