2842 5286
322 493 395 574 Cup.
416 495 493 556 Llll.
537 497 582 556 De
603 493 739 576 passione
760 494 879 555 domiui.
1054 493 1117 557 225

74 647 216 703 dixerunt:
236 667 299 708 ecee
312 652 443 725 quomodo
461 651 567 707 emebat
584 653 655 709 eum!
675 651 812 708 Seeundae
829 651 934 706 luerunt
952 655 1115 724 compassio-

72 749 132 811 nis,
158 749 207 802 sod
235 753 331 806 tertiue
356 749 460 806 luerunt
478 748 588 804 tutoris.
628 749 749 805 Secundo
776 749 826 804 luit
844 751 868 804 lu
886 750 991 818 auditu,
1016 768 1073 807 oum
1091 757 1116 808 ei

73 845 179 900 scilieet
196 849 342 919 opprobrio
357 855 383 904 et
393 847 574 918 blasphemiae
588 851 724 921 irrogatus
742 854 811 914 sunt,
830 847 950 904 Christus
968 853 1034 905 euim
1053 868 1115 921 spe-

73 944 182 1000 tialiter
198 954 311 1016 quatuor
324 946 453 1014 babebat,
472 949 500 1000 iu
518 949 613 1018 quibus
631 945 775 1018 opprobria
799 953 825 998 et
841 945 1020 1016 blasphemius
1039 951 1115 1004 audl-

73 1045 120 1098 rit.
154 1041 252 1098 Habuit
270 1047 336 1100 euim
353 1044 598 1100 excellentissimum
614 1044 787 1110 nobilitatem,
806 1046 869 1117 quie
881 1053 1003 1114 quonium
1020 1047 1056 1104 ed
1074 1049 1115 1106 dt-

73 1143 160 1196 riuum
180 1151 300 1198 ueterum
318 1143 368 1198 luit
384 1147 486 1199 aeterni
510 1147 584 1216 regis
604 1142 671 1196 ilius
691 1148 717 1196 et
735 1149 856 1213 quantum
877 1142 911 1196 ud
928 1141 1064 1202 humanam
1083 1149 1117 1205 de

75 1243 153 1312 regin
171 1243 388 1311 dispergendus,
408 1244 445 1296 itu
463 1245 541 1296 etiarn
561 1243 586 1295 tn
604 1247 726 1312 quantum
745 1240 822 1295 bomo
842 1238 899 1304 luit,
918 1257 963 1296 rex
981 1259 1072 1315 regum
1090 1255 1117 1303 et

74 1339 197 1393 domiuus
218 1339 413 1394 dominantium.
448 1339 546 1394 liubuit
562 1339 721 1394 iuellubilem
741 1341 892 1404 ueritatem,
916 1341 979 1411 quiu
999 1342 1056 1412 lpse
1075 1353 1117 1402 est

74 1441 126 1504 ule,
146 1439 246 1493 ueritus
264 1444 292 1494 el
308 1441 370 1506 uite,
387 1437 457 1494 unde
474 1437 508 1493 de
529 1453 558 1492 se
574 1441 667 1492 iterum
685 1435 757 1490 dioit:
776 1453 861 1492 sermo
877 1443 936 1492 tuno
948 1442 1046 1495 ueritus
1065 1451 1117 1500 est.

75 1536 145 1591 blius
173 1539 240 1592 enim
265 1543 307 1594 eol
331 1551 419 1593 sermo
446 1540 503 1592 uiue
528 1534 635 1590 uerbum
658 1537 751 1604 petris.
791 1534 888 1590 Habuit
911 1538 1116 1608 insuperabilem

73 1641 249 1708 potestatem,
276 1637 339 1708 qula
355 1637 444 1690 omniu
466 1635 618 1706 peripsum
636 1632 783 1689 immuunt
807 1640 834 1689 et
857 1638 914 1690 stne
940 1637 1000 1706 ipso
1017 1639 1115 1697 luctum

73 1741 117 1790 eut
135 1731 212 1788 nibil.
242 1731 338 1788 liabuit
357 1735 466 1803 insuper
489 1731 648 1805 sugutnrom
667 1727 823 1797 bonitatem,
847 1736 910 1803 puta
931 1750 1007 1789 nemo
1028 1735 1114 1793 bouus

71 1834 127 1886 nisi
144 1831 220 1887 eolus
238 1831 317 1887 Deus.
357 1828 386 1886 ln
407 1830 449 1886 lrls
469 1817 589 1886 Christus
609 1826 709 1882 uudtvtt
727 1829 872 1899 opprobrie
890 1838 917 1888 et
935 1830 1114 1906 blasphemiae

70 1930 163 1987 Primo
182 1929 286 2001 quidem
304 1928 409 2001 quood
424 1928 603 1994 uobtlttutom3
627 1925 723 1982 blettb.
741 1925 801 1984 xtt:
819 1943 905 1984 noune
922 1929 965 1986 bie
983 1940 1025 1989 est
1044 1935 1113 1990 tillus

71 2029 169 2083 labri?
201 2043 288 2083 noune
303 2034 389 2083 mater
411 2029 468 2097 ejus
488 2027 585 2081 dieitur
601 2025 690 2082 lilerio
705 2030 755 2081 eto.
797 2025 917 2082 Secundo
942 2045 994 2100 quo
1012 2029 1047 2088 ud
1064 2049 1113 2105 po-

70 2133 215 2190 testatem,
232 2125 326 2182 blattis.
341 2123 405 2180 xit:
422 2123 468 2179 bie
484 2140 536 2178 nou
553 2125 627 2196 elielt
644 2121 790 2190 daemonia,
815 2127 867 2179 uisi
881 2126 944 2196 in¹)
961 2127 1112 2186 Beelzebub

71 2227 194 2295 principe
212 2223 416 2278 danmoniorum.
456 2221 520 2277 ltem
540 2221 635 2276 Muttlu.
655 2219 765 2276 xxttt:
790 2222 859 2276 ulios
878 2223 968 2279 salvos
986 2225 1063 2295 lectt,
1082 2245 1113 2284 ss

70 2325 161 2394 ipsum
185 2337 236 2377 non
256 2323 343 2392 potuit
365 2321 464 2376 saluum
490 2320 586 2375 lacere.
629 2317 697 2374 Eeoe
721 2320 811 2374 dieunt
834 2323 918 2391 ipsum
936 2325 1112 2394 impotentem,

70 2437 130 2476 cum
149 2427 236 2475 tumen
254 2419 322 2474 udeo
339 2426 434 2491 polens
448 2418 587 2484 exstiterit,
605 2417 674 2489 quod
692 2424 877 2487 persecutores
893 2435 957 2475 suos
974 2421 1034 2477 solu
1048 2441 1112 2481 voee

71 2520 227 2588 prostrauit.
261 2517 324 2572 Num
339 2533 396 2572 uum
414 2520 620 2588 interrogasset:
646 2531 721 2586 quem
739 2518 888 2587 quuerttist
906 2525 933 2573 et
945 2517 984 2573 illl
1001 2537 1111 2592 respou-

71 2617 190 2671 dissent:
208 2615 296 2672 Jesum
314 2615 486 2680 Nazarenum,
505 2618 607 2684 etipse
625 2613 751 2668 dixisset:
770 2629 821 2686 ego
838 2630 904 2682 ouum,
923 2620 1046 2674 oouttuuo
1065 2635 1110 2677 ue-

70 2713 196 2768 eiderunt
214 2715 240 2767 iu
255 2721 361 2770 terrum
402 2713 583 2785 Augustinus:
613 2727 667 2767 uun
689 2727 742 2767 rex
766 2711 868 2767 turbem
896 2714 965 2769 odiis
989 2714 1112 2786 leroeeur,

73 2814 157 2866 emto
174 2811 319 2868 terribilem
343 2815 401 2868 utne
419 2811 473 2867 ullo
499 2810 553 2866 telo
579 2811 726 2880 peremit,
756 2809 867 2880 repulit,
892 2815 988 2873 strauit
1015 2819 1112 2873 virtuto

72 2909 182 2966 latentis
209 2910 362 2966 didniletls.
405 2909 472 2974 Quid
497 2909 666 2980 judicaturus
688 2909 782 2975 foetet,
809 2912 854 2980 qul
877 2911 1037 2981 judicandus
1061 2914 1118 2970 boo.

72 3007 160 3064 lectt?
195 3008 263 3073 uuio
283 3015 442 3082 regnaturus
459 3010 570 3079 poterit,
589 3009 633 3078 qut
652 3009 792 3061 moriturus
809 3006 858 3062 boe
875 3011 983 3078 potuit?
1018 3011 1111 3068 Tertio
1217 2993 1220 3000 ¹

73 3124 127 3179 quo
147 3109 182 3163 ed
200 3111 349 3175 intimem,
379 3105 440 3164 Jolr.
460 3105 529 3163 Vlll:
553 3113 580 3160 tu
600 3104 634 3161 de
658 3112 685 3160 to
702 3108 761 3176 lpse
779 3107 954 3162 testimonium
976 3110 1111 3181 perblbeo,

73 3209 251 3262 testimoutum
269 3215 341 3262 tuum
366 3212 481 3262 nonest
503 3219 600 3260 rerum.
640 3201 709 3258 Eone
733 3206 797 3275 quin
816 3205 906 3260 dleuut
929 3199 1111 3264 eummeudu-

71 3321 146 3362 uem.
165 3320 221 3360 oum
240 3313 327 3361 tumen
344 3307 402 3376 lpse
420 3307 455 3360 ott
471 3307 531 3370 utu,
561 3305 659 3359 ueritus
679 3308 705 3357 et
723 3303 785 3357 ritu.
821 3301 891 3357 llum
908 3306 1044 3360 noritutom
1060 3305 1110 3378 l'p-

72 3403 145 3459 lutus
165 3408 235 3461 seire
251 3404 293 3461 uel
318 3403 410 3460 rudtre
428 3419 479 3458 nou
498 3405 605 3470 meruit,
631 3405 694 3474 quin
714 3403 799 3470 ipsum
818 3401 957 3458 seeundum
976 3408 1111 3463 nemmem

72 3520 126 3558 uon
141 3502 279 3575 judiourtt.
319 3502 455 3558 lnoboartt
479 3504 576 3573 quippe
596 3499 723 3573 ludtolum
747 3513 764 3554 o
787 3502 915 3568 redum,
948 3500 996 3556 sed
1015 3520 1068 3558 non
1085 3505 1112 3558 in

72 3606 188 3657 seritute
206 3605 349 3675 permonuit
366 3607 393 3657 et
408 3601 470 3656 ideo
489 3601 522 3655 de
540 3602 650 3655 venitote
669 3599 850 3671 quaestionem
867 3601 961 3654 meruit
976 3600 1111 3668 inoboere,

73 3699 124 3757 red
141 3717 194 3756 uuu
216 3702 310 3756 meruit
328 3699 485 3758 solunouen
510 3697 611 3754 oudlre.
651 3695 729 3752 llotlo
753 3695 808 3750 ulio
831 3702 873 3750 sot
896 3697 1037 3752 seeundum
1054 3697 1110 3754 bu·

73 3803 217 3873 gustinum.
235 3797 480 3871 queresolutlonem
496 3813 550 3852 nou
562 3796 670 3857 nudiult.
689 3796 759 3866 quio,
777 3809 834 3848 oum
847 3793 919 3849 illum
930 3799 1111 3867 quaestionum

72 3899 192 3966 lecisset,
212 3897 301 3952 subito
320 3899 391 3952 routt
409 3896 489 3950 illitu
506 3901 616 3951 merrtem
634 3891 796 3948 eonsuetudo
812 3891 979 3959 ludaeorum,
999 3908 1050 3966 que
1064 3909 1110 3949 su·

73 3995 148 4055 lebat
165 4014 231 4052 uuus
250 3995 344 4050 dimitti
361 3997 387 4050 ln
405 3993 505 4066 peselru
527 4000 554 4050 et
571 3993 631 4047 ideo
650 3995 738 4047 statim
757 3992 821 4045 exiit
839 3997 865 4046 et
883 3989 1038 4046 solutionem
1057 4008 1111 4047 nou

72 4099 246 4168 exspectarit
271 4093 366 4149 Tertio
382 4096 451 4149 rutio
470 4097 511 4148 est
528 4091 670 4148 seeundum
683 4089 903 4160 Gbrysostomum
920 4091 983 4160 quia
1000 4089 1110 4158 eeiebet,

72 4194 144 4267 quod
163 4194 284 4265 quoestlo
309 4198 361 4246 tum
379 4189 495 4245 dificilis
516 4191 653 4264 indigebat
668 4189 749 4244 multo
775 4193 892 4258 tempore
910 4193 937 4241 ut
955 4187 1036 4242 multu
1052 4185 1110 4242 dlo-

123 4415 145 4460 ll
159 4418 206 4455 ttoc
220 4409 453 4457 vocubuluun‘ouiuit
468 4408 506 4454 td.
521 4414 553 4450 Pr.

836 4485 869 4541 lb
