<?xml version="1.0" encoding="UTF-8"?>
<!DOCTYPE html PUBLIC "-//W3C//DTD XHTML 1.0 Transitional//EN"
    "http://www.w3.org/TR/xhtml1/DTD/xhtml1-transitional.dtd">
<html xmlns="http://www.w3.org/1999/xhtml" xml:lang="en" lang="en">
 <head>
  <title>
</title>
<meta http-equiv="Content-Type" content="text/html;charset=utf-8" />
  <meta name='ocr-system' content='tesseract 3.04.00' />
  <meta name='ocr-capabilities' content='ocr_page ocr_carea ocr_par ocr_line ocrx_word'/>
</head>
<body>
  <div class='ocr_page' id='page_1' title='image "./jacobiavoragine00jacogoog_0069.png"; bbox 0 0 2798 5302; ppageno 0'>
   <div class='ocr_carea' id='block_1_1' title="bbox 209 489 1105 622">
    <p class='ocr_par' dir='ltr' id='par_1_1' title="bbox 209 489 1105 622">
     <span class='ocr_line' id='line_1_1' title="bbox 209 489 1105 622; baseline -0.003 -21"><span class='ocrx_word' id='word_1_1' title='bbox 209 495 233 513; x_wconf 87' lang='lat'>·.</span> <span class='ocrx_word' id='word_1_2' title='bbox 257 491 264 508; x_wconf 85' lang='lat'><strong>·</strong></span> <span class='ocrx_word' id='word_1_3' title='bbox 305 489 347 607; x_wconf 60' lang='lat' dir='ltr'>do</span> <span class='ocrx_word' id='word_1_4' title='bbox 538 545 610 622; x_wconf 87' lang='lat' dir='ltr'>Cup.</span> <span class='ocrx_word' id='word_1_5' title='bbox 633 543 709 600; x_wconf 89' lang='lat' dir='ltr'>Vllt.</span> <span class='ocrx_word' id='word_1_6' title='bbox 759 542 804 601; x_wconf 83' lang='lat' dir='ltr'>De</span> <span class='ocrx_word' id='word_1_7' title='bbox 824 550 923 600; x_wconf 86' lang='lat' dir='ltr'>sancto</span> <span class='ocrx_word' id='word_1_8' title='bbox 946 541 1105 621; x_wconf 86' lang='lat' dir='ltr'>Stephano.</span> 
     </span>
    </p>
   </div>
   <div class='ocr_carea' id='block_1_2' title="bbox 307 699 1338 1081">
    <p class='ocr_par' dir='ltr' id='par_1_2' title="bbox 307 699 1338 1081">
     <span class='ocr_line' id='line_1_2' title="bbox 310 699 1337 782; baseline -0.014 -17"><span class='ocrx_word' id='word_1_9' title='bbox 310 707 403 782; x_wconf 80' lang='lat' dir='ltr'>qulbus</span> <span class='ocrx_word' id='word_1_10' title='bbox 420 706 455 762; x_wconf 88' lang='lat' dir='ltr'>ab</span> <span class='ocrx_word' id='word_1_11' title='bbox 473 705 602 776; x_wconf 83' lang='lat' dir='ltr'>apostolis</span> <span class='ocrx_word' id='word_1_12' title='bbox 621 703 707 759; x_wconf 83' lang='lat' dir='ltr'>iuerat</span> <span class='ocrx_word' id='word_1_13' title='bbox 722 701 880 773; x_wconf 85' lang='lat' dir='ltr'>praelectus,</span> <span class='ocrx_word' id='word_1_14' title='bbox 900 715 967 773; x_wconf 84' lang='lat' dir='ltr'>quae</span> <span class='ocrx_word' id='word_1_15' title='bbox 986 699 1018 753; x_wconf 86' lang='lat' dir='ltr'>cd</span> <span class='ocrx_word' id='word_1_16' title='bbox 1039 699 1240 766; x_wconf 72' lang='lat' dir='ltr'>litteramanus</span> <span class='ocrx_word' id='word_1_17' title='bbox 1255 707 1337 754; x_wconf 82' lang='lat' dir='ltr'>erasu.</span> 
     </span>
     <span class='ocr_line' id='line_1_3' title="bbox 308 803 1338 880; baseline -0.016 -14"><span class='ocrx_word' id='word_1_18' title='bbox 308 809 356 866; x_wconf 79' lang='lat' dir='ltr'>Est</span> <span class='ocrx_word' id='word_1_19' title='bbox 372 823 435 880; x_wconf 77' lang='lat' dir='ltr'>ergo</span> <span class='ocrx_word' id='word_1_20' title='bbox 452 819 551 860; x_wconf 86' lang='lat' dir='ltr'>corona</span> <span class='ocrx_word' id='word_1_21' title='bbox 568 811 677 876; x_wconf 87' lang='lat' dir='ltr'>propter</span> <span class='ocrx_word' id='word_1_22' title='bbox 693 803 846 874; x_wconf 86' lang='lat' dir='ltr'>principium</span> <span class='ocrx_word' id='word_1_23' title='bbox 866 803 990 864; x_wconf 70' lang='lat' dir='ltr'>nocuisti,</span> <span class='ocrx_word' id='word_1_24' title='bbox 1016 814 1107 854; x_wconf 88' lang='lat' dir='ltr'>norme</span> <span class='ocrx_word' id='word_1_25' title='bbox 1124 805 1236 871; x_wconf 80' lang='lat' dir='ltr'>propter</span> <span class='ocrx_word' id='word_1_26' title='bbox 1252 813 1338 854; x_wconf 83' lang='lat' dir='ltr'>esem-</span> 
     </span>
     <span class='ocr_line' id='line_1_4' title="bbox 307 897 1337 982; baseline -0.013 -18"><span class='ocrx_word' id='word_1_27' title='bbox 307 911 376 982; x_wconf 91' lang='lat' dir='ltr'>plum</span> <span class='ocrx_word' id='word_1_28' title='bbox 401 903 516 977; x_wconf 85' lang='lat' dir='ltr'>patiendi</span> <span class='ocrx_word' id='word_1_29' title='bbox 540 910 566 960; x_wconf 88' lang='lat' dir='ltr'>et</span> <span class='ocrx_word' id='word_1_30' title='bbox 590 903 657 958; x_wconf 83' lang='lat' dir='ltr'>bene</span> <span class='ocrx_word' id='word_1_31' title='bbox 679 901 800 966; x_wconf 77' lang='lat' dir='ltr'>meandi,</span> <span class='ocrx_word' id='word_1_32' title='bbox 839 909 943 957; x_wconf 74' lang='lat' dir='ltr'>mrenue</span> <span class='ocrx_word' id='word_1_33' title='bbox 967 901 1024 954; x_wconf 85' lang='lat' dir='ltr'>lens</span> <span class='ocrx_word' id='word_1_34' title='bbox 1050 905 1158 972; x_wconf 88' lang='lat' dir='ltr'>propter</span> <span class='ocrx_word' id='word_1_35' title='bbox 1182 897 1337 953; x_wconf 72' lang='lat' dir='ltr'><strong>luculentam</strong></span> 
     </span>
     <span class='ocr_line' id='line_1_5' title="bbox 307 996 1337 1081; baseline -0.013 -17"><span class='ocrx_word' id='word_1_36' title='bbox 307 1006 543 1081; x_wconf 85' lang='lat' dir='ltr'>praedicationem,</span> <span class='ocrx_word' id='word_1_37' title='bbox 579 1010 685 1058; x_wconf 86' lang='lat' dir='ltr'>strenue</span> <span class='ocrx_word' id='word_1_38' title='bbox 708 1007 731 1069; x_wconf 88' lang='lat'>¹)</span> <span class='ocrx_word' id='word_1_39' title='bbox 750 1007 823 1056; x_wconf 84' lang='lat' dir='ltr'>stans</span> <span class='ocrx_word' id='word_1_40' title='bbox 842 1007 949 1073; x_wconf 88' lang='lat' dir='ltr'>propter</span> <span class='ocrx_word' id='word_1_41' title='bbox 967 1000 1101 1054; x_wconf 80' lang='lat' dir='ltr'>viduorum</span> <span class='ocrx_word' id='word_1_42' title='bbox 1118 996 1281 1055; x_wconf 73' lang='lat' dir='ltr'><strong>laudabilem</strong></span> <span class='ocrx_word' id='word_1_43' title='bbox 1299 999 1337 1052; x_wconf 91' lang='lat' dir='ltr'>in-</span> 
     </span>
    </p>
   </div>
   <div class='ocr_carea' id='block_1_3' title="bbox 223 1109 481 1163">
    <p class='ocr_par' dir='ltr' id='par_1_3' title="bbox 223 1109 481 1163">
     <span class='ocr_line' id='line_1_6' title="bbox 223 1109 481 1163; baseline -0.008 -3"><span class='ocrx_word' id='word_1_44' title='bbox 223 1155 225 1160; x_wconf 91' lang='lat'><em>.</em></span> <span class='ocrx_word' id='word_1_45' title='bbox 306 1109 481 1163; x_wconf 67' lang='lat' dir='ltr'>structionem.</span> 
     </span>
    </p>
   </div>
   <div class='ocr_carea' id='block_1_4' title="bbox 286 1198 1379 4376">
    <p class='ocr_par' dir='ltr' id='par_1_4' title="bbox 302 1198 1379 3578">
     <span class='ocr_line' id='line_1_7' title="bbox 373 1198 1337 1274; baseline -0.008 -14"><span class='ocrx_word' id='word_1_46' title='bbox 373 1212 402 1265; x_wconf 86' lang='grc' dir='ltr'><strong>ι.</strong></span> <span class='ocrx_word' id='word_1_47' title='bbox 421 1202 570 1274; x_wconf 86' lang='lat' dir='ltr'>Stephanus</span> <span class='ocrx_word' id='word_1_48' title='bbox 590 1203 638 1257; x_wconf 90' lang='lat' dir='ltr'>luit</span> <span class='ocrx_word' id='word_1_49' title='bbox 656 1217 721 1256; x_wconf 87' lang='lat' dir='ltr'>unus</span> <span class='ocrx_word' id='word_1_50' title='bbox 740 1201 772 1257; x_wconf 88' lang='lat' dir='ltr'>de</span> <span class='ocrx_word' id='word_1_51' title='bbox 790 1207 889 1272; x_wconf 78' lang='lat' dir='ltr'>septem</span> <span class='ocrx_word' id='word_1_52' title='bbox 908 1198 1084 1274; x_wconf 59' lang='lat' dir='ltr'>draconibus,</span> <span class='ocrx_word' id='word_1_53' title='bbox 1107 1199 1142 1254; x_wconf 87' lang='lat' dir='ltr'>ab</span> <span class='ocrx_word' id='word_1_54' title='bbox 1161 1198 1293 1270; x_wconf 86' lang='lat' dir='ltr'>apostolis</span> <span class='ocrx_word' id='word_1_55' title='bbox 1313 1199 1337 1252; x_wconf 92' lang='lat' dir='ltr'>in</span> 
     </span>
     <span class='ocr_line' id='line_1_8' title="bbox 306 1300 1363 1378; baseline -0.009 -15"><span class='ocrx_word' id='word_1_56' title='bbox 306 1307 472 1363; x_wconf 88' lang='lat' dir='ltr'>ministerium</span> <span class='ocrx_word' id='word_1_57' title='bbox 491 1302 627 1357; x_wconf 83' lang='lat' dir='ltr'>ordinatis.</span> <span class='ocrx_word' id='word_1_58' title='bbox 649 1301 788 1357; x_wconf 84' lang='lat' dir='ltr'>Crescente</span> <span class='ocrx_word' id='word_1_59' title='bbox 806 1305 872 1357; x_wconf 90' lang='lat' dir='ltr'>enim</span> <span class='ocrx_word' id='word_1_60' title='bbox 891 1317 996 1356; x_wconf 86' lang='lat' dir='ltr'>numero</span> <span class='ocrx_word' id='word_1_61' title='bbox 1015 1300 1199 1371; x_wconf 88' lang='lat' dir='ltr'>discipulorum</span> <span class='ocrx_word' id='word_1_62' title='bbox 1219 1300 1338 1354; x_wconf 83' lang='lat' dir='ltr'>conversi</span> <span class='ocrx_word' id='word_1_63' title='bbox 1361 1375 1363 1378; x_wconf 22' lang='grc' dir='ltr'>Ι</span> 
     </span>
     <span class='ocr_line' id='line_1_9' title="bbox 307 1401 1337 1480; baseline -0.009 -17"><span class='ocrx_word' id='word_1_64' title='bbox 307 1423 340 1466; x_wconf 83' lang='lat' dir='ltr'>ex</span> <span class='ocrx_word' id='word_1_65' title='bbox 357 1403 480 1480; x_wconf 77' lang='lat' dir='ltr'>gentibus</span> <span class='ocrx_word' id='word_1_66' title='bbox 503 1403 630 1458; x_wconf 76' lang='lat' dir='ltr'>adsersus</span> <span class='ocrx_word' id='word_1_67' title='bbox 653 1415 796 1456; x_wconf 81' lang='lat' dir='ltr'>conuersos</span> <span class='ocrx_word' id='word_1_68' title='bbox 819 1418 852 1456; x_wconf 78' lang='lat' dir='ltr'>ea</span> <span class='ocrx_word' id='word_1_69' title='bbox 874 1401 983 1458; x_wconf 84' lang='lat' dir='ltr'>ludaeis</span> <span class='ocrx_word' id='word_1_70' title='bbox 1007 1415 1167 1455; x_wconf 78' lang='lat' dir='ltr'>murmurare</span> <span class='ocrx_word' id='word_1_71' title='bbox 1185 1406 1337 1470; x_wconf 81' lang='lat' dir='ltr'>cooperunt,</span> 
     </span>
     <span class='ocr_line' id='line_1_10' title="bbox 306 1499 1337 1576; baseline -0.012 -12"><span class='ocrx_word' id='word_1_72' title='bbox 306 1525 339 1565; x_wconf 80' lang='lat' dir='ltr'>ex</span> <span class='ocrx_word' id='word_1_73' title='bbox 356 1522 388 1563; x_wconf 89' lang='lat' dir='ltr'>eo</span> <span class='ocrx_word' id='word_1_74' title='bbox 404 1503 472 1576; x_wconf 80' lang='lat' dir='ltr'>quod</span> <span class='ocrx_word' id='word_1_75' title='bbox 491 1502 586 1558; x_wconf 83' lang='lat' dir='ltr'>viduae</span> <span class='ocrx_word' id='word_1_76' title='bbox 607 1518 694 1557; x_wconf 87' lang='lat' dir='ltr'>corum</span> <span class='ocrx_word' id='word_1_77' title='bbox 721 1503 746 1556; x_wconf 92' lang='lat' dir='ltr'>in</span> <span class='ocrx_word' id='word_1_78' title='bbox 767 1504 910 1558; x_wconf 87' lang='lat' dir='ltr'>mintsterio</span> <span class='ocrx_word' id='word_1_79' title='bbox 930 1501 1082 1572; x_wconf 84' lang='lat' dir='ltr'>quotidiano</span> <span class='ocrx_word' id='word_1_80' title='bbox 1097 1499 1337 1555; x_wconf 73' lang='lat' dir='ltr'>contemnebantur,</span> 
     </span>
     <span class='ocr_line' id='line_1_11' title="bbox 307 1600 1337 1680; baseline -0.01 -18"><span class='ocrx_word' id='word_1_81' title='bbox 307 1609 388 1680; x_wconf 72' lang='lat' dir='ltr'>liujus</span> <span class='ocrx_word' id='word_1_82' title='bbox 410 1610 495 1660; x_wconf 85' lang='lat' dir='ltr'>antem</span> <span class='ocrx_word' id='word_1_83' title='bbox 513 1605 649 1657; x_wconf 85' lang='lat' dir='ltr'>murmuris</span> <span class='ocrx_word' id='word_1_84' title='bbox 673 1617 754 1657; x_wconf 83' lang='lat' dir='ltr'>eausa</span> <span class='ocrx_word' id='word_1_85' title='bbox 773 1602 920 1672; x_wconf 71' lang='lat' dir='ltr'>dupliciter</span> <span class='ocrx_word' id='word_1_86' title='bbox 935 1607 1022 1673; x_wconf 83' lang='lat' dir='ltr'>potest</span> <span class='ocrx_word' id='word_1_87' title='bbox 1041 1600 1169 1673; x_wconf 84' lang='lat' dir='ltr'>intelligi,</span> <span class='ocrx_word' id='word_1_88' title='bbox 1209 1607 1257 1653; x_wconf 87' lang='lat' dir='ltr'>uot</span> <span class='ocrx_word' id='word_1_89' title='bbox 1276 1601 1337 1669; x_wconf 84' lang='lat' dir='ltr'>quia</span> 
     </span>
     <span class='ocr_line' id='line_1_12' title="bbox 305 1701 1336 1772; baseline -0.011 -9"><span class='ocrx_word' id='word_1_90' title='bbox 305 1709 400 1763; x_wconf 82' lang='lat' dir='ltr'>uiduae</span> <span class='ocrx_word' id='word_1_91' title='bbox 418 1719 504 1759; x_wconf 87' lang='lat' dir='ltr'>eorum</span> <span class='ocrx_word' id='word_1_92' title='bbox 524 1706 550 1758; x_wconf 94' lang='lat' dir='ltr'>in</span> <span class='ocrx_word' id='word_1_93' title='bbox 569 1704 712 1758; x_wconf 84' lang='lat' dir='ltr'>ministerio</span> <span class='ocrx_word' id='word_1_94' title='bbox 730 1717 781 1756; x_wconf 91' lang='lat' dir='ltr'>non</span> <span class='ocrx_word' id='word_1_95' title='bbox 798 1701 1016 1768; x_wconf 72' lang='lat' dir='ltr'>admittebantur,</span> <span class='ocrx_word' id='word_1_96' title='bbox 1048 1710 1094 1756; x_wconf 86' lang='lat' dir='ltr'>aut</span> <span class='ocrx_word' id='word_1_97' title='bbox 1112 1703 1174 1772; x_wconf 82' lang='lat' dir='ltr'>quia</span> <span class='ocrx_word' id='word_1_98' title='bbox 1192 1715 1258 1771; x_wconf 85' lang='lat' dir='ltr'>prae</span> <span class='ocrx_word' id='word_1_99' title='bbox 1276 1714 1336 1753; x_wconf 85' lang='lat' dir='ltr'>cae-</span> 
     </span>
     <span class='ocr_line' id='line_1_13' title="bbox 305 1800 1336 1876; baseline -0.011 -12"><span class='ocrx_word' id='word_1_100' title='bbox 305 1812 370 1864; x_wconf 86' lang='lat' dir='ltr'>tsrts</span> <span class='ocrx_word' id='word_1_101' title='bbox 387 1810 412 1860; x_wconf 89' lang='lat' dir='ltr'>in</span> <span class='ocrx_word' id='word_1_102' title='bbox 431 1803 583 1876; x_wconf 83' lang='lat' dir='ltr'>quotidiano</span> <span class='ocrx_word' id='word_1_103' title='bbox 601 1803 744 1856; x_wconf 87' lang='lat' dir='ltr'>ministerio</span> <span class='ocrx_word' id='word_1_104' title='bbox 761 1800 950 1875; x_wconf 75' lang='lat' dir='ltr'>gratabantur.</span> <span class='ocrx_word' id='word_1_105' title='bbox 985 1801 1106 1873; x_wconf 73' lang='lat' dir='ltr'>apostoli</span> <span class='ocrx_word' id='word_1_106' title='bbox 1124 1805 1205 1868; x_wconf 85' lang='lat' dir='ltr'>euim,</span> <span class='ocrx_word' id='word_1_107' title='bbox 1245 1807 1272 1854; x_wconf 88' lang='lat' dir='ltr'>ut</span> <span class='ocrx_word' id='word_1_108' title='bbox 1290 1815 1336 1854; x_wconf 84' lang='lat' dir='ltr'>es·</span> 
     </span>
     <span class='ocr_line' id='line_1_14' title="bbox 306 1901 1336 1980; baseline -0.005 -18"><span class='ocrx_word' id='word_1_109' title='bbox 306 1908 419 1980; x_wconf 76' lang='lat' dir='ltr'>peditius</span> <span class='ocrx_word' id='word_1_110' title='bbox 444 1903 632 1974; x_wconf 84' lang='lat' dir='ltr'>praedicationi</span> <span class='ocrx_word' id='word_1_111' title='bbox 658 1904 823 1966; x_wconf 73' lang='lat' dir='ltr'>insisterent,</span> <span class='ocrx_word' id='word_1_112' title='bbox 860 1901 944 1956; x_wconf 81' lang='lat' dir='ltr'>viduis</span> <span class='ocrx_word' id='word_1_113' title='bbox 969 1905 1182 1957; x_wconf 81' lang='lat' dir='ltr'>ministrationem</span> <span class='ocrx_word' id='word_1_114' title='bbox 1199 1901 1336 1957; x_wconf 84' lang='lat' dir='ltr'>commiss·</span> 
     </span>
     <span class='ocr_line' id='line_1_15' title="bbox 306 2001 1336 2074; baseline -0.008 -12"><span class='ocrx_word' id='word_1_115' title='bbox 306 2012 372 2064; x_wconf 87' lang='lat' dir='ltr'>rant.</span> <span class='ocrx_word' id='word_1_116' title='bbox 424 2003 549 2058; x_wconf 72' lang='lat' dir='ltr'>videntes</span> <span class='ocrx_word' id='word_1_117' title='bbox 571 2006 660 2073; x_wconf 73' lang='lat' dir='ltr'>itaque</span> <span class='ocrx_word' id='word_1_118' title='bbox 679 2002 792 2072; x_wconf 85' lang='lat' dir='ltr'>apostoli</span> <span class='ocrx_word' id='word_1_119' title='bbox 814 2004 1038 2057; x_wconf 87' lang='lat' dir='ltr'>murmurationem</span> <span class='ocrx_word' id='word_1_120' title='bbox 1058 2009 1141 2055; x_wconf 86' lang='lat' dir='ltr'>ortam</span> <span class='ocrx_word' id='word_1_121' title='bbox 1158 2018 1208 2074; x_wconf 92' lang='lat' dir='ltr'>pro</span> <span class='ocrx_word' id='word_1_122' title='bbox 1226 2001 1336 2056; x_wconf 84' lang='lat' dir='ltr'>admini-</span> 
     </span>
     <span class='ocr_line' id='line_1_16' title="bbox 304 2100 1337 2176; baseline -0.008 -15"><span class='ocrx_word' id='word_1_123' title='bbox 304 2108 432 2161; x_wconf 87' lang='lat' dir='ltr'>stratione</span> <span class='ocrx_word' id='word_1_124' title='bbox 449 2101 600 2166; x_wconf 82' lang='lat' dir='ltr'>uiduarum,</span> <span class='ocrx_word' id='word_1_125' title='bbox 631 2101 754 2156; x_wconf 78' lang='lat' dir='ltr'>&#39;volentes</span> <span class='ocrx_word' id='word_1_126' title='bbox 772 2101 822 2156; x_wconf 84' lang='lat' dir='ltr'>lroo</span> <span class='ocrx_word' id='word_1_127' title='bbox 839 2117 951 2156; x_wconf 89' lang='lat' dir='ltr'>murmur</span> <span class='ocrx_word' id='word_1_128' title='bbox 974 2100 1068 2156; x_wconf 88' lang='lat' dir='ltr'>sedare</span> <span class='ocrx_word' id='word_1_129' title='bbox 1086 2107 1252 2176; x_wconf 73' lang='lat' dir='ltr'>congregata</span> <span class='ocrx_word' id='word_1_130' title='bbox 1269 2103 1337 2155; x_wconf 89' lang='lat' dir='ltr'>omni</span> 
     </span>
     <span class='ocr_line' id='line_1_17' title="bbox 305 2200 1336 2274; baseline -0.005 -13"><span class='ocrx_word' id='word_1_131' title='bbox 305 2203 467 2261; x_wconf 86' lang='lat' dir='ltr'>multitudine</span> <span class='ocrx_word' id='word_1_132' title='bbox 485 2201 621 2258; x_wconf 83' lang='lat' dir='ltr'>dixerunt:</span> <span class='ocrx_word' id='word_1_133' title='bbox 641 2217 690 2254; x_wconf 89' lang='lat' dir='ltr'>non</span> <span class='ocrx_word' id='word_1_134' title='bbox 710 2209 751 2256; x_wconf 87' lang='lat' dir='ltr'>est</span> <span class='ocrx_word' id='word_1_135' title='bbox 768 2216 877 2273; x_wconf 81' lang='lat' dir='ltr'>aequum</span> <span class='ocrx_word' id='word_1_136' title='bbox 897 2217 944 2256; x_wconf 90' lang='lat' dir='ltr'>uos</span> <span class='ocrx_word' id='word_1_137' title='bbox 963 2200 1145 2274; x_wconf 82' lang='lat' dir='ltr'>derelinquere</span> <span class='ocrx_word' id='word_1_138' title='bbox 1163 2201 1270 2257; x_wconf 81' lang='lat' dir='ltr'>verbum</span> <span class='ocrx_word' id='word_1_139' title='bbox 1288 2201 1336 2257; x_wconf 84' lang='lat' dir='ltr'>Dei</span> 
     </span>
     <span class='ocr_line' id='line_1_18' title="bbox 305 2299 1337 2365; baseline -0.006 -4"><span class='ocrx_word' id='word_1_140' title='bbox 305 2313 332 2362; x_wconf 88' lang='lat' dir='ltr'>et</span> <span class='ocrx_word' id='word_1_141' title='bbox 349 2307 495 2360; x_wconf 83' lang='lat' dir='ltr'>ministrare</span> <span class='ocrx_word' id='word_1_142' title='bbox 519 2303 624 2356; x_wconf 85' lang='lat' dir='ltr'>mensis.</span> <span class='ocrx_word' id='word_1_143' title='bbox 669 2299 772 2356; x_wconf 85' lang='lat' dir='ltr'>Glossa.</span> <span class='ocrx_word' id='word_1_144' title='bbox 817 2303 883 2365; x_wconf 82' lang='lat' dir='ltr'>Quis</span> <span class='ocrx_word' id='word_1_145' title='bbox 908 2302 1016 2357; x_wconf 88' lang='lat' dir='ltr'>meliora</span> <span class='ocrx_word' id='word_1_146' title='bbox 1041 2309 1100 2357; x_wconf 88' lang='lat' dir='ltr'>sunt</span> <span class='ocrx_word' id='word_1_147' title='bbox 1125 2301 1225 2358; x_wconf 86' lang='lat' dir='ltr'>lercola</span> <span class='ocrx_word' id='word_1_148' title='bbox 1243 2305 1337 2358; x_wconf 89' lang='lat' dir='ltr'>mentis</span> 
     </span>
     <span class='ocr_line' id='line_1_19' title="bbox 306 2401 1337 2478; baseline -0.005 -17"><span class='ocrx_word' id='word_1_149' title='bbox 306 2421 382 2478; x_wconf 85' lang='lat' dir='ltr'>quam</span> <span class='ocrx_word' id='word_1_150' title='bbox 398 2405 481 2474; x_wconf 86' lang='lat' dir='ltr'>dapes</span> <span class='ocrx_word' id='word_1_151' title='bbox 500 2403 627 2471; x_wconf 84' lang='lat' dir='ltr'>corporis.</span> <span class='ocrx_word' id='word_1_152' title='bbox 647 2401 819 2456; x_wconf 80' lang='lat' dir='ltr'>Considerate</span> <span class='ocrx_word' id='word_1_153' title='bbox 835 2418 910 2474; x_wconf 77' lang='lat' dir='ltr'>ergo,</span> <span class='ocrx_word' id='word_1_154' title='bbox 930 2401 1034 2469; x_wconf 80' lang='lat' dir='ltr'>iratres,</span> <span class='ocrx_word' id='word_1_155' title='bbox 1054 2419 1085 2458; x_wconf 81' lang='lat' dir='ltr'>ex</span> <span class='ocrx_word' id='word_1_156' title='bbox 1103 2402 1178 2457; x_wconf 82' lang='lat' dir='ltr'>noble</span> <span class='ocrx_word' id='word_1_157' title='bbox 1191 2405 1264 2457; x_wconf 85' lang='lat' dir='ltr'>viros</span> <span class='ocrx_word' id='word_1_158' title='bbox 1275 2401 1337 2456; x_wconf 83' lang='lat' dir='ltr'>honi</span> 
     </span>
     <span class='ocr_line' id='line_1_20' title="bbox 305 2501 1336 2574; baseline -0.003 -16"><span class='ocrx_word' id='word_1_159' title='bbox 305 2505 446 2560; x_wconf 85' lang='lat' dir='ltr'>testimonii</span> <span class='ocrx_word' id='word_1_160' title='bbox 463 2501 509 2557; x_wconf 87' lang='lat' dir='ltr'>vti</span> <span class='ocrx_word' id='word_1_161' title='bbox 528 2501 623 2571; x_wconf 85' lang='lat' dir='ltr'>plenos</span> <span class='ocrx_word' id='word_1_162' title='bbox 640 2504 732 2572; x_wconf 91' lang='lat' dir='ltr'>spiritu</span> <span class='ocrx_word' id='word_1_163' title='bbox 753 2508 843 2556; x_wconf 86' lang='lat' dir='ltr'>sancto</span> <span class='ocrx_word' id='word_1_164' title='bbox 862 2506 888 2557; x_wconf 89' lang='lat' dir='ltr'>et</span> <span class='ocrx_word' id='word_1_165' title='bbox 905 2504 1046 2572; x_wconf 81' lang='lat' dir='ltr'>sapientia,</span> <span class='ocrx_word' id='word_1_166' title='bbox 1066 2521 1131 2574; x_wconf 77' lang='lat' dir='ltr'>epuns</span> <span class='ocrx_word' id='word_1_167' title='bbox 1149 2506 1336 2557; x_wconf 83' lang='lat' dir='ltr'>constituamus</span> 
     </span>
     <span class='ocr_line' id='line_1_21' title="bbox 305 2600 1336 2676; baseline -0.001 -17"><span class='ocrx_word' id='word_1_168' title='bbox 305 2619 385 2676; x_wconf 85' lang='lat' dir='ltr'>super</span> <span class='ocrx_word' id='word_1_169' title='bbox 404 2602 452 2657; x_wconf 85' lang='lat' dir='ltr'>lruc</span> <span class='ocrx_word' id='word_1_170' title='bbox 469 2617 557 2673; x_wconf 85' lang='lat' dir='ltr'>opere.</span> <span class='ocrx_word' id='word_1_171' title='bbox 593 2601 702 2657; x_wconf 84' lang='lat' dir='ltr'>Glossa:</span> <span class='ocrx_word' id='word_1_172' title='bbox 719 2611 748 2656; x_wconf 90' lang='lat' dir='ltr'>ut</span> <span class='ocrx_word' id='word_1_173' title='bbox 764 2604 909 2657; x_wconf 82' lang='lat' dir='ltr'>ministrent</span> <span class='ocrx_word' id='word_1_174' title='bbox 929 2600 969 2656; x_wconf 80' lang='lat' dir='ltr'>ecl</span> <span class='ocrx_word' id='word_1_175' title='bbox 987 2603 1191 2658; x_wconf 70' lang='lat' dir='ltr'>ministrantibus</span> <span class='ocrx_word' id='word_1_176' title='bbox 1209 2606 1336 2674; x_wconf 76' lang='lat' dir='ltr'>praesint.</span> 
     </span>
     <span class='ocr_line' id='line_1_22' title="bbox 307 2702 1338 2775; baseline -0.002 -17"><span class='ocrx_word' id='word_1_177' title='bbox 307 2704 361 2758; x_wconf 89' lang='lat' dir='ltr'>Nos</span> <span class='ocrx_word' id='word_1_178' title='bbox 386 2717 447 2758; x_wconf 86' lang='lat' dir='ltr'>turo</span> <span class='ocrx_word' id='word_1_179' title='bbox 473 2703 585 2755; x_wconf 85' lang='lat' dir='ltr'>orationi</span> <span class='ocrx_word' id='word_1_180' title='bbox 610 2707 635 2756; x_wconf 88' lang='lat' dir='ltr'>ot</span> <span class='ocrx_word' id='word_1_181' title='bbox 662 2702 851 2773; x_wconf 84' lang='lat' dir='ltr'>praedicationi</span> <span class='ocrx_word' id='word_1_182' title='bbox 876 2705 1004 2757; x_wconf 87' lang='lat' dir='ltr'>instantes</span> <span class='ocrx_word' id='word_1_183' title='bbox 1031 2706 1135 2758; x_wconf 88' lang='lat' dir='ltr'>erimus.</span> <span class='ocrx_word' id='word_1_184' title='bbox 1187 2703 1222 2758; x_wconf 81' lang='lat' dir='ltr'>Et</span> <span class='ocrx_word' id='word_1_185' title='bbox 1238 2703 1338 2775; x_wconf 85' lang='lat' dir='ltr'>placuit</span> 
     </span>
     <span class='ocr_line' id='line_1_23' title="bbox 305 2802 1336 2876; baseline -0.001 -17"><span class='ocrx_word' id='word_1_186' title='bbox 305 2819 389 2859; x_wconf 83' lang='lat' dir='ltr'>sermo</span> <span class='ocrx_word' id='word_1_187' title='bbox 407 2806 476 2857; x_wconf 87' lang='lat' dir='ltr'>omni</span> <span class='ocrx_word' id='word_1_188' title='bbox 493 2802 591 2874; x_wconf 92' lang='lat' dir='ltr'>populo</span> <span class='ocrx_word' id='word_1_189' title='bbox 610 2807 636 2857; x_wconf 86' lang='lat' dir='ltr'>ot</span> <span class='ocrx_word' id='word_1_190' title='bbox 653 2802 809 2857; x_wconf 88' lang='lat' dir='ltr'>multitudini</span> <span class='ocrx_word' id='word_1_191' title='bbox 827 2809 853 2858; x_wconf 89' lang='lat' dir='ltr'>ct</span> <span class='ocrx_word' id='word_1_192' title='bbox 871 2803 1008 2876; x_wconf 80' lang='lat' dir='ltr'>elegerunt</span> <span class='ocrx_word' id='word_1_193' title='bbox 1025 2811 1133 2875; x_wconf 86' lang='lat' dir='ltr'>septen,</span> <span class='ocrx_word' id='word_1_194' title='bbox 1153 2803 1336 2876; x_wconf 83' lang='lat' dir='ltr'>quorumbea-</span> 
     </span>
     <span class='ocr_line' id='line_1_24' title="bbox 306 2901 1335 2973; baseline 0.001 -17"><span class='ocrx_word' id='word_1_195' title='bbox 306 2910 347 2958; x_wconf 90' lang='lat' dir='ltr'>tus</span> <span class='ocrx_word' id='word_1_196' title='bbox 365 2901 514 2972; x_wconf 81' lang='lat' dir='ltr'>Stephanus</span> <span class='ocrx_word' id='word_1_197' title='bbox 533 2905 631 2973; x_wconf 88' lang='lat' dir='ltr'>primos</span> <span class='ocrx_word' id='word_1_198' title='bbox 649 2910 676 2957; x_wconf 88' lang='lat' dir='ltr'>et</span> <span class='ocrx_word' id='word_1_199' title='bbox 693 2905 855 2973; x_wconf 79' lang='lat' dir='ltr'>primicerius</span> <span class='ocrx_word' id='word_1_200' title='bbox 874 2903 973 2957; x_wconf 76' lang='lat' dir='ltr'>onsetut</span> <span class='ocrx_word' id='word_1_201' title='bbox 997 2910 1024 2958; x_wconf 90' lang='lat' dir='ltr'>ot</span> <span class='ocrx_word' id='word_1_202' title='bbox 1049 2903 1215 2960; x_wconf 80' lang='lat' dir='ltr'>adduxerunt</span> <span class='ocrx_word' id='word_1_203' title='bbox 1237 2919 1284 2960; x_wconf 83' lang='lat' dir='ltr'>eos</span> <span class='ocrx_word' id='word_1_204' title='bbox 1302 2901 1335 2957; x_wconf 86' lang='lat' dir='ltr'>ad</span> 
     </span>
     <span class='ocr_line' id='line_1_25' title="bbox 305 2999 1335 3076; baseline 0.004 -20"><span class='ocrx_word' id='word_1_205' title='bbox 305 3003 442 3074; x_wconf 84' lang='lat' dir='ltr'>apostolos</span> <span class='ocrx_word' id='word_1_206' title='bbox 460 3009 487 3057; x_wconf 82' lang='lat' dir='ltr'>et</span> <span class='ocrx_word' id='word_1_207' title='bbox 507 3005 683 3072; x_wconf 86' lang='lat' dir='ltr'>imposuerunt</span> <span class='ocrx_word' id='word_1_208' title='bbox 700 3018 779 3072; x_wconf 86' lang='lat' dir='ltr'>super</span> <span class='ocrx_word' id='word_1_209' title='bbox 797 3017 843 3058; x_wconf 88' lang='lat' dir='ltr'>eos</span> <span class='ocrx_word' id='word_1_210' title='bbox 861 3003 961 3057; x_wconf 81' lang='lat' dir='ltr'>manus.</span> <span class='ocrx_word' id='word_1_211' title='bbox 1004 2999 1153 3074; x_wconf 84' lang='lat' dir='ltr'>Stephanus</span> <span class='ocrx_word' id='word_1_212' title='bbox 1171 3010 1258 3060; x_wconf 84' lang='lat' dir='ltr'>nutem</span> <span class='ocrx_word' id='word_1_213' title='bbox 1278 3004 1335 3076; x_wconf 90' lang='lat' dir='ltr'>pls·</span> 
     </span>
     <span class='ocr_line' id='line_1_26' title="bbox 306 3100 1335 3176; baseline 0.002 -18"><span class='ocrx_word' id='word_1_214' title='bbox 306 3119 353 3158; x_wconf 88' lang='lat' dir='ltr'>nus</span> <span class='ocrx_word' id='word_1_215' title='bbox 372 3105 461 3174; x_wconf 82' lang='lat' dir='ltr'>gratio</span> <span class='ocrx_word' id='word_1_216' title='bbox 478 3108 505 3157; x_wconf 89' lang='lat' dir='ltr'>et</span> <span class='ocrx_word' id='word_1_217' title='bbox 524 3101 676 3156; x_wconf 84' lang='lat' dir='ltr'>tortitudine</span> <span class='ocrx_word' id='word_1_218' title='bbox 694 3100 809 3176; x_wconf 80' lang='lat' dir='ltr'>iaciebat</span> <span class='ocrx_word' id='word_1_219' title='bbox 826 3103 949 3176; x_wconf 79' lang='lat' dir='ltr'>prodigia</span> <span class='ocrx_word' id='word_1_220' title='bbox 967 3109 993 3158; x_wconf 88' lang='lat' dir='ltr'>ct</span> <span class='ocrx_word' id='word_1_221' title='bbox 1010 3106 1088 3175; x_wconf 84' lang='lat' dir='ltr'>signo</span> <span class='ocrx_word' id='word_1_222' title='bbox 1104 3106 1130 3158; x_wconf 90' lang='lat' dir='ltr'>in</span> <span class='ocrx_word' id='word_1_223' title='bbox 1148 3105 1256 3176; x_wconf 87' lang='lat' dir='ltr'>populo.</span> <span class='ocrx_word' id='word_1_224' title='bbox 1293 3105 1335 3161; x_wconf 87' lang='lat' dir='ltr'>ln-</span> 
     </span>
     <span class='ocr_line' id='line_1_27' title="bbox 306 3201 1334 3274; baseline 0.004 -19"><span class='ocrx_word' id='word_1_225' title='bbox 306 3203 422 3258; x_wconf 82' lang='lat' dir='ltr'>sidentcs</span> <span class='ocrx_word' id='word_1_226' title='bbox 440 3204 521 3273; x_wconf 81' lang='lat' dir='ltr'>igitur</span> <span class='ocrx_word' id='word_1_227' title='bbox 543 3201 638 3258; x_wconf 83' lang='lat' dir='ltr'>ludaei</span> <span class='ocrx_word' id='word_1_228' title='bbox 655 3207 681 3257; x_wconf 91' lang='lat' dir='ltr'>ct</span> <span class='ocrx_word' id='word_1_229' title='bbox 700 3217 757 3258; x_wconf 90' lang='lat' dir='ltr'>sum</span> <span class='ocrx_word' id='word_1_230' title='bbox 773 3216 901 3273; x_wconf 80' lang='lat' dir='ltr'>superare</span> <span class='ocrx_word' id='word_1_231' title='bbox 919 3210 946 3258; x_wconf 88' lang='lat' dir='ltr'>ct</span> <span class='ocrx_word' id='word_1_232' title='bbox 963 3206 1117 3260; x_wconf 80' lang='lat' dir='ltr'>corrcinccrc</span> <span class='ocrx_word' id='word_1_233' title='bbox 1134 3205 1269 3274; x_wconf 88' lang='lat' dir='ltr'>cupientes</span> <span class='ocrx_word' id='word_1_234' title='bbox 1286 3208 1334 3259; x_wconf 91' lang='lat' dir='ltr'>tri-</span> 
     </span>
     <span class='ocr_line' id='line_1_28' title="bbox 302 3300 1333 3379; baseline 0.004 -23"><span class='ocrx_word' id='word_1_235' title='bbox 302 3301 365 3373; x_wconf 80' lang='lat' dir='ltr'>plici</span> <span class='ocrx_word' id='word_1_236' title='bbox 384 3300 460 3356; x_wconf 90' lang='lat' dir='ltr'>modo</span> <span class='ocrx_word' id='word_1_237' title='bbox 479 3317 536 3356; x_wconf 88' lang='lat' dir='ltr'>enm</span> <span class='ocrx_word' id='word_1_238' title='bbox 554 3303 658 3359; x_wconf 76' lang='lat' dir='ltr'>ninom</span> <span class='ocrx_word' id='word_1_239' title='bbox 674 3304 796 3375; x_wconf 73' lang='lat' dir='ltr'>aggressi</span> <span class='ocrx_word' id='word_1_240' title='bbox 816 3309 885 3371; x_wconf 72' lang='lat' dir='ltr'>sunt</span> <span class='ocrx_word' id='word_1_241' title='bbox 905 3304 1005 3360; x_wconf 85' lang='lat' dir='ltr'>scilicet</span> <span class='ocrx_word' id='word_1_242' title='bbox 1023 3303 1210 3379; x_wconf 84' lang='lat' dir='ltr'>disputatione,</span> <span class='ocrx_word' id='word_1_243' title='bbox 1229 3307 1333 3361; x_wconf 71' lang='lat' dir='ltr'>testiu-</span> 
     </span>
     <span class='ocr_line' id='line_1_29' title="bbox 302 3401 1379 3476; baseline 0.004 -20"><span class='ocrx_word' id='word_1_244' title='bbox 302 3402 472 3473; x_wconf 89' lang='lat' dir='ltr'>productionc</span> <span class='ocrx_word' id='word_1_245' title='bbox 490 3409 517 3455; x_wconf 90' lang='lat' dir='ltr'>ct</span> <span class='ocrx_word' id='word_1_246' title='bbox 532 3407 717 3456; x_wconf 89' lang='lat' dir='ltr'>tormentorum</span> <span class='ocrx_word' id='word_1_247' title='bbox 737 3401 862 3459; x_wconf 80' lang='lat' dir='ltr'>illatione.</span> <span class='ocrx_word' id='word_1_248' title='bbox 914 3401 966 3459; x_wconf 85' lang='lat' dir='ltr'>Sed</span> <span class='ocrx_word' id='word_1_249' title='bbox 990 3411 1076 3461; x_wconf 88' lang='lat' dir='ltr'>tamen</span> <span class='ocrx_word' id='word_1_250' title='bbox 1094 3407 1151 3476; x_wconf 86' lang='lat' dir='ltr'>ipse</span> <span class='ocrx_word' id='word_1_251' title='bbox 1169 3403 1334 3476; x_wconf 82' lang='lat' dir='ltr'>disputantes</span> <span class='ocrx_word' id='word_1_252' title='bbox 1377 3405 1379 3408; x_wconf 77' lang='grc'>’</span> 
     </span>
     <span class='ocr_line' id='line_1_30' title="bbox 304 3501 1333 3578; baseline 0.006 -24"><span class='ocrx_word' id='word_1_253' title='bbox 304 3505 455 3570; x_wconf 82' lang='lat' dir='ltr'>superavit,</span> <span class='ocrx_word' id='word_1_254' title='bbox 488 3508 572 3556; x_wconf 84' lang='lat' dir='ltr'>testes</span> <span class='ocrx_word' id='word_1_255' title='bbox 591 3501 674 3555; x_wconf 83' lang='lat' dir='ltr'>talsos</span> <span class='ocrx_word' id='word_1_256' title='bbox 700 3503 812 3556; x_wconf 74' lang='lat' dir='ltr'>convicit</span> <span class='ocrx_word' id='word_1_257' title='bbox 837 3509 862 3558; x_wconf 92' lang='lat' dir='ltr'>et</span> <span class='ocrx_word' id='word_1_258' title='bbox 890 3503 923 3559; x_wconf 88' lang='lat' dir='ltr'>de</span> <span class='ocrx_word' id='word_1_259' title='bbox 944 3507 999 3559; x_wconf 90' lang='lat' dir='ltr'>suis</span> <span class='ocrx_word' id='word_1_260' title='bbox 1021 3504 1165 3560; x_wconf 80' lang='lat' dir='ltr'>tortoribus</span> <span class='ocrx_word' id='word_1_261' title='bbox 1188 3505 1333 3578; x_wconf 80' lang='lat' dir='ltr'>triumpha-</span> 
     </span>
    </p>

    <p class='ocr_par' dir='ltr' id='par_1_5' title="bbox 286 3597 1333 4376">
     <span class='ocr_line' id='line_1_31' title="bbox 286 3597 1333 3673; baseline 0.007 -19"><span class='ocrx_word' id='word_1_262' title='bbox 286 3603 350 3656; x_wconf 88' lang='grc' dir='ltr'>Ιιιι.</span> <span class='ocrx_word' id='word_1_263' title='bbox 385 3597 457 3657; x_wconf 72' lang='lat' dir='ltr'>iiten</span> <span class='ocrx_word' id='word_1_264' title='bbox 476 3599 593 3673; x_wconf 80' lang='lat' dir='ltr'>qualibet</span> <span class='ocrx_word' id='word_1_265' title='bbox 609 3615 699 3672; x_wconf 79' lang='lat' dir='ltr'>pugna</span> <span class='ocrx_word' id='word_1_266' title='bbox 716 3601 872 3672; x_wconf 82' lang='lat' dir='ltr'>adjutorium</span> <span class='ocrx_word' id='word_1_267' title='bbox 890 3602 940 3658; x_wconf 81' lang='lat' dir='ltr'>sibi</span> <span class='ocrx_word' id='word_1_268' title='bbox 958 3602 991 3658; x_wconf 86' lang='lat' dir='ltr'>dc</span> <span class='ocrx_word' id='word_1_269' title='bbox 1008 3605 1082 3660; x_wconf 90' lang='lat' dir='ltr'>coelo</span> <span class='ocrx_word' id='word_1_270' title='bbox 1101 3605 1188 3668; x_wconf 85' lang='lat' dir='ltr'>datum</span> <span class='ocrx_word' id='word_1_271' title='bbox 1206 3616 1256 3662; x_wconf 87' lang='lat' dir='ltr'>est.</span> <span class='ocrx_word' id='word_1_272' title='bbox 1305 3605 1333 3660; x_wconf 93' lang='lat' dir='ltr'>ln</span> 
     </span>
     <span class='ocr_line' id='line_1_32' title="bbox 304 3685 1333 3776; baseline 0.008 -22"><span class='ocrx_word' id='word_1_273' title='bbox 304 3685 387 3771; x_wconf 82' lang='lat' dir='ltr'>prima</span> <span class='ocrx_word' id='word_1_274' title='bbox 404 3703 470 3755; x_wconf 88' lang='lat' dir='ltr'>enim</span> <span class='ocrx_word' id='word_1_275' title='bbox 488 3703 513 3756; x_wconf 88' lang='lat' dir='ltr'>et</span> <span class='ocrx_word' id='word_1_276' title='bbox 532 3700 609 3755; x_wconf 81' lang='lat' dir='ltr'>datus</span> <span class='ocrx_word' id='word_1_277' title='bbox 628 3707 668 3756; x_wconf 85' lang='lat' dir='ltr'>est</span> <span class='ocrx_word' id='word_1_278' title='bbox 686 3703 792 3772; x_wconf 88' lang='lat' dir='ltr'>spiritus</span> <span class='ocrx_word' id='word_1_279' title='bbox 809 3709 931 3771; x_wconf 86' lang='lat' dir='ltr'>sanctus,</span> <span class='ocrx_word' id='word_1_280' title='bbox 967 3707 1011 3775; x_wconf 85' lang='lat' dir='ltr'>qui</span> <span class='ocrx_word' id='word_1_281' title='bbox 1028 3708 1183 3776; x_wconf 85' lang='lat' dir='ltr'>sapientiam</span> <span class='ocrx_word' id='word_1_282' title='bbox 1200 3708 1333 3762; x_wconf 86' lang='lat' dir='ltr'>ministra·</span> 
     </span>
     <span class='ocr_line' id='line_1_33' title="bbox 304 3799 1333 3874; baseline 0.006 -18"><span class='ocrx_word' id='word_1_283' title='bbox 304 3807 351 3856; x_wconf 70' lang='grc' dir='ltr'><strong>ιιι.</strong></span> <span class='ocrx_word' id='word_1_284' title='bbox 387 3799 415 3855; x_wconf 94' lang='lat' dir='ltr'>ln</span> <span class='ocrx_word' id='word_1_285' title='bbox 432 3801 546 3855; x_wconf 85' lang='lat' dir='ltr'>secunda</span> <span class='ocrx_word' id='word_1_286' title='bbox 565 3799 651 3854; x_wconf 82' lang='lat' dir='ltr'>vultos</span> <span class='ocrx_word' id='word_1_287' title='bbox 668 3801 819 3873; x_wconf 74' lang='lat' dir='ltr'>angelicus,</span> <span class='ocrx_word' id='word_1_288' title='bbox 840 3805 885 3874; x_wconf 83' lang='lat' dir='ltr'>qni</span> <span class='ocrx_word' id='word_1_289' title='bbox 904 3803 986 3858; x_wconf 86' lang='lat' dir='ltr'>ialsos</span> <span class='ocrx_word' id='word_1_290' title='bbox 1003 3811 1085 3860; x_wconf 86' lang='lat' dir='ltr'>testes</span> <span class='ocrx_word' id='word_1_291' title='bbox 1100 3812 1220 3861; x_wconf 89' lang='lat' dir='ltr'>terreret.</span> <span class='ocrx_word' id='word_1_292' title='bbox 1255 3803 1289 3861; x_wconf 85' lang='lat' dir='ltr'>Et</span> <span class='ocrx_word' id='word_1_293' title='bbox 1307 3809 1333 3862; x_wconf 92' lang='lat' dir='ltr'>ln</span> 
     </span>
     <span class='ocr_line' id='line_1_34' title="bbox 302 3899 1332 3975; baseline 0.006 -21"><span class='ocrx_word' id='word_1_294' title='bbox 302 3902 379 3955; x_wconf 85' lang='lat' dir='ltr'>tertis</span> <span class='ocrx_word' id='word_1_295' title='bbox 400 3903 470 3955; x_wconf 82' lang='lat' dir='ltr'>uisus</span> <span class='ocrx_word' id='word_1_296' title='bbox 488 3899 656 3956; x_wconf 77' lang='lat' dir='ltr'>estillristus</span> <span class='ocrx_word' id='word_1_297' title='bbox 674 3900 800 3972; x_wconf 86' lang='lat' dir='ltr'>adjurare</span> <span class='ocrx_word' id='word_1_298' title='bbox 820 3909 938 3972; x_wconf 86' lang='lat' dir='ltr'>puratos,</span> <span class='ocrx_word' id='word_1_299' title='bbox 956 3906 1000 3975; x_wconf 84' lang='lat' dir='ltr'>qni</span> <span class='ocrx_word' id='word_1_300' title='bbox 1020 3905 1149 3962; x_wconf 77' lang='lat' dir='ltr'>mertmem</span> <span class='ocrx_word' id='word_1_301' title='bbox 1163 3905 1332 3961; x_wconf 79' lang='lat' dir='ltr'>confortaret</span> 
     </span>
     <span class='ocr_line' id='line_1_35' title="bbox 303 3999 1333 4078; baseline 0.006 -24"><span class='ocrx_word' id='word_1_302' title='bbox 303 3999 331 4055; x_wconf 91' lang='lat' dir='ltr'>ln</span> <span class='ocrx_word' id='word_1_303' title='bbox 360 3999 477 4073; x_wconf 82' lang='lat' dir='ltr'>qualibet</span> <span class='ocrx_word' id='word_1_304' title='bbox 498 4003 580 4073; x_wconf 80' lang='lat' dir='ltr'>igitur</span> <span class='ocrx_word' id='word_1_305' title='bbox 601 4014 692 4072; x_wconf 82' lang='lat' dir='ltr'>pugna</span> <span class='ocrx_word' id='word_1_306' title='bbox 715 4003 789 4070; x_wconf 91' lang='lat' dir='ltr'>ponit</span> <span class='ocrx_word' id='word_1_307' title='bbox 814 4001 923 4058; x_wconf 86' lang='lat' dir='ltr'>listorta</span> <span class='ocrx_word' id='word_1_308' title='bbox 947 4007 1013 4073; x_wconf 83' lang='lat' dir='ltr'>tria,</span> <span class='ocrx_word' id='word_1_309' title='bbox 1055 4005 1154 4060; x_wconf 85' lang='lat' dir='ltr'>seilicet</span> <span class='ocrx_word' id='word_1_310' title='bbox 1176 4019 1333 4078; x_wconf 82' lang='lat' dir='ltr'>aggressum</span> 
     </span>
     <span class='ocr_line' id='line_1_36' title="bbox 305 4098 1332 4182; baseline 0.006 -29"><span class='ocrx_word' id='word_1_311' title='bbox 305 4100 445 4170; x_wconf 85' lang='lat' dir='ltr'>proelium,</span> <span class='ocrx_word' id='word_1_312' title='bbox 479 4100 599 4182; x_wconf 81' lang='lat' dir='ltr'>collatum</span> <span class='ocrx_word' id='word_1_313' title='bbox 620 4098 776 4171; x_wconf 82' lang='lat' dir='ltr'>adjutorium</span> <span class='ocrx_word' id='word_1_314' title='bbox 796 4107 822 4156; x_wconf 90' lang='lat' dir='ltr'>et</span> <span class='ocrx_word' id='word_1_315' title='bbox 840 4101 961 4173; x_wconf 85' lang='lat' dir='ltr'>adeptum</span> <span class='ocrx_word' id='word_1_316' title='bbox 979 4102 1141 4175; x_wconf 80' lang='lat' dir='ltr'>triumphem.</span> <span class='ocrx_word' id='word_1_317' title='bbox 1193 4103 1332 4159; x_wconf 86' lang='lat' dir='ltr'>ilistorisrs</span> 
     </span>
     <span class='ocr_line' id='line_1_37' title="bbox 304 4197 1333 4276; baseline 0.008 -25"><span class='ocrx_word' id='word_1_318' title='bbox 304 4201 385 4270; x_wconf 81' lang='lat' dir='ltr'>igitur</span> <span class='ocrx_word' id='word_1_319' title='bbox 410 4199 524 4254; x_wconf 81' lang='lat' dir='ltr'>breuiter</span> <span class='ocrx_word' id='word_1_320' title='bbox 546 4206 727 4270; x_wconf 86' lang='lat' dir='ltr'>percurrentes</span> <span class='ocrx_word' id='word_1_321' title='bbox 751 4197 816 4256; x_wconf 82' lang='lat' dir='ltr'>laec</span> <span class='ocrx_word' id='word_1_322' title='bbox 842 4205 929 4256; x_wconf 86' lang='lat' dir='ltr'>omnis</span> <span class='ocrx_word' id='word_1_323' title='bbox 954 4203 1044 4259; x_wconf 85' lang='lat' dir='ltr'>sidere</span> <span class='ocrx_word' id='word_1_324' title='bbox 1070 4205 1222 4276; x_wconf 88' lang='lat' dir='ltr'>poterimus.</span> <span class='ocrx_word' id='word_1_325' title='bbox 1246 4233 1280 4245; x_wconf 90' lang='lat'>—-</span> <span class='ocrx_word' id='word_1_326' title='bbox 1300 4233 1333 4244; x_wconf 88' lang='lat'><em>-</em></span> 
     </span>
     <span class='ocr_line' id='line_1_38' title="bbox 304 4289 1333 4376; baseline 0.002 -20"><span class='ocrx_word' id='word_1_327' title='bbox 304 4303 335 4356; x_wconf 73' lang='lat'>2.</span> <span class='ocrx_word' id='word_1_328' title='bbox 357 4299 418 4353; x_wconf 82' lang='lat' dir='ltr'>Cum</span> <span class='ocrx_word' id='word_1_329' title='bbox 433 4289 520 4370; x_wconf 73' lang='lat' dir='ltr'>¹igitur</span> <span class='ocrx_word' id='word_1_330' title='bbox 540 4297 633 4354; x_wconf 81' lang='lat' dir='ltr'>beatus</span> <span class='ocrx_word' id='word_1_331' title='bbox 652 4297 800 4370; x_wconf 79' lang='lat' dir='ltr'>Stephanus</span> <span class='ocrx_word' id='word_1_332' title='bbox 819 4303 899 4358; x_wconf 87' lang='lat' dir='ltr'>multa</span> <span class='ocrx_word' id='word_1_333' title='bbox 915 4306 993 4376; x_wconf 76' lang='lat' dir='ltr'>signs</span> <span class='ocrx_word' id='word_1_334' title='bbox 1012 4303 1109 4359; x_wconf 85' lang='lat' dir='ltr'>iaceret</span> <span class='ocrx_word' id='word_1_335' title='bbox 1127 4310 1154 4360; x_wconf 90' lang='lat' dir='ltr'>st</span> <span class='ocrx_word' id='word_1_336' title='bbox 1171 4302 1333 4375; x_wconf 84' lang='lat' dir='ltr'>trequentios</span> 
     </span>
    </p>
   </div>
   <div class='ocr_carea' id='block_1_5' title="bbox 304 4433 714 4450">
    <p class='ocr_par' dir='ltr' id='par_1_6' title="bbox 304 4433 714 4450">
     <span class='ocr_line' id='line_1_39' title="bbox 304 4433 714 4450; baseline 0 -1"><span class='ocrx_word' id='word_1_337' title='bbox 304 4433 714 4450; x_wconf 47' lang='lat' dir='ltr'>“m-</span> 
     </span>
    </p>
   </div>
   <div class='ocr_carea' id='block_1_6' title="bbox 349 4519 802 4580">
    <p class='ocr_par' dir='ltr' id='par_1_7' title="bbox 349 4519 802 4580">
     <span class='ocr_line' id='line_1_40' title="bbox 349 4519 802 4580; baseline 0.009 -19"><span class='ocrx_word' id='word_1_338' title='bbox 349 4525 372 4580; x_wconf 86' lang='grc'>1)</span> <span class='ocrx_word' id='word_1_339' title='bbox 385 4519 424 4564; x_wconf 72' lang='lat' dir='ltr'>Ed.</span> <span class='ocrx_word' id='word_1_340' title='bbox 439 4523 489 4563; x_wconf 84' lang='lat' dir='ltr'>ltec.</span> <span class='ocrx_word' id='word_1_341' title='bbox 506 4519 633 4574; x_wconf 84' lang='lat' dir='ltr'>preelerumt</span> <span class='ocrx_word' id='word_1_342' title='bbox 648 4521 710 4565; x_wconf 82' lang='lat' dir='ltr'>lens</span> <span class='ocrx_word' id='word_1_343' title='bbox 724 4535 802 4566; x_wconf 80' lang='lat' dir='ltr'>snus.</span> 
     </span>
    </p>
   </div>
   <div class='ocr_carea' id='block_1_7' title="bbox 0 0 1404 5302">
    <p class='ocr_par' dir='ltr' id='par_1_8' title="bbox 0 0 1404 5302">
     <span class='ocr_line' id='line_1_41' title="bbox 0 0 1404 5302; baseline 0 0"><span class='ocrx_word' id='word_1_344' title='bbox 0 0 1404 5302; x_wconf 95' lang='lat' dir='ltr'> </span> 
     </span>
    </p>
   </div>
  </div>
 </body>
</html>
