2828 5302
329 467 402 548 Cep.
424 465 528 528 xxix.
568 465 613 524 De
635 471 732 526 sancto
754 463 852 527 Paule.
1063 461 1122 526 1³9

82 647 137 704 que
155 633 263 688 restimu
281 631 383 685 enimse
402 643 462 685 esse
482 623 667 684 immunditiem
684 631 727 692 et,
747 623 816 696 qood
834 625 904 680 inter
921 621 1021 678 soeculi
1039 621 1120 678 lioni-

83 747 133 788 ιω
152 729 194 788 rel
212 731 271 786 lere
289 725 396 803 putetur
413 728 456 784 rol
471 724 551 806 nilril,
564 724 614 780 lroc
631 725 658 780 in
676 725 842 785 monasteriis
859 724 1042 796 grurissirnum
1061 739 1120 784 esse

84 831 209 888 delictum
226 829 346 890 dicebat.
378 844 487 901 cumque
504 825 565 882 eliis
586 823 769 898 languentibus
787 821 864 896 lorge
881 817 1020 895 praeberet
1038 826 1124 880 omnis

85 937 115 988 et
132 947 204 986 muru
227 928 364 987 exhiberet
387 929 519 993 cerotum,
556 925 578 980 si
597 924 702 996 quondo
721 924 780 995 ipse
798 928 966 996 aegrotaret,
1002 923 1053 980 sibi
1073 941 1123 982 non

86 1031 242 1104 indulgebat
259 1038 285 1086 et
299 1031 325 1084 tn
340 1044 372 1084 eo
391 1024 537 1098 tneoqnstts
557 1022 710 1092 ridebatur,
748 1022 817 1096 quod
837 1025 863 1078 in
882 1023 942 1078 eliis
960 1025 1122 1082 clementium

87 1134 116 1187 in
133 1147 164 1188 ro
181 1131 301 1185 duritiem
318 1126 501 1183 connectebat.
554 1125 674 1182 licierem
692 1121 762 1196 quod
779 1129 902 1195 oupertus
920 1141 985 1180 suro.
1031 1125 1125 1183 Mense

86 1231 160 1290 iulio
188 1229 386 1286 ferventissimis
410 1226 527 1284 nestilrus
553 1226 644 1282 incidit
660 1227 686 1281 in
704 1222 824 1280 ardorem
844 1223 924 1280 debris
944 1231 1047 1296 etpost
1064 1226 1124 1286 des·

89 1333 252 1404 perationem
275 1344 331 1386 cun
354 1327 401 1384 liei
427 1325 607 1382 misericordia
630 1326 791 1398 respirasset
815 1330 843 1380 et
866 1323 957 1379 modici
985 1325 1124 1383 suaderent

90 1430 125 1487 oli
147 1430 314 1486 relectionem
332 1429 452 1499 eorporis
471 1428 530 1482 rino
549 1443 609 1482 esse
628 1441 694 1498 opus
710 1427 782 1480 tenui
801 1431 827 1480 et
847 1439 945 1496 porro,
980 1441 1012 1482 ne
1030 1441 1125 1499 equore

90 1530 186 1586 bidens
202 1521 235 1584 in
246 1529 382 1602 idropisi·
401 1533 562 1594 reiteretur,
580 1535 607 1583 ct
623 1542 675 1600 ego
693 1525 759 1582 clem
777 1525 881 1582 beatum
899 1526 1048 1600 episcopum
1062 1525 1125 1600 Epi-

92 1630 215 1702 plrsnium
235 1645 365 1703 regerere,
384 1634 411 1682 ut
427 1642 484 1684 eom
502 1633 628 1695 moneret,
647 1628 722 1682 immo
735 1625 902 1697 conpelleret
921 1627 1007 1680 rirrurn
1026 1625 1126 1696 lrilrere,

93 1736 197 1786 uteret
216 1729 330 1802 prudent
348 1732 375 1784 et
394 1725 510 1783 sollertis
528 1729 644 1800 ingenii,
662 1729 748 1782 stetim
767 1728 851 1782 sensit
868 1725 977 1780 iusidias
996 1732 1022 1784 et
1040 1727 1126 1782 suteri-

94 1831 161 1887 dens
180 1847 262 1886 menn
282 1843 359 1896 esse,
383 1825 453 1900 quod
470 1826 515 1884 iile
535 1827 649 1896 diceret,
674 1829 808 1882 intimarit
844 1825 911 1890 Quid
932 1825 1030 1896 plural
1065 1827 1126 1885 Cere

92 1931 188 1988 beetur
205 1929 323 2002 pontifex
342 1934 404 2000 post
420 1928 502 1984 multe
519 1925 672 1984 hornmerrte
690 1929 799 1984 exiisset
816 1924 898 1996 loros,
917 1932 1054 1999 quaerenti
1066 1929 1128 1984 milri

94 2030 158 2104 qnid
178 2033 293 2102 egisset,
320 2028 470 2100 respondit:
493 2032 593 2083 tentum
612 2025 726 2098 proieci,
758 2033 785 2084 ut
801 2029 861 2100 ipsa
878 2026 940 2081 rnili
954 2029 1013 2084 seni
1032 2026 1128 2084 lrorniri

95 2145 179 2202 paene
199 2131 369 2202 peremerit,
389 2135 418 2186 ut
434 2130 518 2184 cirrum
537 2144 587 2184 nen
606 2127 702 2184 libem.
736 2126 766 2183 in
782 2126 852 2183 lucto
872 2130 941 2184 mitis
956 2134 1014 2184 eret
1032 2134 1129 2187 steuc-

95 2247 151 2286 ruun
169 2228 296 2286 mortibus
313 2227 485 2302 trengehotur
501 2231 613 2286 maxime
631 2227 782 2297 liberorum,
800 2244 859 2283 nom
879 2235 905 2284 et
923 2230 970 2284 riri
981 2229 1128 2286 ettilioruro
1195 2215 1198 2222 ¹

97 2329 252 2388 dormitione
272 2344 353 2402 esopo
372 2328 520 2401 periclitato
539 2336 594 2397 eet,
620 2337 646 2385 et
663 2343 719 2384 cunr
737 2345 768 2384 ns
785 2327 995 2402 stomachumque
1012 2332 1132 2403 signaret

95 2437 123 2486 et
144 2431 259 2486 metricis
275 2429 392 2486 dolorem
410 2431 495 2485 crocis
514 2431 640 2488 niteretur
657 2431 828 2502 impressione
847 2429 947 2498 lenire,
984 2429 1131 2502 superuiue-

97 2536 141 2586 tnr
162 2535 186 2598 ¹)
208 2531 302 2586 ellectu
328 2536 355 2586 et
376 2528 508 2586 credulem
529 2537 638 2587 mentem
663 2532 780 2600 parentis
804 2532 906 2587 vincern
929 2530 1132 2588 consternebent

96 2632 237 2704 animeque
255 2633 359 2686 uincens
379 2630 524 2704 iregilitste
541 2633 660 2702 corporis
679 2629 839 2686 rirrceiretur.
895 2631 1045 2704 Scriptores
1069 2650 1131 2690 sou-

97 2737 156 2786 etne
176 2730 283 2787 tenelrnt
304 2733 454 2788 memoriter
478 2737 505 2788 et
522 2747 578 2786 cun
599 2738 701 2788 smeret
724 2730 860 2787 historiam
879 2739 906 2789 et
923 2731 994 2787 ilion
1014 2735 1132 2792 veritatis
1157 2785 1159 2788 .

97 2830 200 2887 diceret
217 2831 424 2900 tundamentum,
460 2833 545 2906 megin
567 2831 728 2903 sequebatur
753 2832 951 2906 intelligentiam
970 2835 1132 2906 spirituelern

98 2936 128 2986 ct
145 2929 194 2986 loe
211 2931 321 2988 culmine
339 2933 531 2989 eedidoetiootr
550 2935 652 2988 errimoo
673 2931 840 3006 protegebat.
881 2934 990 3006 Loquor
1006 2940 1037 2990 et
1051 2935 1133 3002 uliud,

100 3029 173 3103 quod
192 3030 305 3089 fortasse
323 3032 432 3089 ecmelis
452 3032 554 3088 ridetur
572 3030 738 3088 incredulum.
758 3031 902 3089 ldebreenrn
919 3034 1043 3108 linguam,
1058 3051 1134 3107 quam

98 3147 152 3203 ego
172 3130 205 3186 elo
229 3131 409 3190 adolescentis
432 3133 513 3189 multo
538 3131 630 3188 libore
655 3139 682 3188 ot
698 3131 794 3188 sudore
813 3149 846 3189 eu
863 3142 938 3205 perte
955 3134 1034 3190 didici
1052 3141 1079 3196 et
1095 3137 1135 3196 ln-

100 3229 234 3304 tattgnbili
252 3233 420 3290 meditatione
439 3250 491 3290 non
512 3234 616 3300 desero,
635 3249 667 3288 ne
686 3233 796 3304 ipsanio
815 3249 848 3290 eo
862 3233 1014 3303 deseretur,
1033 3236 1136 3294 discere

102 3333 185 3387 roiuit
201 3338 228 3389 et
244 3339 385 3390 consecute
401 3340 443 3391 est
459 3335 506 3402 ite,
525 3340 553 3390 et
567 3333 684 3404 psalmos
697 3331 821 3391 lebroiee
831 3341 939 3392 cerrerot
949 3342 976 3392 et
992 3351 1135 3393 sermonem

100 3432 203 3506 obsone
218 3433 275 3490 ulle
287 3433 385 3490 letinae
392 3434 500 3508 lingone
506 3435 670 3506 proprietate
678 3441 840 3505 personaret.
860 3433 935 3499 Quod
945 3425 1137 3509 quidemnsque

101 3533 181 3590 indie
199 3539 225 3590 in
243 3541 334 3590 sende
350 3534 404 3590 dtis
422 3539 480 3608 ejus
497 3533 640 3591 Eustochio
659 3539 796 3590 cernimus.
837 3533 976 3609 lleousque
999 3538 1137 3610 nerignri·

101 3652 160 3692 mos
185 3637 320 3708 prosperis
349 3637 433 3693 rentii
459 3641 485 3692 et
509 3637 653 3708 crispantia
683 3637 763 3692 ureris
787 3649 906 3707 sequere
929 3635 1021 3692 lebeus
1046 3639 1139 3693 cortou

101 3736 232 3806 smeertt,
258 3715 324 3792 nunc
342 3737 367 3791 in
386 3737 511 3809 scopulos
527 3739 637 3792 incurrit
653 3739 756 3804 oratio,
790 3738 850 3808 spuis
868 3738 934 3794 onim
953 3743 1044 3810 posset
1061 3739 1139 3793 siccis

101 3837 185 3894 oculis
203 3836 310 3893 lentem
326 3852 435 3894 uerrere
451 3839 625 3896 morientem?
675 3836 769 3894 iuotdit
791 3838 818 3892 io
836 3839 1017 3910 gravissimae
1037 3837 1138 3893 unietu-

102 3940 203 4006 dinern,
238 3941 315 3994 immo
333 3937 402 4012 qnod
421 3937 546 4012 optulit,
577 3941 693 4008 invenit,
725 3945 753 3994 ot
771 3925 820 3994 noo
837 3938 973 4007 desereret
989 3943 1017 3994 ot
1034 3938 1138 3993 domino

103 4041 205 4112 plenius
222 4043 389 4114 jungeretur.
425 4039 492 4106 Quid
512 4038 556 4096 diu
574 4040 668 4096 dinero
687 4045 714 4096 et
732 4038 849 4096 dolorem
867 4054 949 4095 meum
969 4041 995 4093 in
1012 4039 1073 4094 eliis
1093 4041 1125 4094 irrr

104 4140 229 4198 morando
247 4141 316 4197 tucio
334 4141 501 4215 longiorem?
536 4139 674 4199 Sentieloot
695 4140 897 4225 prudentissime
914 4137 1066 4195 teminorum
1092 4139 1140 4194 ed-

104 4259 164 4300 esse
188 4249 295 4298 mortem
320 4247 347 4298 et
371 4241 529 4316 frigescente
550 4245 605 4316 jero
631 4247 706 4313 porte
728 4242 847 4314 eorporis
870 4246 951 4312 etque
971 4238 1141 4296 merrdrornm

156 4465 234 4520 stetit
248 4464 377 4519 ellectu,
394 4465 478 4511 deindo
491 4463 639 4510 crudelem
654 4463 705 4509 loeo
719 4463 783 4511 renis
796 4460 945 4508 credulem
959 4461 1042 4528 legeret.
