2984 5302
342 487 405 550 tet
550 447 552 452 Ι
584 489 656 568 Cap.
679 489 768 549 CXV.
814 490 857 549 De
879 495 978 548 sancto
999 487 1126 548 Donato.

346 649 370 704 si
388 645 445 704 ieri
463 651 552 719 potent
568 654 595 704 et
610 649 737 715 inrnntrt,
755 649 781 702 in
800 644 932 721 aiiqoibno
952 647 1078 704 ¹eontentio
1102 644 1239 704 eonieitnr
1261 641 1303 701 rei
1326 644 1382 700 tai-

347 756 399 806 tem
433 747 467 804 de
502 755 604 804 maiora
639 763 691 803 orn
726 747 915 820 aliquantalum
952 749 980 804 tn
1011 747 1096 804 colito
1133 746 1274 819 eliquetur.
1322 742 1384 812 'tin

348 847 398 904 iae
419 848 463 903 die
491 849 569 903 etiam
591 849 688 904 raeemi
711 846 901 904 benedicuntur
925 854 953 907 et
981 846 1095 921 populna
1119 846 1180 903 inde
1203 845 1384 901 eommunicet.

350 946 428 1004 iiatio
459 953 554 1004 notem
573 946 654 1020 irane
685 953 727 1005 ert
755 963 788 1004 en
814 964 864 1016 eo,
901 949 972 1021 qnod
987 930 1121 1004 'tantone
1151 944 1289 1017 dteeipniio
1327 947 1386 1000 onir

349 1049 417 1104 dixit
439 1052 466 1103 tn
492 1046 534 1103 iio
557 1061 669 1103 menae:
692 1063 744 1102 non
768 1046 857 1102 bibam
881 1049 975 1104 amodo
1005 1047 1040 1103 ie
1071 1045 1124 1103 hoe
1154 1046 1286 1120 genimine
1313 1045 1386 1110 nitio,

350 1149 434 1204 donee
480 1147 568 1203 bibaro
606 1147 671 1202 itini
702 1163 796 1204 norom
831 1149 856 1201 in
890 1163 973 1221 regno
1006 1149 1091 1219 petrin
1126 1149 1186 1202 met.
1237 1145 1287 1202 itin
1322 1159 1386 1200 reno

349 1247 547 1321 transfiguratio
566 1253 601 1314 et,
619 1245 690 1320 qood
710 1247 786 1312 dixit,
803 1263 897 1302 norom
917 1249 1014 1314 ninom,
1038 1249 1223 1319 repraesentat
1240 1245 1386 1318 gloriose·

349 1350 557 1413 innovationem,
584 1363 660 1419 qoem
684 1345 804 1403 Christos
827 1355 890 1418 pont
906 1348 1125 1403 renorreotionem
1143 1344 1251 1413 innato,
1274 1350 1301 1401 et
1323 1342 1387 1400 iaieo
1484 1385 1486 1390 .

348 1451 375 1505 tn
393 1449 445 1504 lino
461 1445 506 1502 die
520 1443 771 1519 tranrigoretionie‚
790 1448 834 1518 qni
852 1448 1071 1503 resurreetionem
1086 1451 1278 1517 repraesentat,
1298 1447 1387 1501 vinnm

349 1564 442 1605 nornen
461 1549 613 1619 requiritur,
632 1551 659 1601 et
676 1561 726 1601 non
740 1545 816 1617 ¹qnod
833 1548 859 1601 in
878 1545 928 1602 hae
947 1545 1006 1613 ite,
1023 1553 1053 1601 et
1071 1545 1176 1619 quida·
1196 1547 1279 1620 ajunt,
1297 1551 1387 1601 tranr-

350 1649 472 1722 iignratio
490 1648 526 1702 eit
544 1646 624 1713 tanto,
641 1643 691 1701 eei
708 1647 735 1700 in
752 1644 801 1701 tine
819 1645 863 1700 atie
880 1645 914 1700 ab
929 1644 1060 1716 apostolis
1071 1647 1246 1702 manifestata
1283 1644 1387 1701 Trono-

350 1750 474 1823 igoratio
491 1748 558 1803 enirn
578 1745 650 1802 taeta
667 1746 763 1801 dieitur
780 1745 864 1800 iniere
884 1747 956 1800 eirea
978 1747 1133 1818 prinoipinm
1152 1748 1238 1814 reris,
1263 1744 1387 1817 itoetpntt

350 1855 435 1905 antem
454 1854 563 1919 propter
577 1845 780 1917 prohibitionem
794 1848 827 1899 tia
840 1844 934 1900 iaetnrn
951 1847 1035 1916 ipsam
1047 1845 1146 1901 undio
1159 1845 1310 1902 celaverunt
1321 1851 1348 1900 et
1361 1847 1387 1900 tn

350 1947 401 2004 irae
412 1947 455 2004 die
468 1945 707 2004 manifestaverunt
725 1945 772 2001 Sin
783 1943 882 2017 iegitur
894 1947 921 1998 tn
937 1943 1020 2012 libro,
1041 1945 1110 2018 qood
1130 1944 1226 2003 dioiinr
1240 1943 1386 2015 ²inritraio.

766 2123 971 2136 ...Μ

695 2317 791 2416 GAP.
816 2320 907 2416 iti.
932 2319 1039 2418 (titt.)

485 2455 1239 2545 Dennnetonomnto.

418 2635 535 2691 Donntoo
552 2638 647 2694 dieitur
658 2638 734 2710 quaet
743 2637 823 2694 olion
837 2641 951 2708 ²)natne,
965 2638 1049 2696 etlroe
1059 2655 1109 2712 per
1119 2638 1347 2712 regenerationem
1360 2646 1387 2696 et

349 2739 453 2811 gratiae
471 2737 627 2793 inioeionom
652 2745 680 2792 et
701 2737 936 2810 gioriioationenr,
962 2753 1031 2811 qnae
1054 2745 1097 2796 eet
1119 2739 1216 2810 triplex
1238 2741 1386 2811 ⁴)genero-

348 2839 436 2903 tione,
461 2839 555 2909 spirito
580 2838 621 2894 rei
645 2852 663 2892 e
687 2836 746 2894 deo.
781 2835 845 2892 Nem
869 2853 926 2892 enm
944 2839 1029 2894 naneti
1047 2841 1204 2906 moriuntur,
1226 2845 1287 2894 tone
1311 2841 1387 2892 aenei

348 2939 487 3006 dicontur,
512 2936 582 2994 nnete
605 2936 694 2992 obitna
719 2942 868 2992 nanetornm
889 2954 941 2993 non
965 2954 1049 3005 moro,
1076 2937 1124 2993 eei
1153 2937 1241 2994 natelo
1266 2945 1385 3002 roeatnr,

348 3055 415 3111 puer
432 3039 499 3094 eninr
517 3038 620 3108 appetit
636 3039 726 3103 narei,
745 3044 774 3092 nt
792 3039 903 3109 reeipiat
915 3036 1067 3109 ampliorem
1079 3038 1163 3093 iocum
1175 3038 1209 3094 ad
1220 3037 1385 3103 manendum,

347 3138 496 3195 uberiorem
516 3137 602 3193 otium
619 3137 653 3192 od
672 3136 844 3204 resoenrinnr,
866 3136 1016 3192 liberiorem
1034 3143 1120 3194 aerem
1143 3137 1177 3193 nd
1201 3136 1385 3211 mentiendum

322 3217 326 3224 ¹
349 3246 376 3294 et
392 3238 476 3294 ineem
494 3236 528 3292 ari
552 3235 699 3294 ridentem.
735 3234 768 3292 Et
791 3237 855 3308 qnia
875 3238 961 3292 naneti
983 3234 1016 3292 de
1038 3243 1115 3293 ntero
1139 3240 1230 3294 metria
1251 3238 1385 3294 eneieotne

347 3355 396 3408 per
414 3345 519 3394 montom
537 3344 647 3404 exeant,
674 3336 721 3392 iiia
739 3342 853 3408 quatuor
868 3335 1010 3392 reonndom
1032 3337 1134 3394 medem
1152 3354 1227 3394 nram
1244 3339 1385 3409 reoiptnnt,

346 3437 408 3494 ideo
425 3441 499 3494 narei
518 3438 648 3494 iterantur.
680 3434 732 3493 Vel
750 3435 846 3492 dicitnr
860 3435 979 3492 Domator
997 3439 1075 3508 qnasi
1091 3437 1161 3494 otono
1178 3437 1226 3495 liei
1248 3436 1335 3492 iem.

413 3543 446 3598 1.
471 3537 589 3594 Donatne
611 3553 668 3592 enm
692 3535 799 3594 tatiano
823 3538 982 3606 imperatore
1005 3536 1122 3592 eruditae
1147 3545 1175 3594 et
1195 3538 1309 3592 nutritor
1331 3542 1384 3604 ert,

347 3641 386 3694 ita
410 3636 481 3711 qnod
505 3637 657 3708 praeiiotne
680 3636 801 3692 totianne
826 3634 876 3690 inte
897 3642 960 3691 tono
982 3638 1007 3690 in
1025 3635 1218 3708 orbiyeoonnm
1235 3636 1384 3704 ordinator,

348 3738 395 3794 eei
414 3753 470 3793 enm
489 3739 515 3792 tn
534 3738 667 3807 imperinm
692 3735 848 3792 robiitnetnn
871 3735 981 3798 intonet.
1007 3741 1107 3807 petrem
1132 3745 1159 3792 et
1181 3743 1287 3792 matrem
1309 3735 1385 3791 boeti

348 3837 445 3893 Donati
463 3837 569 3903 ooetdit,
586 3835 705 3892 Domator
724 3849 787 3890 rero
806 3837 831 3890 in
842 3836 977 3892 aretinam
996 3836 1127 3892 oirttntom
1145 3837 1251 3907 anteon
1268 3841 1294 3891 et
1312 3835 1385 3910 nond

347 3937 480 4008 Eyiannm
498 3934 652 3992 menaehem
671 3950 778 3991 nenena
797 3933 878 3989 molta
895 3934 1021 3991 miracola
1038 3937 1109 3992 tecit.
1144 3935 1208 3992 Nam
1231 3951 1287 3991 onor
1306 3949 1385 4006 prae·

351 4036 435 4094 teotno
459 4037 575 4092 eivitatie
596 4033 698 4091 nenena
722 4034 801 4094 ilion
826 4034 1022 4090 daemoniacum
1045 4051 1103 4091 eom
1128 4035 1162 4090 ad
1185 4035 1313 4091 Donatum
1336 4035 1388 4092 od-

351 4136 485 4201 ientem,
515 4137 626 4207 spiritns
650 4134 796 4190 immunior
820 4133 934 4190 elamore
952 4136 1039 4206 eoepit
1055 4149 1088 4190 eo
1106 4134 1208 4192 dioeret
1230 4138 1256 4191 tn
1281 4151 1388 4216 nomme

343 4259 758 4277 *numm—„W

401 4328 422 4376 l)
436 4325 521 4369 Verba:
535 4323 563 4368 in
575 4346 601 4356 -·
614 4321 717 4368 bened.
730 4319 814 4365 omittit
826 4319 867 4366 ni.
881 4327 914 4367 ir.
989 4324 1013 4374 2)
1031 4321 1175 4366 lieoentioreo
1194 4321 1272 4373 lornant
1290 4319 1386 4368 mitre.

348 4393 370 4444 3)
383 4393 415 4435 Ed
430 4397 462 4436 t'r.
477 4391 567 4437 datos.
641 4393 664 4446 4)
678 4388 714 4434 sin
728 4389 766 4433 Ed.
782 4395 813 4433 t’r.
830 4393 920 4436 tineent.
934 4388 1022 4443 leenntr
1041 4390 1196 4442 generatio
1209 4388 1270 4446 opio
1281 4385 1389 4434 iinalir

345 4474 358 4505 n
377 4464 442 4506 Deo.
