2902 5310
338 457 400 520 692
498 459 570 540 Cap.
595 461 696 524 GLVi.
746 461 791 522 De
812 469 912 520 saneto
934 459 1013 522 Luea
1035 457 1225 538 evangeliun.

674 673 769 772 cti.
794 670 898 768 cuii.
930 671 1040 772 libi.)

477 825 553 897 lie
574 826 739 897 sancto
759 825 890 895 lanua
909 821 1238 913 evangelista.

404 989 492 1044 Lucae
517 989 705 1060 interpretatur
731 991 791 1060 ipse
816 1004 980 1062 consurgens
1003 991 1043 1046 rei
1070 990 1196 1056 elevans,
1223 989 1267 1044 roi
1290 989 1380 1043 dieitur

337 1087 424 1144 buoso
441 1102 459 1143 a
477 1087 545 1144 iuuo.
580 1086 640 1158 ipse
660 1090 728 1144 euim
747 1088 796 1144 inii
814 1104 977 1164 consurgens
997 1089 1031 1144 ab
1047 1105 1137 1145 amora
1154 1088 1256 1156 muudi,
1278 1088 1380 1144 eleraut

337 1203 369 1245 aa
386 1190 413 1242 iu
430 1201 545 1243 umorem
563 1184 622 1245 [lei.
656 1186 717 1244 Fuit
732 1191 810 1244 utiam
829 1187 873 1243 iux
893 1188 981 1245 muudi
1006 1205 1053 1256 ro,
1077 1187 1147 1260 quod
1173 1188 1303 1243 mundum
1326 1187 1380 1241 iliu·

338 1289 447 1344 minavit
468 1289 632 1354 uniuersum,
658 1285 754 1343 blattis.
777 1286 825 1346 V.:
851 1303 897 1342 ros
921 1288 986 1343 estis
1010 1287 1055 1344 ius
1080 1287 1175 1342 mundi.
1213 1287 1275 1343 Lux
1299 1293 1379 1342 auten

339 1386 487 1443 mundiori
504 1387 563 1456 ipsa
587 1386 637 1441 soi.
672 1385 745 1449 tlaau
771 1387 874 1457 quidem
901 1385 946 1442 iux
964 1385 1047 1444 babet
1064 1389 1090 1441 in
1108 1389 1161 1442 situ
1179 1387 1380 1450 sublimitatem,

339 1487 410 1544 licui.
434 1483 533 1544 XXVI:
564 1483 605 1539 sol
631 1487 720 1540 oriens
743 1485 837 1542 mondo
864 1487 890 1542 in
914 1487 1052 1542 altissimis
1071 1485 1132 1554 θείς
1158 1488 1183 1540 in
1203 1492 1320 1558 aspectu
1338 1486 1379 1540 de

339 1587 553 1649 instabilitatem,
582 1581 654 1638 iloni.
677 1581 727 1638 xi:
759 1583 836 1642 duiue
867 1584 952 1641 iumen
984 1593 1011 1642 et
1041 1585 1201 1642 delectabile
1228 1592 1271 1642 est
1297 1584 1379 1640 oeulis

332 1685 430 1742 ⁴risiare
442 1684 542 1750 aoiuuu;
561 1685 587 1737 iu
605 1689 675 1738 motu
694 1682 869 1752 uelocitatem,
891 1683 953 1752 uit.
966 1683 1043 1742 Esdr.
1061 1683 1109 1742 lii:
1132 1700 1232 1758 magna
1251 1691 1295 1740 est
1313 1693 1380 1742 terra

339 1792 366 1841 et
384 1784 514 1840 euueiaum
534 1790 575 1839 est
590 1784 691 1840 ooeium
710 1789 737 1840 et
754 1783 832 1839 uelox
848 1799 941 1842 aursus
959 1785 1042 1853 aoiis;
1067 1788 1093 1841 in
1113 1785 1207 1841 electu
1229 1787 1378 1852 utilitatem,

339 1889 404 1957 quia
425 1883 567 1940 seeundum
590 1881 878 1954 pluiiouopbumbomo
902 1891 1014 1956 generat
1039 1884 1167 1940 bominem
1194 1892 1223 1940 et
1248 1886 1302 1944 soi.
1338 1887 1378 1939 Sir

339 1986 427 2042 Luoaa
444 1981 538 2038 babuit
555 1980 741 2037 sublimitatem
759 1998 808 2053 par
823 1983 975 2039 coelestium
986 1983 1243 2055 contemplationem,
1262 1985 1377 2041 deluatu-

339 2086 466 2141 biiitatom
490 2097 538 2152 per
562 2078 663 2136 dulcem
686 2084 930 2149 conversationem,
960 2083 1123 2140 uelocitatem
1154 2100 1202 2156 per
1233 2084 1377 2142 irruente·

341 2183 580 2256 praedicationem,
598 2179 736 2236 utilitatem
755 2196 804 2251 per
820 2180 956 2238 doutrime
974 2197 1040 2238 suae
1057 2185 1289 2254 conseriptionem.

407 2288 439 2342 1.
456 2279 544 2338 Lueaa
559 2279 641 2350 Syrus
655 2281 761 2336 natione
775 2279 955 2336 Antiochense
967 2281 1154 2338 arte‘meuiieus
1168 2282 1218 2339 init
1234 2284 1376 2341 secundun

339 2381 466 2458 quosdam
485 2393 551 2434 unua
570 2378 604 2434 de
620 2375 719 2434 lxxii
741 2379 838 2436 domini
857 2381 1005 2454 discipulis.
1041 2381 1111 2437 Sane
1129 2397 1185 2436 oum
1203 2381 1376 2456 Hieronymus

339 2483 425 2546 dicat,
452 2494 508 2536 aun
527 2476 610 2533 tuisse
630 2477 785 2549 discipulum
806 2482 1002 2553 apostolorum,
1025 2497 1076 2536 nou
1095 2479 1208 2546 donini,
1236 2491 1263 2539 et
1281 2483 1375 2542 iiioasa

338 2595 420 2654 super
441 2575 524 2633 aaut.
548 2573 623 2632 XXV
645 2583 733 2656 notet,
759 2580 829 2652 quoii
855 2579 960 2637 domino
983 2580 1148 2651 praedicauit
1171 2597 1223 2637 non
1243 2583 1375 2652 adhaesit,

338 2679 386 2740 sed
404 2683 467 2752 poet
483 2678 701 2733 resurrectionem
719 2679 778 2750 ejus
796 2680 831 2735 ad
852 2679 927 2737 idern
947 2680 1033 2746 venit,
1057 2683 1140 2752 magis
1165 2683 1306 2738 tenendum
1327 2691 1376 2750 ast,

337 2780 408 2856 quod
427 2793 478 2834 uon
506 2775 585 2830 luerit
608 2790 675 2830 unua
700 2776 733 2832 rio
758 2777 870 2846 lxxii,
896 2781 959 2836 lioei
976 2778 1059 2851 aliqui
1078 2782 1118 2834 sio
1138 2779 1244 2836 luerunt
1263 2787 1374 2855 opinati.

336 2882 387 2950 Qui
405 2885 495 2935 tantae
520 2874 569 2942 luit
588 2875 758 2945 perfectiouis
781 2877 809 2934 in
832 2881 900 2946 rita,
932 2885 960 2933 ut
988 2880 1085 2950 optimo
1113 2881 1253 2936 ordinatus
1286 2882 1374 2950 luerit,

336 2987 459 3056 quantun
482 2977 517 3034 ad
540 2976 622 3032 Deum
640 2981 667 3032 et
683 2982 806 3048 quantun
823 2979 857 3034 ad
876 2978 1020 3050 proximum
1045 2986 1071 3036 ei
1088 2987 1212 3051 quantun
1230 2981 1265 3037 ad
1286 2998 1318 3040 se
1335 2987 1374 3056 ip-

335 3097 392 3139 suuu
417 3085 444 3135 et
465 3083 587 3150 quantun
613 3074 646 3131 ari
668 3089 742 3132 auum
768 3075 889 3134 officium.
926 3077 960 3134 iit
978 3081 1004 3134 in
1027 3083 1129 3154 siguum
1153 3079 1232 3153 liujus
1254 3083 1374 3156 quadra

335 3179 413 3252 piicis
433 3178 607 3232 ordinationis
625 3181 739 3250 quatuor
756 3175 838 3233 iacies
858 3177 957 3234 babere
974 3177 1143 3246 describitur,
1161 3181 1265 3236 seilicet
1278 3182 1374 3239 taciem

334 3278 447 3336 bominis
465 3282 491 3331 ei
508 3275 604 3342 leonia,
622 3275 699 3330 boris
717 3281 745 3333 oi
760 3275 876 3348 aquiiae.
913 3277 1056 3340 Quodlibet
1074 3281 1142 3334 anim
1161 3278 1195 3334 de
1213 3282 1374 3338 animalibus

334 3375 451 3433 babebat
468 3381 581 3447 quatuor
599 3374 682 3430 iacies
699 3382 727 3432 et
745 3382 859 3458 quatuor
876 3391 990 3448 pennas,
1014 3384 1043 3433 ut
1058 3378 1156 3434 diuitur
1171 3377 1267 3436 Ezeeb.
1285 3381 1305 3437 i.
1341 3381 1374 3438 Bt

332 3482 363 3532 ut
379 3475 429 3531 iou
448 3475 540 3530 meiius
561 3475 695 3542 rideatur,
719 3477 891 3550 imaginamur
909 3476 1017 3549 aliquod
1038 3478 1160 3543 animai,
1178 3477 1247 3551 quod
1273 3479 1374 3537 babeat

331 3580 411 3647 eaput
430 3572 601 3648 quadratum,
625 3579 654 3629 ut
671 3575 768 3647 iignum
787 3574 957 3647 quadratum,
984 3583 1011 3632 et
1033 3578 1059 3632 in
1083 3577 1202 3650 qualibet
1229 3577 1373 3648 superficie

332 3675 504 3747 imaginemur
520 3687 595 3730 anan
615 3673 722 3739 inuiam,
740 3689 757 3729 a
774 3681 851 3748 parte
868 3677 996 3731 anteriori
1015 3676 1107 3734 iaoion
1127 3677 1249 3739 bominis.
1270 3680 1371 3735 ader·

329 3775 379 3829 tris
402 3773 496 3829 taciem
521 3757 670 3838 ieonis,a
692 3775 807 3830 sinistris
834 3773 928 3830 iaoieun
962 3774 1052 3844 rituli,
1081 3783 1196 3848 aparte
1224 3780 1370 3848 posteriori

330 3874 423 3929 larium
436 3871 550 3942 aquiiae.
570 3870 637 3934 linia
651 3888 714 3930 seru
728 3871 811 3930 inuias
823 3873 929 3946 aquiiae
942 3889 1024 3947 super
1034 3873 1104 3932 alias
1114 3874 1247 3932 eminebat
1258 3884 1371 3950 propter

327 3972 390 4026 eutii
408 3969 624 4041 productionem,
649 3972 720 4042 quod
744 3973 769 4027 in
795 3987 829 4027 ea
852 3973 958 4046 longum
985 3981 1035 4042 est,
1070 3975 1131 4032 ideo
1157 3975 1269 4043 dieitur,
1296 3977 1369 4048 quud

220 4048 227 4062 ⁵
327 4076 385 4125 erat
403 4068 526 4140 desuper.
552 4067 695 4130 Quodlibet
707 4073 786 4127 otiam
799 4073 890 4128 borum
904 4081 1017 4145 quatuor
1032 4089 1131 4146 pennas
1144 4073 1271 4142 babebat,
1292 4079 1367 4147 quis,

325 4183 382 4224 oum
402 4167 540 4240 quodlibet
557 4167 653 4223 animai
671 4171 748 4240 quasi
767 4171 922 4243 quadratum
949 4176 1121 4246 imaginemur
1141 4179 1168 4231 et
1189 4173 1216 4229 lu
1233 4173 1367 4245 quadratu

325 4269 378 4325 sint
392 4273 507 4339 quatuor
521 4265 621 4339 anguli,
633 4267 659 4320 in
673 4268 792 4339 quolibet
805 4269 903 4345 angulo
918 4279 976 4329 erat
990 4289 1041 4330 una
1054 4287 1152 4345 peona,
1171 4273 1288 4330 Petisia
1300 4290 1366 4348 pua

374 4417 396 4470 i)
409 4421 481 4460 mous
495 4415 576 4459 citatus
589 4413 613 4459 iu
625 4415 693 4468 satu.
706 4415 721 4459 i.
737 4415 754 4462 l.
768 4429 814 4462 uon
827 4417 932 4464 ouuuurit.
