2984 5302
454 295 566 320 ff*

327 458 389 521 538
557 463 629 543 Cup.
653 462 754 522 cxxi.
797 466 843 526 Do
864 478 964 529 sonoro
987 471 1151 531 Timotheo.

324 622 454 676 modicum
486 629 588 694 tenpus
617 623 831 697 denegaverant,
860 629 944 685 toturn
974 638 1077 702 tenpus
1111 633 1182 686 vitoe
1210 644 1278 688 cneo
1312 631 1369 688 Deo

326 721 464 777 dedorunt.
499 721 617 778 rnorem
635 722 729 780 tentos
748 723 900 785 Bornnrticn
918 733 996 786 monti
1019 731 1132 786 feliciter
1149 733 1370 802 appropinquans

327 823 366 876 uit
382 819 508 878 frutribus
528 825 599 878 uuio:
621 823 674 877 triu
696 825 773 878 vobin
796 825 967 886 obuervnndn
985 829 1121 901 relinquo,
1147 843 1215 902 pune
1234 827 1369 884 inccndio

328 931 476 998 proesentis
493 923 579 990 iliae,
607 938 658 994 quo
676 931 800 996 cucurri,
824 929 926 984 nemini
950 945 992 984 nne
1009 945 1057 1000 pro
1076 927 1177 986 uiribus
1195 929 1368 986 onoerruuoe.

328 1027 431 1084 Nemini
455 1023 605 1084 roundtiutu
625 1023 715 1084 tarne
733 1027 806 1082 nolui
830 1033 871 1094 et,
896 1029 920 1084 ni
945 1026 1089 1100 aliquando
1107 1027 1213 1096 incidit,
1235 1028 1371 1085 coierint

327 1129 411 1199 potui.
446 1127 534 1184 Minor
559 1143 664 1199 sempor
686 1128 781 1184 rennui
801 1143 874 1194 oreo,
899 1142 977 1199 quoru
1001 1128 1111 1184 alteriue
1128 1127 1247 1196 credidi,
1275 1128 1369 1185 ineunt

328 1225 362 1283 de
379 1226 500 1284 intento
518 1243 649 1300 nonqunon
668 1227 807 1282 vindictum
832 1227 947 1297 expetii,
972 1241 1035 1284 ecco
1056 1229 1209 1296 cantuten,
1229 1227 1369 1284 humilitu-

327 1334 379 1384 ten
399 1334 426 1383 et
442 1327 595 1398 patientiorn
614 1327 689 1382 nobis
709 1327 836 1397 relinquo.
873 1324 991 1397 Deuiqno
1018 1333 1157 1402 postqunrn
1182 1327 1265 1383 multo
1286 1330 1369 1384 ruinn-

328 1427 388 1483 cnln
405 1433 588 1498 perpetrasset
606 1434 633 1482 ot
645 1425 714 1482 CLX
731 1427 892 1482 monasterio
909 1428 1103 1482 oonntrurircot
1119 1427 1268 1502 multosque
1282 1428 1369 1484 iibroc

327 1535 354 1584 et
376 1533 504 1582 tractetur
531 1526 715 1596 comptiusoot,
745 1525 931 1581 cunennnntis
956 1526 1026 1581 vitoe
1052 1540 1117 1582 runo
1141 1524 1235 1582 diebus
1260 1529 1371 1583 circiter

327 1625 410 1682 Lxlli
428 1625 505 1682 nonio
524 1641 592 1680 anno
610 1625 708 1680 domini
730 1622 873 1694 unicurt
889 1627 958 1680 inter
975 1623 1087 1681 filiorum
1101 1637 1192 1681 nauus
1203 1625 1370 1684 obdormirit

326 1730 354 1781 in
379 1726 493 1782 rioroioo.
528 1724 593 1780 Pori
615 1725 714 1779 obitum
738 1739 812 1778 runnu
839 1725 927 1779 nuitir
949 1722 1062 1796 glorian
1085 1739 1158 1780 runnu
1176 1723 1367 1782 nuniiertnrit

328 1826 436 1882 Gnidum
456 1826 523 1880 eninr
542 1823 634 1879 ubhnti
653 1827 679 1878 in
698 1823 811 1895 quodum
829 1827 991 1879 monasterio
1010 1827 1135 1896 opporuit
1154 1831 1196 1891 et,
1220 1830 1249 1879 ut
1267 1841 1368 1898 requo-

326 1933 408 1994 retnr,
426 1923 569 1980 admonuit.
604 1923 654 1986 tint
673 1923 757 1978 ubbno
776 1937 834 1978 cunr
851 1931 1016 1996 sequeretur,
1034 1921 1102 1980 trun
1120 1927 1145 1980 ei
1163 1928 1204 1980 rir
1220 1923 1284 1980 liei:
1302 1941 1368 1983 eone

326 2025 360 2081 nri
379 2033 492 2080 nenton
508 2021 604 2078 Liboni
622 2024 739 2077 uenimus
757 2029 784 2078 et
799 2029 828 2078 tu
846 2023 891 2078 irie
907 2023 1041 2090 mononis,
1061 2039 1113 2096 ego
1131 2031 1217 2080 autern
1234 2024 1299 2081 iiiuc
1317 2028 1368 2081 nri-

327 2123 462 2184 ncendonu.
498 2119 716 2194 ²)lntorrogntns
729 2121 763 2176 nb
779 2137 820 2189 oo,
839 2121 873 2178 nd
887 2122 951 2193 quid
963 2123 1042 2179 ueiiot
1053 2123 1230 2180 noscendum:
1248 2123 1367 2195 diruere,

326 2227 425 2296 inquit,
447 2221 516 2277 roio.
550 2221 664 2278 Miratus
682 2221 743 2278 iiic:
764 2221 843 2294 quid,
861 2223 946 2292 inquit
981 2225 1021 2278 viu
1040 2221 1160 2290 discere,
1179 2228 1266 2294 poter,
1286 2225 1367 2294 ’Joni

325 2323 423 2378 ruituro
449 2320 531 2377 hodic
555 2324 581 2376 in
607 2322 719 2376 cotentio
735 2320 866 2377 credimur
885 2335 945 2377 erse
961 2321 1124 2378 secundun?
1158 2320 1191 2376 Et
1209 2321 1269 2377 iiie:
1291 2322 1369 2378 nuiin

325 2424 370 2478 irio
387 2421 512 2489 retentio,
539 2421 612 2475 nullu
630 2421 685 2475 reri
706 2421 838 2492 cognitio,
862 2435 965 2475 corrnnr
985 2424 1113 2478 scientiae
1131 2415 1282 2493 plenitudo,
1304 2437 1366 2480 rur·

325 2538 382 2578 cnm
399 2536 464 2578 rere
480 2521 575 2576 notitia
594 2521 725 2575 ueritntio.
754 2518 789 2576 Et
807 2522 836 2574 in
860 2518 912 2576 iron
936 2518 1016 2576 verbo
1037 2521 1174 2592 disparuit.
1207 2518 1256 2578 lile
1276 2529 1366 2578 cotenu

325 2621 394 2689 diem
418 2621 521 2675 notovit
547 2624 573 2676 et
594 2624 654 2674 tunc
676 2620 759 2675 virum
785 2617 835 2674 Dei
858 2617 1021 2676 Bernnrdnru
1047 2621 1080 2676 rio
1099 2636 1212 2692 corporo
1230 2622 1366 2693 ¹nigriore

325 2721 434 2777 inuenit.
469 2717 556 2774 Multa
580 2726 666 2774 nutem
692 2717 747 2772 utic
774 2723 802 2772 et
827 2733 912 2790 poeno
938 2720 1140 2776 incurrerubiiin
1166 2719 1293 2776 nirncuiu
1316 2736 1367 2791 per

325 2833 428 2875 uerrunt
447 2834 521 2874 nuum
538 2817 611 2874 Dour
629 2822 756 2889 operetur
775 2823 828 2876 ert.

661 3323 757 3420 tri.
782 3323 893 3420 tiit.
920 3325 1031 3423 (titi

507 3475 590 3546 lte
625 3476 825 3546 cuncto
857 3473 1173 3547 Timotheo.

389 3635 545 3694 Timotheus
565 3641 642 3711 quinci
658 3642 777 3696 tirnoreru
795 3645 903 3708 tenens,
930 3641 971 3698 rei
990 3655 1008 3696 n
1026 3642 1120 3696 tinore
1138 3646 1164 3694 et
1181 3637 1272 3704 tineos,
1290 3635 1363 3709 quoni
1391 3663 1393 3668 .

322 3744 363 3794 ert
379 3737 466 3805 Dour,
490 3739 566 3809 quusi
585 3741 663 3793 tirnor
680 3737 737 3794 Dei.
775 3739 907 3796 conentur
923 3745 1008 3795 autern
1027 3739 1073 3794 iiie
1089 3741 1168 3793 tinor
1193 3739 1219 3791 in
1242 3734 1364 3808 quolibet

322 3839 379 3892 uiro
398 3843 505 3904 cuncto,
525 3839 594 3892 rioot
610 3839 649 3892 uit
667 3837 829 3910 Gregorius,
852 3837 1060 3904 considerando,
1086 3835 1214 3901 obiicit,
1238 3833 1282 3891 ubi
1301 3837 1373 3900 erit:

322 3935 368 3991 nini
388 3942 429 3993 ost
446 3942 474 3990 et
491 3934 536 3990 ubi
555 3951 607 3991 nnn
627 3941 678 3996 est.
709 3935 758 3991 Ubi
777 3936 841 4004 init,
863 3941 984 4009 qnoniam
1004 3938 1030 3990 in
1049 3941 1174 4006 peccato,
1193 3934 1237 3990 ubi
1256 3936 1317 4001 erit,
1335 3935 1362 3988 in

317 4013 438 4108 jndicio,
455 4034 501 4090 ubi
519 4042 576 4101 est,
595 4037 620 4088 in
639 4036 764 4103 nicorio,
782 4034 828 4089 obi
847 4051 896 4090 non
917 4041 974 4102 est,
993 4035 1019 4088 in
1038 4033 1135 4107 gioria.

388 4133 544 4190 Timotheus
563 4134 611 4188 rub
623 4132 736 4214 ¹Nerone
754 4149 771 4188 o
790 4133 926 4203 procincto
949 4133 1022 4188 urbis
1047 4131 1145 4188 Rornae
1163 4130 1222 4187 doru
1240 4133 1363 4206 pruritur

321 4240 489 4305 torqueretur
506 4239 532 4288 et
550 4232 624 4287 onice
641 4233 701 4286 viva
719 4233 777 4304 ejus
795 4231 893 4304 pingiu
912 4229 1138 4305 adspergerentnr
1155 4237 1183 4287 et
1200 4232 1259 4302 ipso
1277 4233 1302 4284 in
1317 4229 1361 4284 inin

326 4319 735 4335 Μ

372 4349 725 4406 intronuntient.
789 4351 812 4402 2)
826 4350 912 4394 Verbo:
932 4355 1136 4402 inriorroffutnt
1150 4372 1173 4381 -
1192 4347 1262 4393 volo
1276 4346 1360 4391 omittit

321 4417 362 4464 Bul.
375 4421 409 4462 Γπ.
485 4419 507 4470 J)
521 4417 561 4461 Ed.
577 4423 608 4461 i'r.
624 4416 768 4470 quonium.
