2984 5316
380 488 452 568 Cep.
475 489 579 549 cviii.
627 490 673 548 De
694 498 792 547 scureto
815 487 952 547 Eusebio.
1124 481 1185 544 ⁴5³

147 649 302 704 coniecerit
319 655 346 706 et
364 648 516 722 Dponisiurc
533 653 676 708 noeeniuit
692 650 840 723 nuitnspse
856 648 986 721 epistoius
998 644 1033 701 nd
1045 643 1185 700 Eusebium

147 747 304 814 destinarit,
328 751 372 821 qui
396 752 485 806 sciens
509 752 633 807 neiitiuur
659 752 685 806 iu
707 750 872 829 noititudtne
895 747 1065 822 preernisre,
1096 745 1185 801 uenire

147 853 286 906 contemsit
298 855 325 904 et
338 865 411 905 suern
424 831 584 907 senectutem
598 853 730 924 opposuit
749 850 822 908 Unde
834 853 977 922 inperator
988 848 1081 906 stutuit
1093 853 1185 902 eontra

147 964 221 1004 suun
234 954 431 1008 exeusationem
449 955 475 1008 in
487 950 679 1008 Mediotcnrrrei
692 951 766 1019 urbe,
786 967 854 1025 quse
865 966 949 1022 prope
963 955 1030 1015 eret,
1047 947 1183 1003 conciiiunr

148 1049 287 1106 celebrari.
322 1049 373 1106 tibi
391 1067 448 1107 curn
466 1051 607 1108 Eusebium
624 1052 719 1108 deesse
734 1053 844 1118 rideret,
857 1053 940 1123 Jnssit
967 1049 1081 1105 briones
1108 1046 1183 1102 idem

147 1166 219 1206 soon
232 1151 384 1208 describere
397 1160 423 1209 et
435 1151 587 1224 Dyonisiunr
600 1154 751 1226 episcopum
761 1150 986 1209 Mediolanensem
997 1165 1030 1205 eo
1043 1148 1184 1219 ¹)xxxiti

147 1254 288 1324 episcopos
306 1251 392 1310 sideru
410 1251 472 1309 idei
490 1253 666 1310 subscribere.
702 1249 777 1318 Quod
795 1254 904 1309 undiens
916 1249 1049 1308 Eusebius
1067 1265 1099 1306 er
1118 1248 1183 1304 urbe

147 1367 196 1408 sue
212 1351 380 1424 proiecturus
397 1352 577 1409 Medioiancru
594 1355 661 1410 exiit
676 1361 703 1410 st
720 1370 750 1409 se
774 1351 856 1408 eruite
880 1367 1018 1423 pussnrurn
1043 1349 1181 1422 praedixit.

146 1453 209 1508 crn
228 1455 309 1524 igitur
325 1451 359 1507 od
377 1455 504 1525 quendem
524 1455 628 1511 durium
646 1457 779 1520 venisset,
801 1460 829 1509 ut
847 1450 1026 1508 Medioiunnrn
1049 1460 1183 1526 pergeret,

146 1555 221 1609 esuis
245 1553 334 1624 procui
362 1569 395 1608 ex
419 1554 472 1609 etin
498 1562 573 1626 purte
597 1555 710 1611 fluminis
734 1557 867 1612 exsistens
894 1568 926 1608 ee
943 1551 1054 1624 Jebente
1072 1552 1106 1608 ed
1125 1570 1182 1609 eun

146 1655 219 1709 uenit
246 1659 273 1708 et
299 1655 384 1725 ipsun
413 1671 469 1710 curn
501 1657 584 1712 sociis
614 1659 673 1713 sine
702 1645 881 1730 gubenretore
907 1652 962 1709 etio
982 1655 1182 1726 transportavit,

146 1753 221 1814 Tenc
239 1756 263 1810 ei
283 1754 433 1826 praedictos
454 1755 595 1828 Dyonisice
612 1755 732 1812 ebriavit
752 1764 777 1812 et
794 1756 829 1811 ud
853 1743 936 1828 pedes
959 1757 1017 1825 ejus
1042 1753 1182 1826 procidens

146 1857 247 1912 seniore
271 1856 423 1925 postutasti.
460 1855 522 1912 Gerr
548 1858 631 1930 igitur
655 1856 786 1914 Eusebius
811 1857 845 1912 eb
863 1857 1021 1926 imperatore
1039 1868 1088 1908 nee
1105 1854 1182 1907 urinis

145 1972 192 2012 neu
209 1953 345 2010 bieoditiis
363 1955 432 2011 flecti
450 1964 556 2027 posset,
576 1973 664 2014 eornm
682 1958 802 2015 cornibus
820 1956 900 2013 disti:
925 1971 972 2026 uos
994 1953 1091 2009 dicitis.
1103 1951 1181 2008 iiiurs

131 2059 270 2113 ‘ninere-
286 2071 347 2112 esse
364 2063 450 2128 petre,
469 2073 516 2113 cnr
531 2074 597 2132 ergo
614 2057 677 2113 nibi
697 2056 775 2113 titre
793 2071 876 2112 neure
894 2063 921 2113 et
935 2053 1090 2126 disciputunr
1103 2068 1180 2124 pree·

143 2156 264 2214 tuiistist
298 2153 356 2211 Non
383 2164 424 2213 est
455 2161 522 2213 enirn
550 2158 694 2230 discipulus
723 2169 804 2229 super
826 2159 976 2230 nagistrum
1009 2169 1059 2209 nee
1088 2169 1181 2210 seruus

144 2273 225 2330 super
251 2256 380 2312 dominun
403 2274 477 2314 suurn
505 2274 553 2314 nee
582 2259 652 2315 bitus
676 2274 757 2330 super
782 2263 892 2329 petreio.
928 2256 984 2320 ‘ino
1010 2255 1051 2310 iiii
1077 2255 1181 2309 ratione

143 2361 263 2414 mnnoti
286 2360 374 2413 stetin
397 2357 618 2431 chirographon,
642 2375 719 2432 quen
744 2361 909 2431 scripserant
929 2363 957 2413 et
978 2358 1019 2412 cui
1038 2355 1180 2428 liponisius

141 2457 353 2531 subscripserat,
370 2453 403 2515 'ei
420 2456 578 2516 obtulerunt
613 2462 649 2517 At
670 2459 729 2517 iiie:
755 2473 919 2533 nequuqunrn
937 2463 1000 2528 post
1015 2454 1094 2510 biiun
1112 2457 1179 2510 seri-

140 2559 216 2627 bum,
249 2561 292 2615 cni
321 2561 478 2617 suctoritute
508 2575 646 2633 preesun,
674 2561 724 2620 sed
754 2563 832 2617 istnrn
856 2557 990 2615 incendite
1023 2570 1179 2628 nurumque,

140 2663 180 2717 eui
194 2659 368 2726 subscrtbnn,
386 2660 512 2728 struitis,
527 2663 694 2719 conscribite.
729 2662 827 2735 sieque
839 2666 902 2717 nutu
913 2659 962 2715 liet
979 2670 1122 2727 succensus
1139 2660 1180 2711 est

139 2761 344 2836 obtrogrupbus,
366 2764 407 2817 cni
426 2761 568 2834 Dpontsius
586 2771 613 2820 et
630 2763 677 2819 eiii
694 2759 805 2820 ΧΧΧΙΙΙ
822 2761 941 2834 episcopi
957 2756 1178 2828 subscripserunt,

55 2873 58 2882 '
140 2878 296 2936 rursumque
321 2862 416 2919 Artori
440 2863 519 2919 uiiurn
547 2863 752 2940 chirogrepbuur
774 2864 991 2934 conscripserunt
1014 2863 1041 2915 st
1062 2855 1178 2914 Eusebio

140 2971 167 3020 et
184 2964 245 3020 eiiis
264 2965 417 3036 eprsoopis,
442 2970 471 3020 ui
488 2963 701 3034 subscriberent,
725 2963 908 3030 tradiderunt,
932 2959 981 3018 sed
996 2974 1052 3016 cun
1070 2956 1104 3015 ub
1125 2955 1178 3012 En·

138 3068 214 3121 sebio
238 3066 347 3120 anineti
372 3065 522 3122 nuliatenus
538 3069 732 3134 consentirent,
757 3068 901 3136 coeperunt
923 3062 1060 3134 piurtnuru
1083 3065 1176 3134 gentu-

137 3166 204 3235 iuri‚
228 3164 298 3239 quod
315 3163 530 3240 ebtrogeepbuur,
555 3169 596 3222 cui
614 3169 700 3232 meti
723 3164 948 3238 subscripserunt,
975 3163 1081 3234 penitus
1104 3173 1175 3214 cusr-

136 3266 241 3324 bnstunr
272 3265 404 3322 ridebunt
457 3265 532 3323 Tunc
563 3269 647 3324 iretur
677 3269 847 3325 Constrntius
875 3264 1015 3323 Eusebium
1047 3259 1176 3316 voluntati

135 3367 291 3423 brionoruru
307 3364 426 3422 tradidit.
462 3365 513 3431 Qui
538 3371 657 3440 protinus
682 3372 765 3443 ipsun
785 3368 817 3425 de
836 3365 922 3426 credie
940 3365 1051 3422 sirone·
1071 3363 1175 3434 episco-

135 3482 228 3539 poruur
249 3468 383 3539 rspieetes
409 3471 438 3523 et
462 3466 554 3524 durius
579 3467 744 3544 iogeiiuntes
770 3486 836 3526 eninx
851 3484 901 3542 per
921 3467 1021 3540 grsdns
1045 3463 1173 3536 poiutiie

133 3583 234 3652 sueno
251 3584 336 3641 usque
353 3567 387 3624 ed
406 3569 485 3626 iicon
503 3575 529 3625 et
545 3569 680 3628 nrsusub
692 3573 744 3626 inre
755 3568 884 3642 usqueed
895 3568 1172 3636 sunnnntruxeruot

136 3667 198 3725 Cure
220 3685 286 3743 ergo
311 3671 403 3748 eapite
418 3671 443 3742 ²)
451 3685 580 3726 concusso
602 3671 708 3727 unitum
730 3673 884 3746 sanguinein
908 3668 1023 3725 iniisset
1039 3672 1067 3723 et
1084 3662 1173 3721 sdbuo

60 3803 63 3809 ·
134 3785 187 3826 non
204 3771 360 3839 assentiret,
385 3772 480 3827 uinctis
502 3777 568 3854 post
589 3776 692 3845 tergun
717 3771 835 3827 menibus
854 3787 903 3842 per
921 3767 1016 3826 coiiuru
1034 3783 1091 3824 eurr
1109 3764 1171 3822 iune

134 3872 219 3943 ipsun
242 3869 391 3928 trabebant.
425 3869 486 3944 ipse
511 3877 598 3928 uutern
619 3875 723 3946 gratius
745 3887 829 3946 egens
854 3869 968 3938 dicebat,
991 3884 1021 3926 se
1037 3882 1086 3941 pre
1105 3881 1170 3923 eon-

133 3970 252 4028 iessione
268 3970 417 4028 eutboiicee
434 3971 496 4029 idei
512 3973 579 4029 nori
596 3989 656 4031 esse
680 3979 808 4046 peretum.
842 3970 918 4029 Tunc
936 3971 1105 4028 bonstnnttss
1121 3965 1169 4024 Li·

132 4072 233 4130 bertun
258 4087 367 4145 popum,
397 4071 565 4146 iiponisiurc,
595 4073 730 4131 Paulinum
755 4079 782 4130 et
805 4088 894 4130 onnes
921 4072 990 4128 uiios
1017 4073 1168 4144 episcopos.

133 4175 178 4246 qui
196 4174 255 4246 ejus
273 4173 393 4245 ererupto
413 4173 517 4232 iuersut
534 4178 655 4243 spineti,
673 4179 700 4232 iu
718 4174 838 4234 exstitero
856 4174 924 4227 rritti
942 4173 1012 4242 iecit,
1028 4170 1168 4230 Eusebium

134 4289 197 4331 sero
209 4273 279 4348 epud
297 4273 459 4347 Septepoiin,
477 4274 566 4332 urben
584 4276 762 4345 Psiueetinee,
781 4275 874 4332 brieri
893 4273 1023 4332 deserunt
1038 4280 1065 4332 et
1082 4275 1168 4346 ipsun

135 4411 508 4432 *Ἣ

184 4492 206 4546 i)
220 4490 261 4537 Ed.
274 4496 309 4538 Pr.
321 4499 344 4538 ei
356 4492 393 4539 bie
407 4499 430 4540 et
442 4491 501 4539 inin
513 4497 603 4539 xxix
616 4491 677 4548 tetii.
753 4493 777 4547 2)
790 4490 835 4537 niti
847 4487 1053 4546 conquiescere.
