2842 5286
327 503 388 566 208
545 506 616 586 Cep.
639 504 741 564 xbtx.
783 507 828 565 De
851 516 948 564 saueto
971 504 1137 566 Benedicta

325 661 502 730 uediioanent,
519 665 641 734 antiquus
660 661 746 720 bostis
764 665 819 718 ntro
836 663 888 718 liei
906 667 1029 735 apparuit
1046 671 1072 720 et
1086 665 1150 735 quia
1161 662 1196 718 ad
1215 662 1361 720 laborantes

325 762 422 818 iratres
441 770 581 834 pergeret,
597 762 734 831 indicavit,
754 765 798 835 qul
817 767 937 834 protinus
957 765 990 818 ils
1005 779 1054 834 per
1071 764 1187 819 nuntium
1206 765 1293 818 misit:
1311 763 1360 818 lra-

324 869 396 924 tres,
425 868 502 918 caute
522 876 568 917 uos
588 864 675 935 agite,
707 866 769 934 quia
794 861 828 917 ad
852 879 899 917 vos
922 865 1031 935 spiritns
1048 863 1178 936 malignus
1199 865 1280 919 venit.
1316 861 1362 919 Vns

325 967 412 1018 autem
439 963 544 1017 nuntius
567 960 650 1016 norbo
677 963 816 1034 compleuit
838 969 865 1017 et
888 978 950 1018 enee
974 965 1101 1034 parietem
1130 965 1255 1035 antiquus
1280 961 1362 1018 bostis

326 1064 463 1118 eventilet
480 1060 608 1132 quendam
628 1059 735 1132 puerum
757 1061 910 1117 monachum
928 1064 1003 1117 ruina
1020 1064 1150 1117 contrivit.
1191 1061 1245 1118 Sed
1263 1064 1307 1117 uir
1317 1061 1363 1118 liei

326 1177 433 1232 puerum
452 1169 578 1218 mortuum
597 1167 624 1215 ei
641 1159 783 1217 iesuralem
806 1164 833 1216 in
851 1176 930 1216 saeco
955 1162 989 1216 ad
1008 1177 1037 1236 se
1056 1161 1151 1216 adduei
1173 1162 1241 1217 leoli
1258 1168 1287 1217 et
1304 1159 1362 1218 bra·

323 1262 397 1315 tione
422 1275 471 1315 sua
500 1263 584 1332 ipsum
609 1263 771 1316 resuscitans
802 1263 877 1332 operi
903 1261 1040 1332 praediolo
1065 1263 1189 1316 restitnit
1214 1291 1250 1304 ·-
1271 1283 1307 1300 ’-
1330 1289 1363 1302 -

322 1364 359 1419 4.
378 1359 475 1415 Laieus
498 1359 602 1432 qnidam
619 1359 747 1415 honestae
769 1362 840 1416 uitae
859 1361 973 1433 singulis
990 1361 1067 1415 annis
1091 1360 1124 1414 od
1147 1359 1362 1416 uisitandnmri·

326 1476 380 1514 rum
397 1459 447 1515 Dei
463 1461 587 1531 jejnnans
605 1461 695 1516 uenire
713 1468 894 1516 consueuerat.
931 1458 1047 1523 Quadam
1060 1461 1142 1531 igitnr
1153 1458 1207 1526 die,
1227 1458 1289 1513 dnm
1301 1458 1363 1515 illus

324 1562 382 1625 iret,
402 1575 432 1615 se
449 1559 489 1613 illi
502 1560 667 1614 alterniater
685 1558 814 1631 adJunnlt,
831 1561 875 1630 qui
892 1557 1032 1613 sumendos
1051 1561 1079 1612 in
1095 1561 1189 1613 itinere
1205 1559 1283 1613 eibos
1301 1573 1362 1629 por-

323 1659 406 1726 tabat,
422 1675 531 1731 eumque
546 1658 602 1730 jann
618 1657 720 1712 tardior
736 1656 803 1714 bona
820 1659 989 1724 excrevisset,
1007 1650 1085 1712 dixit:
1106 1659 1182 1746 ueni,
1201 1657 1296 1725 irater,
1317 1673 1361 1713 su·

323 1773 422 1814 mamus
442 1758 543 1826 elbum,
570 1774 603 1813 ne
621 1756 751 1813 lassemur
771 1759 797 1813 in
814 1760 866 1812 nin.
902 1757 958 1822 Quo
976 1756 1163 1828 respondente,
1186 1757 1257 1828 quod
1274 1756 1360 1812 nnlla-

321 1867 397 1916 tenns
416 1859 501 1914 oibnm
520 1861 546 1913 in
565 1860 761 1931 degustaret,
791 1856 825 1912 ud
844 1856 934 1911 bonaur
960 1857 1005 1912 nile
1023 1855 1161 1924 subticuit,
1194 1856 1361 1927 postmodum

322 1959 357 2014 ad
371 1957 421 2013 boe
440 1959 524 2030 ipsnrn
549 1959 682 2022 Invitavit,
718 1956 767 2011 sed
787 1956 832 2011 iiie
855 1958 1004 2012 eonsentire
1027 1955 1119 2011 noluit.
1159 1955 1281 2028 benique
1305 1945 1365 2012 eu·¹

321 2058 388 2115 bora
402 2059 456 2130 jam
471 2033 645 2130 praeterisset
664 2063 691 2112 et
710 2071 757 2113 eos
776 2049 882 2128 longum
896 2057 1037 2129 fatigasset
1052 2057 1118 2123 iter,
1134 2061 1237 2127 pratum
1254 2055 1359 2112 etlou-

320 2165 373 2215 tem
398 2165 425 2214 et
447 2171 623 2230 quaeeunque
642 2162 764 2229 poteraut
787 2171 883 2226 eorpus
902 2153 935 2210 ad
953 2154 1119 2210 relioiendnm
1139 2155 1287 2222 delectare,
1319 2157 1359 2212 ln-

320 2263 453 2314 uenernnt.
490 2258 564 2315 Turno
582 2260 669 2313 uiator
686 2255 738 2312 boo
764 2257 790 2312 ei
808 2253 950 2311 osteudens
968 2257 1088 2328 rogasit,
1112 2262 1140 2310 ut
1156 2254 1290 2326 paululum
1308 2271 1359 2328 gu·

320 2364 405 2413 staret
422 2363 448 2412 et
465 2356 562 2412 ibidem
582 2359 746 2427 quiescere13
768 2371 824 2411 enm
842 2357 925 2426 igitur
941 2354 1024 2410 verba
1041 2353 1150 2410 auribus
1173 2361 1199 2410 et
1215 2355 1275 2410 inea
1293 2369 1359 2412 oen-

318 2457 353 2512 ils
370 2456 558 2523 blandirentur,
578 2456 662 2512 eidem
678 2458 819 2512 consensit.
847 2455 960 2526 Cumque
977 2453 1010 2508 ad
1028 2453 1196 2509 benedictum
1213 2457 1359 2522 uenissent,

219 2589 221 2594 κ
319 2555 387 2612 dixit
405 2557 430 2612 ei
447 2557 487 2610 vir
504 2555 568 2632 Dei:
587 2571 657 2623 esee,
675 2554 766 2621 irater,
784 2554 915 2626 malignus
933 2553 1019 2608 bostis
1032 2553 1115 2610 semei
1130 2552 1179 2608 tibi
1193 2555 1359 2626 persuadere

317 2672 371 2713 non
388 2657 482 2726 potuit,
498 2655 614 2711 seeundo
632 2670 685 2710 non
702 2653 793 2719 ualuit,
811 2653 859 2708 sed
875 2657 954 2710 tentio
974 2654 1117 2725 superarit.
1152 2652 1228 2709 'inne
1245 2654 1293 2710 ille
1311 2672 1357 2728 pe-

317 2754 395 2810 dibus
413 2758 470 2826 ejus
489 2754 630 2810 aduointm
649 2770 680 2810 se
697 2753 843 2826 deliquisse
860 2754 995 2826 ingenuit.
1015 2781 1050 2794 -
1064 2781 1099 2793 -
1130 2757 1166 2812 li.
1183 2752 1295 2810 'i'botiia
1311 2771 1358 2812 res

318 2852 461 2912 Gothorum
479 2856 595 2926 experiri
608 2854 809 2920 veiens-utrum
822 2854 863 2908 uir
871 2851 921 2909 Dei
933 2850 1089 2925 prophetiae
1101 2854 1223 2923 spiritum
1235 2852 1356 2922 baberet

316 2954 418 3009 suidam
436 2970 484 3009 suo
510 2955 628 3024 spatario
653 2955 810 3009 vestimenta
832 2951 935 3024 regalia
959 2951 1051 3006 tribuit
1073 2967 1183 3023 euntque
1205 2971 1263 3011 oum
1284 2959 1354 3013 omni

316 3058 445 3126 apparatu
463 3055 539 3127 regio
556 3053 590 3107 ad
608 3053 792 3108 monasterium
809 3051 961 3117 destinauit,
980 3067 1055 3122 quem
1065 3050 1111 3108 iiie
1128 3055 1273 3112 seuientem
1290 3073 1354 3114 eon·

316 3154 433 3226 spiolens
451 3153 532 3218 dixit3
555 3166 641 3222 pone,
666 3149 720 3218 iili,
743 3167 827 3223 pone:
853 3150 905 3206 boo
923 3150 992 3223 qued
1011 3158 1118 3222 portas,
1143 3169 1197 3209 non
1215 3161 1257 3211 esi
1272 3163 1352 3214 tuum.

316 3251 367 3316 Qui
383 3253 503 3323 protinus
521 3253 548 3306 in
565 3256 662 3306 ternam
681 3250 776 3306 seoidlt
792 3256 820 3307 et
836 3252 899 3326 qula
915 3257 990 3307 tanto
1015 3252 1071 3306 siro
1089 3250 1201 3309 illudere
1216 3269 1353 3324 praesam-

315 3352 406 3417 sisset,
426 3353 540 3422 espault
554 3381 590 3392 -
600 3379 637 3393 ·-
661 3355 697 3410 ο.
717 3348 835 3406 Clericus
847 3350 960 3422 qnidam,
980 3351 1026 3422 qni
1038 3365 1056 3406 a
1069 3349 1182 3421 dyabolo
1197 3353 1354 3424 emebatur,

316 3449 351 3508 ad
370 3451 450 3505 ulrum
466 3449 531 3516 Ilei,
549 3455 578 3504 ui
594 3454 742 3515 ssumetus,
760 3449 888 3504 addemus
904 3455 959 3516 est,
986 3463 1095 3520 eumque
1113 3449 1147 3505 ab
1165 3467 1197 3506 eu
1214 3451 1353 3524 dyabolum

316 3547 478 3621 expulisset,
495 3550 546 3603 ait:
568 3549 634 3604 vade
652 3555 678 3603 et
696 3547 729 3603 ds
747 3554 852 3604 eaetero
872 3563 965 3604 oannes
982 3561 1035 3603 non
1050 3548 1174 3605 eomedas
1190 3565 1238 3606 nee
1255 3553 1290 3607 ad
1308 3569 1353 3609 ss·

316 3665 376 3706 eros
402 3649 508 3704 ordines
532 3647 659 3704 aeeedss:
694 3661 854 3720 quarumque
885 3653 969 3702 antem
998 3644 1042 3703 dle
1067 3646 1102 3703 ad
1130 3663 1222 3705 saeros
1245 3651 1353 3710 ordines

315 3749 444 3806 ueeedere
460 3749 666 3820 praesumseris,
688 3748 745 3819 Jnri
766 3745 872 3817 dyaboli
896 3745 1097 3815 mancipaberis.
1140 3747 1202 3804 (lum
1220 3765 1285 3806 nero
1303 3751 1354 3808 bue

315 3850 404 3922 aliquo
421 3856 539 3920 tempore
556 3847 736 3913 custodiisset,
752 3845 801 3902 sed
815 3848 928 3900 minores
946 3859 1008 3900 suos
1024 3844 1075 3900 sibi
1090 3850 1217 3920 praeponi
1230 3850 1256 3904 in
1267 3827 1354 3906 saeris

315 3950 452 4006 ordinibus
472 3954 606 4015 cerneret,
634 3944 717 4003 verbu
734 3946 785 3999 uiri
801 3943 851 4000 Dei
869 3945 947 4016 quasi
966 3960 998 4000 ex
1021 3944 1103 4018 longo
1118 3953 1237 4018 'tempore
1253 3948 1353 4005 obiitus

314 4051 467 4122 postposuit
483 4053 562 4119 atque
579 4045 613 4101 ad
632 4059 734 4102 ssorum
753 4044 870 4100 ordinum
889 4046 1010 4101 aeemntt.
1047 4044 1127 4109 Quem
1144 4049 1352 4119 momorderis

314 4147 472 4220 reliquerat,
499 4144 627 4218 dyabolus
650 4145 734 4200 tenuit
758 4159 868 4216 eumque
891 4144 914 4198 is
940 4159 1053 4212 tenure,
1080 4159 1216 4218 quousque
1240 4148 1353 4204 animm

315 4247 374 4319 ejus
392 4252 535 4312 exoniensi,
551 4261 604 4301 uon
620 4245 743 4301 cessauit.
761 4275 795 4286 -
807 4275 843 4288 ·-
876 4247 906 4304 ἶ.
922 4242 969 4300 Vir
979 4244 1006 4314 ¹)
1018 4244 1123 4318 quidam
1141 4244 1208 4302 duos
1221 4245 1352 4304 buoouss

365 4463 387 4515 l)
400 4463 524 4516 depuratos
536 4459 635 4514 quinque
648 4457 782 4516 prinasptri
795 4481 818 4493 -
832 4459 849 4514 5.
863 4462 896 4505 il.
909 4457 991 4504 demunt
1003 4457 1026 4502 iu
1041 4457 1080 4504 Ed.
1094 4457 1164 4503 Primo.
1177 4458 1257 4506 nnsd.
