2866 5310
317 426 379 490 280
455 441 456 444 ’
502 427 577 508 Cep.
599 425 702 487 Llllll.
743 426 787 488 De
808 432 907 486 sancto
928 425 1014 485 Petro
1036 427 1164 484 martire.

317 585 381 643 ilum
399 600 464 660 ergo
480 584 628 642 haereticos
647 597 679 641 ee
694 582 816 660 obligare
833 583 929 650 nollet,
954 583 1048 639 beatus
1062 581 1157 640 Petrus
1181 597 1238 638 cum
1256 595 1343 655 magne

317 682 414 742 tincto
435 683 514 740 dixit:
542 683 575 739 ad
599 683 666 752 boc,
691 681 761 756 rprod
789 697 867 738 verus
891 681 962 740 Dens
980 681 1122 737 visibilium
1139 689 1167 738 ct
1184 681 1346 737 invisibilium

319 790 423 840 creator
439 789 597 840 monstretur
613 790 640 838 et
656 781 689 838 ad
708 781 915 837 consolationem
933 779 1045 837 fidelium
1071 787 1099 837 et
1120 781 1154 835 ad
1173 780 1346 836 coniusinsen

318 882 509 940 baereticorum
528 899 596 954 rogo
614 881 714 948 licum,
731 886 761 936 ut
776 879 866 952 aliqua
882 880 1012 937 nubecula
1029 878 1175 937 semanim
1194 886 1222 936 et
1238 895 1270 934 se
1287 881 1349 934 inter

271 973 273 976 ’
319 983 401 1039 solem
419 989 446 1039 et
462 982 585 1054 popnium
603 984 762 1057 interponat.
798 978 873 1044 iinod
897 995 956 1036 nou
979 982 1126 1050 praemisso
1149 982 1240 1035 crucis
1262 980 1349 1051 sigus-
1409 1019 1410 1024 ι

318 1083 377 1138 cnlo
396 1084 491 1138 iactum
512 1081 575 1148 init,
598 1096 647 1152 per
664 1093 782 1152 magnam
802 1077 891 1134 boram
908 1080 935 1133 in
952 1079 1053 1134 modom
1070 1080 1216 1151 papilionis
1233 1077 1349 1149 populu

257 1183 258 1186 ’
318 1179 448 1238 nubecula
466 1188 630 1253 protegente.
647 1209 683 1220 -
696 1206 733 1220 -·
747 1205 783 1221 ···
809 1183 846 1240 ⁸.
863 1178 1020 1234 Contractus
1037 1178 1159 1250 qnidam,
1178 1179 1285 1232 nomine
1302 1175 1349 1232 bs·

320 1279 416 1336 serbus
433 1295 490 1336 cunr
517 1297 567 1351 por
588 1281 702 1351 qumque
725 1292 809 1333 anuos
837 1278 979 1333 mansisset
1001 1284 1168 1345 contractos,
1200 1278 1240 1331 ita
1262 1282 1292 1330 ut
1308 1291 1350 1347 per

319 1385 415 1436 terram
433 1382 460 1435 in
478 1382 595 1436 sextmio
608 1377 767 1443 traheretur,
785 1375 963 1433 Mediolanum
981 1376 1014 1431 ad
1028 1375 1133 1432 beatum
1145 1376 1252 1433 Petrum
1264 1374 1351 1430 ductus

321 1478 386 1536 init:
403 1495 480 1552 quem
498 1495 555 1534 cum
573 1479 668 1534 beatus
685 1476 779 1532 Petrus
796 1477 944 1548 signassent,
963 1479 1084 1532 continum
1102 1470 1214 1531 sanatus
1231 1477 1349 1531 sarmit

294 1639 295 1642 Ἴ
321 1576 456 1642 Quaedam
473 1581 551 1634 etiarn
568 1576 708 1643 miracula,
729 1589 798 1646 quse
818 1591 866 1646 per
884 1590 941 1631 enm
959 1574 1088 1642 dominns,
1106 1573 1166 1630 dnm
1187 1577 1299 1642 vireret,
1315 1573 1349 1628 ie·

320 1680 371 1744 cit,
396 1677 563 1734 Innocentius
582 1680 609 1732 in
625 1674 762 1750 praedicta
780 1674 895 1745 epistola
911 1676 1005 1730 recitat
1023 1672 1129 1730 dicens:
1152 1674 1292 1746 cujusdam
1307 1691 1350 1730 so·

322 1775 384 1832 bilis
409 1777 489 1831 lilium
513 1792 577 1848 pron
602 1775 681 1829 nimio
706 1781 733 1830 et
755 1773 877 1828 horribili
899 1777 980 1830 totius
1003 1774 1083 1846 gaiae
1099 1781 1203 1828 tumore
1219 1789 1270 1830 nec
1286 1774 1351 1846 ioqui

322 1891 370 1932 nec
393 1878 497 1947 spirare
521 1875 651 1930 ualentem
673 1873 768 1928 leuatis
794 1873 829 1928 ad
846 1872 976 1930 dominnm
994 1874 1113 1930 manibus
1130 1879 1157 1930 ei
1175 1876 1263 1930 crucis
1281 1875 1352 1930 ineo

322 1975 393 2030 iccio
410 1974 548 2048 signaculo
567 1975 666 2044 ilioque
685 1973 831 2043 recipiente
854 1975 939 2045 ipsine
963 1983 1073 2044 cappam
1096 1978 1124 2028 ct
1140 1972 1243 2029 lnirmo
1260 1987 1352 2044 suppo-

322 2081 402 2130 nente
427 2090 485 2131 eum
508 2074 580 2138 iiiico
604 2074 716 2127 monuit.
748 2070 819 2128 idem
841 2072 938 2128 nobilis
956 2071 1103 2129 vehementi
1116 2071 1282 2142 postmodum
1300 2085 1353 2128 cor·

322 2176 396 2246 poris
413 2176 528 2229 tortione
545 2179 687 2246 meatus,
711 2171 822 2228 credone
840 2178 867 2228 ot
882 2179 999 2228 metucns
1016 2169 1112 2228 cuindc
1129 2173 1183 2227 ribi
1199 2174 1293 2226 mortis
1311 2173 1354 2226 in·

323 2275 422 2330 minere
441 2274 581 2329 discrimen
596 2286 705 2344 cappam
723 2274 822 2342 ipsam,
847 2285 924 2343 quarn
948 2277 1043 2327 extunc
1060 2276 1280 2338 concameraret,
1308 2285 1354 2330 ae·

324 2380 447 2428 seronior
463 2372 526 2428 iecit
542 2371 647 2440 offerri,
671 2387 724 2443 qna
740 2387 788 2426 suo
809 2375 932 2443 apposita
948 2373 1049 2442 pectori
1065 2387 1126 2426 mon
1142 2386 1258 2428 ucrmem
1279 2385 1368 2442 epaen-¹

326 2470 386 2526 dnm
411 2471 463 2526 dno
491 2470 629 2526 habentem
653 2473 743 2542 capita
764 2479 791 2526 et
814 2471 925 2542 pilorum
950 2470 1081 2526 densitate
1105 2469 1227 2526 riiiosnm
1247 2473 1358 2525 eronnit

325 2571 405 2642 plena
421 2570 577 2627 liberatione
593 2576 694 2625 secuta.
730 2569 840 2625 Cnidsm
852 2570 945 2642 iuueni
965 2577 1051 2637 muto,
1076 2572 1193 2625 immisso
1218 2573 1248 2625 in
1271 2585 1303 2626 os
1321 2569 1359 2624 di-

316 2673 384 2746 ¹gito
401 2684 517 2740 snacqoc
532 2669 640 2744 lingone
658 2669 746 2740 scinto
763 2668 889 2742 ligamine
903 2667 1058 2728 beneficium
1078 2669 1201 2740 loquelae
1221 2671 1359 2726 concernit

327 2767 399 2826 llaec
415 2776 441 2825 et
460 2768 514 2826 alie
532 2769 624 2840 plura,
649 2767 709 2823 rium
731 2770 848 2836 vireret,
872 2768 996 2842 dignatos
1024 2775 1066 2825 est
1090 2785 1139 2840 per
1162 2784 1222 2826 eum
1245 2769 1361 2825 dominus

283 2871 285 2874 ’
328 2870 442 2940 operari.
459 2899 494 2910 -·
510 2900 544 2910 —
560 2899 594 2910 -
621 2874 656 2932 ⁴.-
681 2867 775 2924 Verum
798 2883 854 2923 cum
877 2871 961 2939 pestis
986 2867 1120 2924 haeretica
1142 2870 1170 2922 in
1187 2867 1362 2924 Lombnrdiae

328 2971 463 3040 provincia
480 2969 622 3041 pullularet
638 2974 665 3024 et
683 2968 777 3022 multus
792 2968 849 3039 jam
864 2971 984 3024 ciuitates
999 2969 1159 3041 contagione
1177 2968 1307 3039 pestilera
1325 2971 1364 3024 in·

330 3066 453 3135 lecisset,
477 3084 591 3122 summus
609 3067 728 3139 pontiiert
751 3069 783 3122 ad
804 3073 903 3138 pestem
922 3067 1083 3139 dyabolicam
1101 3067 1259 3125 eliciendam
1278 3067 1364 3124 direr-

330 3181 376 3222 tos
393 3169 564 3239 inquisitores
589 3167 622 3222 dc
648 3167 739 3223 ordine
763 3166 974 3237 praedicatorum
998 3168 1026 3222 in
1051 3166 1164 3222 dirersis
1189 3164 1367 3222 Lombardiae

331 3267 451 3338 partibus
470 3266 614 3339 delegasit.
647 3265 700 3320 Sed
717 3281 772 3322 cum
790 3265 861 3337 apnd
876 3264 1054 3321 Mediolanum
1071 3265 1196 3322 baeretici
1212 3283 1265 3322 non
1283 3265 1367 3322 scium

221 3357 223 3362 ’
331 3365 405 3420 multi
421 3381 544 3434 nurnero,
569 3366 617 3422 sed
644 3367 722 3420 etiam
739 3366 871 3421 saeculari
894 3367 1014 3437 potentia
1038 3368 1109 3421 acuti
1125 3364 1296 3422 iraudulenta
1313 3366 1371 3421 elo·

333 3467 441 3537 quentia
455 3472 482 3521 et
493 3465 563 3537 pient
577 3464 716 3536 dyabolica
727 3468 837 3525 selentia
850 3464 1006 3531 residerent,
1024 3480 1137 3521 summus
1150 3463 1270 3536 pontiieu
1283 3465 1372 3520 sciens

332 3569 360 3620 ei
378 3565 531 3637 intelligens
548 3563 651 3620 beatum
669 3565 774 3621 Petrum
791 3567 873 3620 uirum
892 3579 952 3620 osse
970 3567 1176 3637 magnanimum,
1201 3565 1245 3637 qni
1266 3563 1300 3619 ab
1319 3564 1371 3620 bo·

333 3666 411 3719 stium
430 3662 594 3720 multitudine
613 3681 664 3720 non
684 3672 801 3736 peroret,
819 3665 1028 3721 animadvertens
1046 3680 1150 3737 quoquc
1168 3665 1227 3735 ojus
1245 3669 1373 3719 ιιιιιιιι·

333 3770 386 3819 tem
404 3767 537 3832 rirtntem,
554 3780 602 3836 pce
619 3779 695 3834 quarn
714 3763 924 3819 aduersariorum
943 3766 1079 3835 potentiae
1095 3779 1144 3819 nec
1161 3765 1188 3820 iu
1204 3761 1307 3818 modico
1326 3777 1373 3819 ce-

336 3863 426 3929 deret,
451 3879 614 3936 cognoscens
639 3867 717 3920 ctiam
736 3865 794 3936 ejus
812 3863 976 3933 facundiam,
1000 3879 1050 3934 per
1066 3877 1141 3936 quam
1161 3863 1243 3918 laciie'
1255 3859 1375 3920 baereti-

338 3977 426 4019 corum
450 3963 571 4019 laiiacias
596 3963 747 4036 detegeret,
773 3979 827 4018 noa
853 3965 980 4036 ignorans
1006 3966 1114 4035 insuper
1138 3964 1223 4033 ipsum
1239 3964 1266 4016 in
1284 3961 1375 4015 divina

338 4063 414 4135 piene
433 4064 566 4134 snpientia
583 4064 719 4129 eruditum,
737 4079 785 4135 per
804 4077 880 4134 ιιιιι
898 4063 995 4119 friuola
1010 4063 1201 4119 baereticorum
1219 4066 1377 4133 argumenta

339 4161 533 4218 rationabiliter
547 4161 712 4230 confutaret,
740 4163 824 4234 ipannu
842 4171 895 4218 tum
914 4170 1047 4218 strenuum
1062 4160 1125 4219 bdel
1143 4160 1259 4235 pugilem
1278 4167 1306 4215 ct
1321 4165 1375 4214 ιιιι

339 4261 498 4318 intotossnn
517 4262 613 4316 domini
636 4261 792 4318 bellatorem
812 4265 838 4318 in
856 4261 1008 4320 Mediolano
1026 4269 1053 4318 et
1080 4259 1138 4334 ejus
1156 4261 1279 4316 comitatu
1297 4260 1376 4314 insti-

338 4365 404 4432 tuit,
429 4370 455 4420 ot
473 4365 653 4436 inquisitorem
676 4377 749 4420 soum
773 4365 931 4420 auctoritate
950 4376 1078 4420 concessa
1096 4362 1216 4433 plenaria
1233 4360 1375 4417 ordinarit
