2828 5302
310 492 369 556 tta
559 493 630 572 Cep.
656 492 743 553 XXX.
787 494 830 555 De
851 504 950 553 sencio
972 493 1096 554 iulieuo.

310 655 422 726 peneus?
440 651 628 727 dixeruntque:
643 655 810 727 projiciemus
829 668 903 708 unuin
924 669 956 709 ex
977 653 1053 708 nobis
1072 655 1099 708 in
1117 653 1344 727 plausteurnsupi·

310 771 368 809 ιιιιιι
386 758 413 809 et
430 768 487 808 euru
512 755 605 824 pannis
625 742 805 825 cooperiamus
824 752 1009 825 dicamusque,
1041 751 1110 824 quod
1131 751 1259 810 iuourinern
1277 771 1348 810 uor-

309 861 380 909 tuunu
399 857 425 908 in
443 851 562 909 rediculo
586 852 710 910 hebernus
736 858 762 908 ot
783 853 821 907 sic
839 851 916 908 liberi
934 855 1046 908 transire
1064 857 1216 925 poterimus.
1270 858 1344 911 Arri-

310 955 464 1027 pienteaquo
483 950 609 1010 hominen
628 969 704 1007 ursuni
725 953 750 1006 iu
770 951 912 1022 plaustrum
932 954 1098 1025 projecerunt
1115 955 1193 1025 eique
1209 954 1346 1011 siiseruut:

310 1062 337 1110 tu
355 1054 405 1111 siio
430 1059 457 1110 et
480 1053 570 1108 ocutus
591 1052 684 1109 oiuude
701 1058 729 1106 et
746 1066 880 1123 quousque
896 1055 1091 1121 transierimus,
1130 1056 1207 1124 qussi
1227 1049 1346 1110 uortuus

307 1155 377 1226 juce.
427 1153 542 1225 Cumque
561 1151 687 1208 noniucn
707 1158 838 1222 tunrquent
857 1157 985 1207 nortuum
1003 1155 1201 1225 cooperuissent
1218 1160 1245 1210 et
1262 1171 1347 1226 usque

310 1253 345 1309 ed
364 1253 474 1308 taurios
492 1252 539 1308 diei
557 1251 687 1310 Juiieuunr
705 1258 734 1307 et
748 1250 842 1308 Juiiuur
861 1253 1005 1318 uenissent,
1023 1252 1145 1308 dixerunt
1162 1255 1187 1308 ei
1199 1257 1269 1309 servi
1281 1254 1345 1311 liei:

311 1351 385 1408 iiiioii
408 1367 549 1424 parumper
571 1349 692 1408 subsitito
717 1359 744 1408 et
761 1367 809 1406 uos
830 1354 856 1408 in
881 1351 931 1407 iruc
957 1367 1038 1424 opere
1062 1351 1188 1408 modicum
1208 1352 1344 1426 minucie.

312 1455 362 1519 Qui
379 1451 584 1524 responderunt:
603 1467 655 1506 non
673 1465 811 1525 possennus
831 1451 872 1506 iric
889 1459 971 1518 sture,
990 1454 1110 1524 quonium
1129 1452 1258 1508 honinem
1274 1469 1345 1510 ssor-

311 1562 381 1609 tuutn
400 1555 426 1606 iu
444 1551 561 1623 pieuetro
579 1550 714 1608 hatenus.
764 1551 865 1616 Quibus
882 1558 987 1606 sarsctus
1008 1551 1129 1617 Julianus
1147 1553 1228 1608 dixit:
1269 1555 1297 1626 ¹)
1316 1561 1345 1608 ut

312 1652 375 1726 quid
392 1655 430 1706 ito
447 1653 587 1706 mentimini
607 1651 673 1706 iiiiii
725 1650 759 1708 Bt
774 1651 829 1707 iiii:
865 1668 915 1705 stou
934 1655 1069 1708 mentietur
1091 1651 1210 1721 doniue,
1239 1653 1286 1708 sed
1305 1657 1346 1709 sie

312 1759 362 1821 est,
381 1758 410 1806 ιι
425 1751 562 1822 loquimur.
615 1749 650 1808 Et
667 1758 772 1807 sanctus
794 1751 915 1808 Julianus
933 1752 1013 1808 dixit:
1049 1753 1190 1809 secundun
1208 1756 1344 1810 ueritate·

311 1853 376 1908 dict'r
393 1854 473 1920 uestri
491 1853 529 1906 ite
548 1849 623 1907 robis
639 1855 782 1925 continget.
834 1849 869 1907 Et
887 1851 924 1908 iiii
949 1851 1030 1908 bores
1052 1859 1199 1927 pungentes
1222 1862 1343 1924 pertract-

311 1955 412 2009 sieruut
424 1965 534 2022 cumque
552 1950 643 2020 procui
662 1953 890 2022 pertimuissent,
908 1951 1061 2007 secedentes
1079 1953 1230 2008 adcurrere
1248 1967 1345 2025 coepe·

312 2061 372 2108 runt
393 2051 521 2123 collegam
545 2066 618 2105 eureus
644 2064 739 2108 nocere
766 2067 799 2106 eu
817 2053 919 2106 nomine
936 2050 1067 2107 dicentes:
1103 2067 1184 2125 surge
1202 2053 1297 2109 auctio
1317 2061 1345 2110 et

312 2152 417 2210 etimuiu
433 2149 532 2216 bores,
568 2157 595 2204 ut
611 2150 723 2207 celerius
740 2157 912 2208 treuseuurus.
959 2149 1021 2206 Cunr
1044 2157 1128 2208 cute·
1147 2153 1295 2209 uuiiiatenus
1314 2169 1345 2210 se

312 2257 442 2319 uoueret,
460 2266 517 2306 eune
536 2251 641 2322 puisere
658 2255 802 2322 cooperunt
820 2250 950 2307 diceutes:
984 2253 1011 2306 ui
1029 2249 1229 2324 quid'deiirus?
1261 2269 1344 2326 surge

311 2362 339 2412 et
355 2352 460 2409 etinuia
477 2351 568 2407 bures.
603 2349 657 2406 Sed
672 2365 729 2405 cunr
746 2350 894 2406 nuliatenus
912 2351 958 2406 iiio
975 2351 1161 2422 responderet,
1187 2352 1345 2410 resedentes

311 2455 545 2525 discooperuerunt
568 2466 627 2506 oum
652 2455 679 2506 oi
695 2457 821 2504 ιιοιιιιιιιιι
844 2451 998 2508 inuenerunt
1015 2458 1155 2524 uniusque
1172 2454 1253 2508 tineor'
1269 2455 1344 2525 ipsos

313 2559 339 2610 ιι
356 2558 475 2608 caeteros
497 2553 610 2619 inussit,
640 2555 668 2605 ιιι
686 2549 771 2605 nutius
789 2550 821 2607 de
839 2557 943 2607 coetero
963 2550 1059 2607 tunsio
1078 2551 1125 2608 Dei
1141 2555 1242 2609 neutiui
1259 2552 1341 2610 uude·

311 2659 360 2711 ret.
377 2683 412 2694 -
428 2681 458 2692 -
478 2682 513 2694 -
536 2657 571 2710 4.
591 2649 651 2707 Fuit
667 2653 745 2707 etia·
769 2651 837 2706 eiius
853 2650 972 2709 Juiisnu's
992 2655 1035 2724 qui
1053 2659 1189 2725 utruuuque
1207 2659 1342 2724 parentets

312 2754 431 2808 nesciens
456 2751 550 2806 occidit
571 2767 680 2824 cunque
703 2753 727 2806 is
751 2750 871 2808 Juiienus
895 2751 1044 2822 praedictus
1065 2750 1172 2824 jusords
1195 2763 1227 2806 uc
1245 2751 1343 2809 renuis

313 2852 425 2925 quadum
443 2851 487 2906 die
507 2853 637 2907 terretiuni
654 2853 788 2908 insisteret
806 2858 833 2908 ιι
850 2851 978 2923 quendem
995 2867 1098 2908 ιιιιιιιι
1116 2858 1245 2922 repertum
1269 2854 1340 2908 inse·

311 2956 450 3024 queretur,
487 2952 574 3006 subito
598 2967 692 3011 cerrus
715 2967 808 3008 versus
834 2968 890 3007 eunt
915 2951 1003 3007 diriuo
1028 2959 1090 3006 nutu
1115 2966 1145 3006 se
1168 2951 1343 3024 tertii'eiquc

312 3051 392 3106 dixit:
410 3058 438 3106 tu
455 3067 496 3107 rue
513 3053 669 3124 insequeris,
689 3052 732 3123 qui
750 3055 833 3122 petris
851 3057 878 3109 et
887 3055 977 3107 sustris
986 3059 1047 3108 tusc
1058 3053 1160 3108 occisor
1170 3050 1246 3108 eris?
1263 3049 1341 3116 Quod

311 3151 356 3207 iiie
373 3149 483 3205 audiens
502 3149 669 3207 veliementer
687 3153 805 3206 eutinuit
822 3156 858 3218 et,
879 3166 911 3208 ne
930 3151 981 3207 sibi
999 3152 1068 3209 torto
1078 3153 1250 3224 contingeret,
1269 3153 1340 3224 quod

311 3268 422 3308 euerso
442 3251 571 3320 audierat,
590 3251 687 3306 relictis
705 3249 823 3306 cursibus
840 3249 905 3306 uleus
923 3248 1054 3319 discessit,
1073 3251 1107 3306 ud
1118 3253 1251 3324 regium
1264 3252 1341 3308 uuide

310 3361 433 3409 renectere
460 3353 579 3423 pertenit
601 3349 690 3423 iiiique
715 3350 816 3406 cuidem
841 3353 952 3422 principi
976 3349 1096 3407 adhaesit
1120 3358 1147 3408 ci
1164 3359 1217 3407 ten
1234 3359 1341 3408 strenue

309 3451 404 3524 uirique
424 3460 450 3507 et
467 3453 493 3506 iu
513 3450 582 3506 ictio
601 3456 628 3505 et
644 3453 669 3505 ir
688 3465 752 3522 pecc
770 3467 800 3506 se
816 3449 923 3517 irebuit,
960 3451 1027 3523 quod
1053 3455 1174 3524 prinecps
1198 3469 1255 3506 curn
1273 3455 1341 3506 utiti-

308 3553 359 3609 to'n
386 3552 448 3607 iecit
471 3556 498 3605 et
525 3549 654 3621 quandum
679 3549 849 3606 castellanens
869 3551 970 3606 riduanr
989 3553 1016 3605 in
1034 3555 1171 3624 conjugem
1189 3554 1213 3606 ei
1231 3552 1340 3608 tradidit

309 3659 335 3708 et
352 3649 487 3708 castelium
507 3667 556 3722 pro
573 3650 635 3705 duic
653 3653 763 3720 decepit
817 3648 921 3704 intereo
938 3658 1061 3722 parentes
1077 3651 1174 3708 Juiieni
1193 3667 1241 3723 pro
1260 3655 1340 3709 unis·

308 3755 384 3808 sione
407 3752 454 3806 titt
466 3750 574 3814 ¹Julisni
597 3751 700 3806 uiutiusu
723 3749 842 3805 dolentes
867 3749 1016 3823 vagabundi
1035 3751 1130 3823 uicique
1149 3750 1295 3824 pergebant
1314 3761 1340 3808 ct

308 3851 386 3906 diiuu
404 3867 476 3908 suurn
494 3850 606 3906 solticite
625 3848 802 3922 quaerebant:
826 3849 930 3904 tanuen
947 3849 981 3904 sd
1001 3857 1130 3918 cestruse,
1159 3845 1204 3906 ubi
1219 3851 1340 3908 duiieuus

309 3959 445 4023 proceret,
464 3951 632 4006 deseruerunt.
668 3948 742 4005 Tunc
759 3956 844 4006 sutore
862 3948 982 4007 Julianus
1001 3965 1018 4004 a
1035 3957 1123 4008 castro
1140 3965 1204 4006 ιιιιι
1223 3966 1340 4005 recesse-

309 4060 359 4108 rat.
380 4051 450 4116 Quos
468 4065 524 4104 eun
543 4064 610 4104 uuor
627 4047 724 4104 Juliaui
739 4049 848 4104 uidisset
865 4057 901 4114 et,
922 4052 1025 4120 quinem
1042 4056 1141 4133 esseut,
1161 4052 1341 4121 inquisivisset

309 4157 336 4204 ιι
354 4151 392 4204 iiii
411 4153 507 4218 omnic,
526 4163 594 4221 queo
614 4145 667 4203 iiio
681 4163 728 4204 suo
741 4149 900 4215 ecciderunt,
919 4155 1096 4217 usurpassent,
1115 4150 1253 4210 tetetiexie.
1271 4151 1341 4222 quod

310 4250 359 4308 riri
376 4250 417 4304 sui
435 4255 559 4319 pereutes
576 4253 661 4315 erent,
679 4253 707 4301 ιιι
724 4255 797 4318 puto,
817 4251 879 4322 quie
897 4247 946 4306 hec
964 4251 1182 4306 auirosroiurte
1193 4249 1344 4322 frequenter

362 4469 381 4522 Ι)
395 4467 506 4525 Scriptum
520 4481 562 4526 pro
577 4467 674 4523 sulpuris
691 4469 726 4514 ud
738 4467 817 4522 quie
