<?xml version="1.0" encoding="UTF-8"?>
<!DOCTYPE html PUBLIC "-//W3C//DTD XHTML 1.0 Transitional//EN"
    "http://www.w3.org/TR/xhtml1/DTD/xhtml1-transitional.dtd">
<html xmlns="http://www.w3.org/1999/xhtml" xml:lang="en" lang="en">
 <head>
  <title>
</title>
<meta http-equiv="Content-Type" content="text/html;charset=utf-8" />
  <meta name='ocr-system' content='tesseract 3.04.00' />
  <meta name='ocr-capabilities' content='ocr_page ocr_carea ocr_par ocr_line ocrx_word'/>
</head>
<body>
  <div class='ocr_page' id='page_1' title='image "./jacobiavoragine00jacogoog_0352.png"; bbox 0 0 2866 5310; ppageno 0'>
   <div class='ocr_carea' id='block_1_1' title="bbox 384 441 1185 542">
    <p class='ocr_par' dir='ltr' id='par_1_1' title="bbox 384 441 1185 542">
     <span class='ocr_line' id='line_1_1' title="bbox 384 441 1185 542; baseline -0.025 -20"><span class='ocrx_word' id='word_1_1' title='bbox 384 461 460 542; x_wconf 83' lang='lat' dir='ltr'><strong>Cep.</strong></span> <span class='ocrx_word' id='word_1_2' title='bbox 475 457 607 518; x_wconf 87' lang='lat' dir='ltr'>LXXIII.</span> <span class='ocrx_word' id='word_1_3' title='bbox 649 455 694 516; x_wconf 88' lang='lat' dir='ltr'><strong>De</strong></span> <span class='ocrx_word' id='word_1_4' title='bbox 716 463 814 512; x_wconf 83' lang='lat' dir='ltr'><strong>semoto</strong></span> <span class='ocrx_word' id='word_1_5' title='bbox 837 450 949 528; x_wconf 83' lang='lat' dir='ltr'><strong>spiritu.</strong></span> <span class='ocrx_word' id='word_1_6' title='bbox 1127 441 1185 503; x_wconf 79' lang='lat'><strong>331</strong></span> 
     </span>
    </p>
   </div>
   <div class='ocr_carea' id='block_1_2' title="bbox 88 603 1280 3890">
    <p class='ocr_par' dir='ltr' id='par_1_2' title="bbox 88 603 1280 3890">
     <span class='ocr_line' id='line_1_2' title="bbox 148 603 1189 692; baseline -0.021 -14"><span class='ocrx_word' id='word_1_7' title='bbox 148 621 210 678; x_wconf 90' lang='lat' dir='ltr'><strong>Ideo</strong></span> <span class='ocrx_word' id='word_1_8' title='bbox 237 623 323 676; x_wconf 81' lang='lat' dir='ltr'><strong>etitem</strong></span> <span class='ocrx_word' id='word_1_9' title='bbox 347 623 374 676; x_wconf 92' lang='lat' dir='ltr'><strong>ln</strong></span> <span class='ocrx_word' id='word_1_10' title='bbox 399 619 444 676; x_wconf 93' lang='lat' dir='ltr'><strong>dle</strong></span> <span class='ocrx_word' id='word_1_11' title='bbox 468 617 687 692; x_wconf 76' lang='lat' dir='ltr'><strong>quiuquagesimo</strong></span> <span class='ocrx_word' id='word_1_12' title='bbox 709 616 806 669; x_wconf 85' lang='lat' dir='ltr'><strong>missus</strong></span> <span class='ocrx_word' id='word_1_13' title='bbox 825 618 883 680; x_wconf 89' lang='lat' dir='ltr'><strong>ost,</strong></span> <span class='ocrx_word' id='word_1_14' title='bbox 908 616 937 665; x_wconf 91' lang='lat' dir='ltr'><strong>ut</strong></span> <span class='ocrx_word' id='word_1_15' title='bbox 963 607 1041 664; x_wconf 91' lang='lat' dir='ltr'><strong>detur</strong></span> <span class='ocrx_word' id='word_1_16' title='bbox 1064 603 1189 688; x_wconf 79' lang='lat' dir='ltr'><strong>Intelligi,</strong></span> 
     </span>
     <span class='ocr_line' id='line_1_3' title="bbox 149 708 1188 794; baseline -0.016 -17"><span class='ocrx_word' id='word_1_17' title='bbox 149 723 271 794; x_wconf 81' lang='lat' dir='ltr'><strong>qnoniam</strong></span> <span class='ocrx_word' id='word_1_18' title='bbox 294 735 312 774; x_wconf 85' lang='lat' dir='ltr'><strong>u</strong></span> <span class='ocrx_word' id='word_1_19' title='bbox 336 723 431 792; x_wconf 86' lang='lat' dir='ltr'><strong>spiritu</strong></span> <span class='ocrx_word' id='word_1_20' title='bbox 450 724 544 774; x_wconf 85' lang='lat' dir='ltr'><strong>semoto</strong></span> <span class='ocrx_word' id='word_1_21' title='bbox 563 723 605 772; x_wconf 88' lang='lat' dir='ltr'><strong>est</strong></span> <span class='ocrx_word' id='word_1_22' title='bbox 620 716 690 788; x_wconf 77' lang='lat' dir='ltr'><strong>Iegis</strong></span> <span class='ocrx_word' id='word_1_23' title='bbox 711 709 857 786; x_wconf 77' lang='lat' dir='ltr'><strong>periestid‚</strong></span> <span class='ocrx_word' id='word_1_24' title='bbox 882 718 989 768; x_wconf 79' lang='lat' dir='ltr'><strong>ueteres</strong></span> <span class='ocrx_word' id='word_1_25' title='bbox 1014 708 1188 766; x_wconf 76' lang='lat' dir='ltr'><strong>remuneratio</strong></span> 
     </span>
     <span class='ocr_line' id='line_1_4' title="bbox 148 809 1188 892; baseline -0.012 -16"><span class='ocrx_word' id='word_1_26' title='bbox 148 828 175 877; x_wconf 91' lang='lat' dir='ltr'><strong>et</strong></span> <span class='ocrx_word' id='word_1_27' title='bbox 191 827 358 892; x_wconf 85' lang='lat' dir='ltr'><strong>peeoutororn</strong></span> <span class='ocrx_word' id='word_1_28' title='bbox 376 820 506 875; x_wconf 78' lang='lat' dir='ltr'><strong>remissio.</strong></span> <span class='ocrx_word' id='word_1_29' title='bbox 542 817 625 888; x_wconf 81' lang='lat' dir='ltr'><strong>Legis</strong></span> <span class='ocrx_word' id='word_1_30' title='bbox 643 813 787 886; x_wconf 76' lang='lat' dir='ltr'><strong>puricello,</strong></span> <span class='ocrx_word' id='word_1_31' title='bbox 812 811 933 882; x_wconf 80' lang='lat' dir='ltr'><strong>quonlam</strong></span> <span class='ocrx_word' id='word_1_32' title='bbox 951 811 1091 870; x_wconf 76' lang='lat' dir='ltr'><strong>secuudum</strong></span> <span class='ocrx_word' id='word_1_33' title='bbox 1111 809 1188 866; x_wconf 83' lang='lat' dir='ltr'><strong>Glos-</strong></span> 
     </span>
     <span class='ocr_line' id='line_1_5' title="bbox 148 898 1188 994; baseline -0.012 -19"><span class='ocrx_word' id='word_1_34' title='bbox 148 936 204 976; x_wconf 84' lang='lat' dir='ltr'><strong>rum</strong></span> <span class='ocrx_word' id='word_1_35' title='bbox 231 936 248 976; x_wconf 83' lang='lat' dir='ltr'><strong>e</strong></span> <span class='ocrx_word' id='word_1_36' title='bbox 274 919 317 975; x_wconf 83' lang='lat' dir='ltr'><strong>dle</strong></span> <span class='ocrx_word' id='word_1_37' title='bbox 341 921 405 994; x_wconf 81' lang='lat' dir='ltr'><strong>egui</strong></span> <span class='ocrx_word' id='word_1_38' title='bbox 429 916 619 989; x_wconf 82' lang='lat' dir='ltr'><strong>praeImmolutI</strong></span> <span class='ocrx_word' id='word_1_39' title='bbox 646 913 865 986; x_wconf 83' lang='lat' dir='ltr'><strong>qulnquugesimo</strong></span> <span class='ocrx_word' id='word_1_40' title='bbox 890 902 933 959; x_wconf 90' lang='lat' dir='ltr'><strong>die</strong></span> <span class='ocrx_word' id='word_1_41' title='bbox 959 901 1022 958; x_wconf 64' lang='lat' dir='ltr'><strong>(Ibit</strong></span> <span class='ocrx_word' id='word_1_42' title='bbox 1039 907 1080 956; x_wconf 67' lang='grc' dir='ltr'><strong>ιιι</strong></span> <span class='ocrx_word' id='word_1_43' title='bbox 1098 898 1142 954; x_wconf 73' lang='lat'><strong>1⁰¹</strong></span> <span class='ocrx_word' id='word_1_44' title='bbox 1162 900 1188 953; x_wconf 78' lang='lat' dir='ltr'><strong>I¹¹</strong></span> 
     </span>
     <span class='ocr_line' id='line_1_6' title="bbox 147 1000 1227 1092; baseline -0.017 -19"><span class='ocrx_word' id='word_1_45' title='bbox 147 1022 227 1092; x_wconf 76' lang='lat' dir='ltr'><strong>igne,</strong></span> <span class='ocrx_word' id='word_1_46' title='bbox 248 1024 275 1074; x_wconf 89' lang='lat' dir='ltr'><strong>tn</strong></span> <span class='ocrx_word' id='word_1_47' title='bbox 294 1019 367 1074; x_wconf 81' lang='lat' dir='ltr'><strong>Novo</strong></span> <span class='ocrx_word' id='word_1_48' title='bbox 387 1017 649 1074; x_wconf 84' lang='lat' dir='ltr'><strong>etiemTestemeoto</strong></span> <span class='ocrx_word' id='word_1_49' title='bbox 663 1011 880 1086; x_wconf 81' lang='lat' dir='ltr'><strong>quinquagesimo</strong></span> <span class='ocrx_word' id='word_1_50' title='bbox 894 1003 963 1059; x_wconf 85' lang='lat' dir='ltr'><strong>dine</strong></span> <span class='ocrx_word' id='word_1_51' title='bbox 976 1000 1078 1073; x_wconf 76' lang='lat' dir='ltr'><strong>pesullo</strong></span> <span class='ocrx_word' id='word_1_52' title='bbox 1091 1000 1191 1058; x_wconf 82' lang='lat' dir='ltr'><strong>libristt</strong></span> <span class='ocrx_word' id='word_1_53' title='bbox 1225 1067 1227 1070; x_wconf 22' lang='grc' dir='ltr'>Ι</span> 
     </span>
     <span class='ocr_line' id='line_1_7' title="bbox 149 1104 1191 1190; baseline -0.012 -18"><span class='ocrx_word' id='word_1_54' title='bbox 149 1118 287 1174; x_wconf 87' lang='lat' dir='ltr'><strong>deseendit</strong></span> <span class='ocrx_word' id='word_1_55' title='bbox 305 1120 415 1190; x_wconf 79' lang='lat' dir='ltr'><strong>optrltms</strong></span> <span class='ocrx_word' id='word_1_56' title='bbox 433 1120 459 1172; x_wconf 88' lang='lat' dir='ltr'><strong>ln</strong></span> <span class='ocrx_word' id='word_1_57' title='bbox 477 1117 557 1188; x_wconf 82' lang='lat' dir='ltr'><strong>igne,</strong></span> <span class='ocrx_word' id='word_1_58' title='bbox 582 1115 625 1170; x_wconf 81' lang='lat' dir='ltr'><strong>lex</strong></span> <span class='ocrx_word' id='word_1_59' title='bbox 650 1114 676 1167; x_wconf 90' lang='lat' dir='ltr'><strong>ln</strong></span> <span class='ocrx_word' id='word_1_60' title='bbox 693 1113 780 1166; x_wconf 84' lang='lat' dir='ltr'><strong>monte</strong></span> <span class='ocrx_word' id='word_1_61' title='bbox 804 1106 905 1176; x_wconf 50' lang='lat' dir='ltr'><strong>Syrou·</strong></span> <span class='ocrx_word' id='word_1_62' title='bbox 927 1106 1036 1176; x_wconf 74' lang='lat' dir='ltr'><strong>spititus</strong></span> <span class='ocrx_word' id='word_1_63' title='bbox 1059 1104 1191 1160; x_wconf 78' lang='lat' dir='ltr'><strong>immerite</strong></span> 
     </span>
     <span class='ocr_line' id='line_1_8' title="bbox 149 1204 1190 1290; baseline -0.014 -16"><span class='ocrx_word' id='word_1_64' title='bbox 149 1218 237 1290; x_wconf 73' lang='lat' dir='ltr'><strong>Spon,</strong></span> <span class='ocrx_word' id='word_1_65' title='bbox 258 1219 301 1276; x_wconf 82' lang='lat' dir='ltr'><strong>Iex</strong></span> <span class='ocrx_word' id='word_1_66' title='bbox 324 1220 351 1272; x_wconf 88' lang='lat' dir='ltr'><strong>ln</strong></span> <span class='ocrx_word' id='word_1_67' title='bbox 376 1218 497 1278; x_wconf 86' lang='lat' dir='ltr'><strong>sublimis</strong></span> <span class='ocrx_word' id='word_1_68' title='bbox 522 1216 618 1270; x_wconf 87' lang='lat' dir='ltr'><strong>montis</strong></span> <span class='ocrx_word' id='word_1_69' title='bbox 644 1211 722 1278; x_wconf 82' lang='lat' dir='ltr'><strong>loeo,</strong></span> <span class='ocrx_word' id='word_1_70' title='bbox 748 1207 858 1279; x_wconf 88' lang='lat' dir='ltr'><strong>spiritus</strong></span> <span class='ocrx_word' id='word_1_71' title='bbox 881 1204 959 1260; x_wconf 79' lang='lat' dir='ltr'><strong>dotus</strong></span> <span class='ocrx_word' id='word_1_72' title='bbox 984 1205 1011 1258; x_wconf 92' lang='lat' dir='ltr'><strong>in</strong></span> <span class='ocrx_word' id='word_1_73' title='bbox 1037 1204 1190 1270; x_wconf 71' lang='lat' dir='ltr'><strong>doemonum,</strong></span> 
     </span>
     <span class='ocr_line' id='line_1_9' title="bbox 148 1306 1192 1389; baseline -0.011 -17"><span class='ocrx_word' id='word_1_74' title='bbox 148 1318 218 1372; x_wconf 88' lang='lat' dir='ltr'><strong>unde</strong></span> <span class='ocrx_word' id='word_1_75' title='bbox 236 1335 285 1389; x_wconf 86' lang='lat' dir='ltr'><strong>per</strong></span> <span class='ocrx_word' id='word_1_76' title='bbox 304 1317 353 1373; x_wconf 91' lang='lat' dir='ltr'><strong>boe</strong></span> <span class='ocrx_word' id='word_1_77' title='bbox 371 1319 534 1384; x_wconf 85' lang='lat' dir='ltr'><strong>iusinuotur‚</strong></span> <span class='ocrx_word' id='word_1_78' title='bbox 561 1313 632 1386; x_wconf 86' lang='lat' dir='ltr'><strong>quod</strong></span> <span class='ocrx_word' id='word_1_79' title='bbox 656 1312 714 1381; x_wconf 90' lang='lat' dir='ltr'><strong>ipso</strong></span> <span class='ocrx_word' id='word_1_80' title='bbox 738 1313 848 1381; x_wconf 88' lang='lat' dir='ltr'><strong>spiritus</strong></span> <span class='ocrx_word' id='word_1_81' title='bbox 872 1313 979 1372; x_wconf 83' lang='lat' dir='ltr'><strong>sanetus</strong></span> <span class='ocrx_word' id='word_1_82' title='bbox 1004 1310 1046 1360; x_wconf 90' lang='lat' dir='ltr'><strong>est</strong></span> <span class='ocrx_word' id='word_1_83' title='bbox 1064 1306 1192 1376; x_wconf 78' lang='lat' dir='ltr'><strong>perfectio</strong></span> 
     </span>
     <span class='ocr_line' id='line_1_10' title="bbox 150 1399 1194 1492; baseline -0.013 -18"><span class='ocrx_word' id='word_1_84' title='bbox 150 1421 231 1474; x_wconf 88' lang='lat' dir='ltr'><strong>totins</strong></span> <span class='ocrx_word' id='word_1_85' title='bbox 250 1399 337 1492; x_wconf 84' lang='lat' dir='ltr'><strong>Iegis,</strong></span> <span class='ocrx_word' id='word_1_86' title='bbox 367 1419 429 1491; x_wconf 85' lang='lat' dir='ltr'><strong>quie</strong></span> <span class='ocrx_word' id='word_1_87' title='bbox 452 1414 590 1488; x_wconf 89' lang='lat' dir='ltr'><strong>plenitudo</strong></span> <span class='ocrx_word' id='word_1_88' title='bbox 614 1412 701 1483; x_wconf 80' lang='lat' dir='ltr'><strong>legum</strong></span> <span class='ocrx_word' id='word_1_89' title='bbox 724 1416 766 1466; x_wconf 88' lang='lat' dir='ltr'><strong>ost</strong></span> <span class='ocrx_word' id='word_1_90' title='bbox 792 1406 909 1463; x_wconf 87' lang='lat' dir='ltr'><strong>dileetio.</strong></span> <span class='ocrx_word' id='word_1_91' title='bbox 944 1405 1065 1464; x_wconf 83' lang='lat' dir='ltr'><strong>Secundo</strong></span> <span class='ocrx_word' id='word_1_92' title='bbox 1083 1412 1194 1464; x_wconf 82' lang='lat' dir='ltr'><strong>eeteros</strong></span> 
     </span>
     <span class='ocr_line' id='line_1_11' title="bbox 149 1507 1194 1586; baseline -0.01 -14"><span class='ocrx_word' id='word_1_93' title='bbox 149 1520 343 1586; x_wconf 74' lang='lat' dir='ltr'><strong>remuneratio,</strong></span> <span class='ocrx_word' id='word_1_94' title='bbox 373 1518 441 1572; x_wconf 89' lang='lat' dir='ltr'><strong>unde</strong></span> <span class='ocrx_word' id='word_1_95' title='bbox 466 1515 576 1572; x_wconf 82' lang='lat' dir='ltr'><strong>Glosse:</strong></span> <span class='ocrx_word' id='word_1_96' title='bbox 599 1515 667 1568; x_wconf 83' lang='lat' dir='ltr'><strong>slent</strong></span> <span class='ocrx_word' id='word_1_97' title='bbox 693 1511 871 1582; x_wconf 75' lang='lat' dir='ltr'><strong>quodraginta</strong></span> <span class='ocrx_word' id='word_1_98' title='bbox 897 1508 973 1576; x_wconf 77' lang='lat' dir='ltr'><strong>dies,</strong></span> <span class='ocrx_word' id='word_1_99' title='bbox 1010 1507 1106 1578; x_wconf 84' lang='lat' dir='ltr'><strong>quibus</strong></span> <span class='ocrx_word' id='word_1_100' title='bbox 1130 1517 1194 1580; x_wconf 88' lang='lat' dir='ltr'><strong>post</strong></span> 
     </span>
     <span class='ocr_line' id='line_1_12' title="bbox 151 1610 1193 1686; baseline -0.008 -15"><span class='ocrx_word' id='word_1_101' title='bbox 151 1620 371 1673; x_wconf 74' lang='lat' dir='ltr'><strong>resurrectionem</strong></span> <span class='ocrx_word' id='word_1_102' title='bbox 388 1633 445 1672; x_wconf 87' lang='lat' dir='ltr'><strong>euru</strong></span> <span class='ocrx_word' id='word_1_103' title='bbox 465 1613 603 1686; x_wconf 87' lang='lat' dir='ltr'><strong>diseipnlis</strong></span> <span class='ocrx_word' id='word_1_104' title='bbox 619 1617 791 1667; x_wconf 77' lang='lat' dir='ltr'><strong>conversatus</strong></span> <span class='ocrx_word' id='word_1_105' title='bbox 810 1614 860 1676; x_wconf 89' lang='lat' dir='ltr'><strong>ost,</strong></span> <span class='ocrx_word' id='word_1_106' title='bbox 877 1617 1041 1679; x_wconf 75' lang='lat' dir='ltr'><strong>praesentem</strong></span> <span class='ocrx_word' id='word_1_107' title='bbox 1054 1610 1193 1666; x_wconf 83' lang='lat' dir='ltr'><strong>ecelesiam</strong></span> 
     </span>
     <span class='ocr_line' id='line_1_13' title="bbox 151 1703 1195 1788; baseline -0.006 -18"><span class='ocrx_word' id='word_1_108' title='bbox 151 1715 308 1788; x_wconf 77' lang='lat' dir='ltr'><strong>designant,</strong></span> <span class='ocrx_word' id='word_1_109' title='bbox 337 1719 376 1772; x_wconf 85' lang='lat' dir='ltr'><strong>ite</strong></span> <span class='ocrx_word' id='word_1_110' title='bbox 400 1717 635 1788; x_wconf 80' lang='lat' dir='ltr'><strong>quinquagesimus</strong></span> <span class='ocrx_word' id='word_1_111' title='bbox 653 1712 727 1778; x_wconf 84' lang='lat' dir='ltr'><strong>dies,</strong></span> <span class='ocrx_word' id='word_1_112' title='bbox 759 1726 811 1781; x_wconf 86' lang='lat' dir='ltr'><strong>quo</strong></span> <span class='ocrx_word' id='word_1_113' title='bbox 838 1709 948 1780; x_wconf 85' lang='lat' dir='ltr'><strong>spiritus</strong></span> <span class='ocrx_word' id='word_1_114' title='bbox 974 1703 1082 1766; x_wconf 74' lang='lat' dir='ltr'><strong>ternotus</strong></span> <span class='ocrx_word' id='word_1_115' title='bbox 1106 1708 1195 1778; x_wconf 83' lang='lat' dir='ltr'><strong>detor,</strong></span> 
     </span>
     <span class='ocr_line' id='line_1_14' title="bbox 152 1801 1193 1881; baseline -0.003 -12"><span class='ocrx_word' id='word_1_116' title='bbox 152 1815 285 1870; x_wconf 80' lang='lat' dir='ltr'><strong>denarium</strong></span> <span class='ocrx_word' id='word_1_117' title='bbox 305 1823 432 1873; x_wconf 79' lang='lat' dir='ltr'><strong>aeternae</strong></span> <span class='ocrx_word' id='word_1_118' title='bbox 451 1815 669 1872; x_wconf 76' lang='lat' dir='ltr'><strong>remunerationis</strong></span> <span class='ocrx_word' id='word_1_119' title='bbox 688 1811 818 1881; x_wconf 82' lang='lat' dir='ltr'><strong>euprbnit.</strong></span> <span class='ocrx_word' id='word_1_120' title='bbox 853 1807 947 1864; x_wconf 87' lang='lat' dir='ltr'><strong>Tertio</strong></span> <span class='ocrx_word' id='word_1_121' title='bbox 967 1801 1132 1880; x_wconf 80' lang='lat' dir='ltr'><strong>peecatorum</strong></span> <span class='ocrx_word' id='word_1_122' title='bbox 1151 1827 1193 1866; x_wconf 89' lang='lat' dir='ltr'><strong>re·</strong></span> 
     </span>
     <span class='ocr_line' id='line_1_15' title="bbox 152 1911 1193 1984; baseline -0.006 -14"><span class='ocrx_word' id='word_1_123' title='bbox 152 1917 259 1984; x_wconf 82' lang='lat' dir='ltr'><strong>missio,</strong></span> <span class='ocrx_word' id='word_1_124' title='bbox 283 1917 352 1974; x_wconf 89' lang='lat' dir='ltr'><strong>unde</strong></span> <span class='ocrx_word' id='word_1_125' title='bbox 379 1915 475 1972; x_wconf 85' lang='lat' dir='ltr'><strong>Glossu</strong></span> <span class='ocrx_word' id='word_1_126' title='bbox 499 1915 613 1969; x_wconf 88' lang='lat' dir='ltr'><strong>ibidem:</strong></span> <span class='ocrx_word' id='word_1_127' title='bbox 639 1913 700 1968; x_wconf 87' lang='lat' dir='ltr'><strong>ideo</strong></span> <span class='ocrx_word' id='word_1_128' title='bbox 728 1913 754 1964; x_wconf 91' lang='lat' dir='ltr'><strong>in</strong></span> <span class='ocrx_word' id='word_1_129' title='bbox 783 1911 1003 1981; x_wconf 76' lang='lat' dir='ltr'><strong>quiuquagesimo</strong></span> <span class='ocrx_word' id='word_1_130' title='bbox 1021 1926 1088 1966; x_wconf 81' lang='lat' dir='ltr'><strong>eruo</strong></span> <span class='ocrx_word' id='word_1_131' title='bbox 1107 1911 1193 1966; x_wconf 89' lang='lat' dir='ltr'><strong>indul·</strong></span> 
     </span>
     <span class='ocr_line' id='line_1_16' title="bbox 153 2001 1195 2088; baseline -0.007 -17"><span class='ocrx_word' id='word_1_132' title='bbox 153 2019 245 2088; x_wconf 81' lang='lat' dir='ltr'><strong>gentis</strong></span> <span class='ocrx_word' id='word_1_133' title='bbox 263 2017 343 2074; x_wconf 81' lang='lat' dir='ltr'><strong>lebet</strong></span> <span class='ocrx_word' id='word_1_134' title='bbox 361 2020 386 2071; x_wconf 92' lang='lat' dir='ltr'><strong>ln</strong></span> <span class='ocrx_word' id='word_1_135' title='bbox 402 2015 524 2088; x_wconf 76' lang='lat' dir='ltr'><strong>jubilaeo</strong></span> <span class='ocrx_word' id='word_1_136' title='bbox 547 2021 575 2072; x_wconf 89' lang='lat' dir='ltr'><strong>et</strong></span> <span class='ocrx_word' id='word_1_137' title='bbox 592 2030 641 2085; x_wconf 88' lang='lat' dir='ltr'><strong>per</strong></span> <span class='ocrx_word' id='word_1_138' title='bbox 658 2001 777 2083; x_wconf 82' lang='lat' dir='ltr'><strong>spIrItum</strong></span> <span class='ocrx_word' id='word_1_139' title='bbox 795 2017 913 2068; x_wconf 85' lang='lat' dir='ltr'><strong>semotum</strong></span> <span class='ocrx_word' id='word_1_140' title='bbox 932 2015 1043 2082; x_wconf 77' lang='lat' dir='ltr'><strong>pensato</strong></span> <span class='ocrx_word' id='word_1_141' title='bbox 1060 2013 1195 2066; x_wconf 88' lang='lat' dir='ltr'><strong>remittun-</strong></span> 
     </span>
     <span class='ocr_line' id='line_1_17' title="bbox 153 2111 1194 2189; baseline -0.004 -19"><span class='ocrx_word' id='word_1_142' title='bbox 153 2123 210 2182; x_wconf 80' lang='lat' dir='ltr'><strong>tur3</strong></span> <span class='ocrx_word' id='word_1_143' title='bbox 229 2123 255 2170; x_wconf 90' lang='lat' dir='ltr'><strong>et</strong></span> <span class='ocrx_word' id='word_1_144' title='bbox 274 2119 393 2189; x_wconf 83' lang='lat' dir='ltr'><strong>sequitur</strong></span> <span class='ocrx_word' id='word_1_145' title='bbox 410 2118 437 2170; x_wconf 87' lang='lat' dir='ltr'><strong>iu</strong></span> <span class='ocrx_word' id='word_1_146' title='bbox 456 2115 567 2172; x_wconf 84' lang='lat' dir='ltr'><strong>Glosse:</strong></span> <span class='ocrx_word' id='word_1_147' title='bbox 586 2117 611 2169; x_wconf 88' lang='lat' dir='ltr'><strong>In</strong></span> <span class='ocrx_word' id='word_1_148' title='bbox 629 2111 762 2183; x_wconf 82' lang='lat' dir='ltr'><strong>spirituali</strong></span> <span class='ocrx_word' id='word_1_149' title='bbox 776 2112 898 2183; x_wconf 75' lang='lat' dir='ltr'><strong>jubilaeo</strong></span> <span class='ocrx_word' id='word_1_150' title='bbox 917 2113 957 2166; x_wconf 87' lang='lat' dir='ltr'><strong>rei</strong></span> <span class='ocrx_word' id='word_1_151' title='bbox 975 2112 1127 2181; x_wconf 78' lang='lat' dir='ltr'><strong>uoluuntur,</strong></span> <span class='ocrx_word' id='word_1_152' title='bbox 1147 2113 1194 2167; x_wconf 89' lang='lat' dir='ltr'><strong>de·</strong></span> 
     </span>
     <span class='ocr_line' id='line_1_18' title="bbox 154 2195 1197 2286; baseline -0.003 -17"><span class='ocrx_word' id='word_1_153' title='bbox 154 2215 210 2269; x_wconf 81' lang='lat' dir='ltr'><strong>bite</strong></span> <span class='ocrx_word' id='word_1_154' title='bbox 228 2195 406 2282; x_wconf 69' lang='lat' dir='ltr'><strong>dimittuntur,</strong></span> <span class='ocrx_word' id='word_1_155' title='bbox 432 2216 522 2272; x_wconf 79' lang='lat' dir='ltr'><strong>erulos</strong></span> <span class='ocrx_word' id='word_1_156' title='bbox 545 2217 570 2270; x_wconf 90' lang='lat' dir='ltr'><strong>br</strong></span> <span class='ocrx_word' id='word_1_157' title='bbox 597 2216 707 2286; x_wconf 82' lang='lat' dir='ltr'><strong>patriam</strong></span> <span class='ocrx_word' id='word_1_158' title='bbox 732 2219 905 2279; x_wconf 78' lang='lat' dir='ltr'><strong>reverentur,</strong></span> <span class='ocrx_word' id='word_1_159' title='bbox 938 2211 1075 2267; x_wconf 79' lang='lat' dir='ltr'><strong>heredites</strong></span> <span class='ocrx_word' id='word_1_160' title='bbox 1097 2213 1197 2267; x_wconf 84' lang='lat' dir='ltr'><strong>emisso</strong></span> 
     </span>
     <span class='ocr_line' id='line_1_19' title="bbox 155 2311 1196 2390; baseline -0.001 -21"><span class='ocrx_word' id='word_1_161' title='bbox 155 2315 283 2383; x_wconf 85' lang='lat' dir='ltr'><strong>redditur,</strong></span> <span class='ocrx_word' id='word_1_162' title='bbox 303 2319 383 2383; x_wconf 86' lang='lat' dir='ltr'><strong>serui,</strong></span> <span class='ocrx_word' id='word_1_163' title='bbox 401 2317 427 2371; x_wconf 92' lang='lat' dir='ltr'><strong>id</strong></span> <span class='ocrx_word' id='word_1_164' title='bbox 446 2323 487 2372; x_wconf 87' lang='lat' dir='ltr'><strong>est</strong></span> <span class='ocrx_word' id='word_1_165' title='bbox 503 2315 622 2372; x_wconf 78' lang='lat' dir='ltr'><strong>borsines</strong></span> <span class='ocrx_word' id='word_1_166' title='bbox 640 2320 751 2386; x_wconf 86' lang='lat' dir='ltr'><strong>peeoeto</strong></span> <span class='ocrx_word' id='word_1_167' title='bbox 770 2311 921 2366; x_wconf 83' lang='lat' dir='ltr'><strong>venumdati</strong></span> <span class='ocrx_word' id='word_1_168' title='bbox 938 2327 955 2390; x_wconf 79' lang='lat' dir='ltr'><strong>e</strong></span> <span class='ocrx_word' id='word_1_169' title='bbox 970 2314 1039 2383; x_wconf 80' lang='lat' dir='ltr'><strong>jugo</strong></span> <span class='ocrx_word' id='word_1_170' title='bbox 1060 2313 1196 2368; x_wconf 84' lang='lat' dir='ltr'><strong>seruitutis</strong></span> 
     </span>
     <span class='ocr_line' id='line_1_20' title="bbox 88 2409 1196 2496; baseline -0.002 -28"><span class='ocrx_word' id='word_1_171' title='bbox 88 2489 92 2496; x_wconf 23' lang='lat'><strong><em>³</em></strong></span> <span class='ocrx_word' id='word_1_172' title='bbox 154 2414 309 2496; x_wconf 85' lang='lat' dir='ltr'><strong>liberentur.</strong></span> <span class='ocrx_word' id='word_1_173' title='bbox 344 2415 483 2490; x_wconf 82' lang='lat' dir='ltr'><strong>IIueusque</strong></span> <span class='ocrx_word' id='word_1_174' title='bbox 510 2415 615 2473; x_wconf 84' lang='lat' dir='ltr'><strong>Glosse.</strong></span> <span class='ocrx_word' id='word_1_175' title='bbox 651 2413 698 2470; x_wconf 90' lang='lat' dir='ltr'><strong>Ilei</strong></span> <span class='ocrx_word' id='word_1_176' title='bbox 725 2415 816 2468; x_wconf 76' lang='lat' dir='ltr'><strong>meretis</strong></span> <span class='ocrx_word' id='word_1_177' title='bbox 840 2410 978 2468; x_wconf 83' lang='lat' dir='ltr'><strong>solvuntur</strong></span> <span class='ocrx_word' id='word_1_178' title='bbox 997 2417 1024 2466; x_wconf 90' lang='lat' dir='ltr'><strong>et</strong></span> <span class='ocrx_word' id='word_1_179' title='bbox 1041 2409 1196 2478; x_wconf 78' lang='lat' dir='ltr'><strong>liberentur,</strong></span> 
     </span>
     <span class='ocr_line' id='line_1_21' title="bbox 155 2511 1196 2588; baseline 0 -19"><span class='ocrx_word' id='word_1_180' title='bbox 155 2515 225 2570; x_wconf 87' lang='lat' dir='ltr'><strong>unde</strong></span> <span class='ocrx_word' id='word_1_181' title='bbox 242 2513 317 2574; x_wconf 87' lang='lat' dir='ltr'><strong>Iloun.</strong></span> <span class='ocrx_word' id='word_1_182' title='bbox 334 2515 406 2573; x_wconf 89' lang='lat' dir='ltr'>VIII:</span> <span class='ocrx_word' id='word_1_183' title='bbox 431 2517 474 2572; x_wconf 86' lang='lat' dir='ltr'><strong>Iex</strong></span> <span class='ocrx_word' id='word_1_184' title='bbox 500 2518 610 2588; x_wconf 82' lang='lat' dir='ltr'><strong>spIritus</strong></span> <span class='ocrx_word' id='word_1_185' title='bbox 634 2517 704 2571; x_wconf 82' lang='lat' dir='ltr'><strong>uitae</strong></span> <span class='ocrx_word' id='word_1_186' title='bbox 724 2517 751 2570; x_wconf 93' lang='lat' dir='ltr'><strong>ln</strong></span> <span class='ocrx_word' id='word_1_187' title='bbox 770 2513 876 2568; x_wconf 86' lang='lat' dir='ltr'><strong>Gbristo</strong></span> <span class='ocrx_word' id='word_1_188' title='bbox 903 2511 1027 2567; x_wconf 81' lang='lat' dir='ltr'><strong>liberarit</strong></span> <span class='ocrx_word' id='word_1_189' title='bbox 1043 2527 1085 2568; x_wconf 87' lang='lat' dir='ltr'><strong>une</strong></span> <span class='ocrx_word' id='word_1_190' title='bbox 1102 2527 1119 2566; x_wconf 87' lang='lat' dir='ltr'><strong>n</strong></span> <span class='ocrx_word' id='word_1_191' title='bbox 1136 2514 1196 2584; x_wconf 81' lang='lat' dir='ltr'><strong>loge</strong></span> 
     </span>
     <span class='ocr_line' id='line_1_22' title="bbox 156 2605 1259 2686; baseline -0.002 -16"><span class='ocrx_word' id='word_1_192' title='bbox 156 2616 258 2685; x_wconf 75' lang='lat' dir='ltr'><strong>peceati</strong></span> <span class='ocrx_word' id='word_1_193' title='bbox 290 2623 316 2672; x_wconf 92' lang='lat' dir='ltr'><strong>et</strong></span> <span class='ocrx_word' id='word_1_194' title='bbox 348 2618 451 2673; x_wconf 89' lang='lat' dir='ltr'><strong>mortis.</strong></span> <span class='ocrx_word' id='word_1_195' title='bbox 486 2615 583 2674; x_wconf 77' lang='lat' dir='ltr'><strong>Debita</strong></span> <span class='ocrx_word' id='word_1_196' title='bbox 606 2621 775 2685; x_wconf 79' lang='lat' dir='ltr'><strong>pennatorum</strong></span> <span class='ocrx_word' id='word_1_197' title='bbox 801 2613 979 2680; x_wconf 85' lang='lat' dir='ltr'><strong>dimittuntur,</strong></span> <span class='ocrx_word' id='word_1_198' title='bbox 1008 2613 1071 2686; x_wconf 80' lang='lat' dir='ltr'><strong>quin</strong></span> <span class='ocrx_word' id='word_1_199' title='bbox 1089 2605 1198 2668; x_wconf 79' lang='lat' dir='ltr'><strong>&#39;neritus</strong></span> <span class='ocrx_word' id='word_1_200' title='bbox 1257 2613 1259 2616; x_wconf 80' lang='grc'><strong>’</strong></span> 
     </span>
     <span class='ocr_line' id='line_1_23' title="bbox 156 2707 1198 2789; baseline -0.002 -19"><span class='ocrx_word' id='word_1_201' title='bbox 156 2719 245 2786; x_wconf 82' lang='lat' dir='ltr'><strong>operb</strong></span> <span class='ocrx_word' id='word_1_202' title='bbox 270 2715 461 2772; x_wconf 86' lang='lat' dir='ltr'><strong>multitudiuem</strong></span> <span class='ocrx_word' id='word_1_203' title='bbox 485 2707 661 2789; x_wconf 80' lang='lat' dir='ltr'><strong>peecatorum.</strong></span> <span class='ocrx_word' id='word_1_204' title='bbox 702 2711 800 2770; x_wconf 82' lang='lat' dir='ltr'><strong>Exules</strong></span> <span class='ocrx_word' id='word_1_205' title='bbox 830 2713 856 2768; x_wconf 91' lang='lat' dir='ltr'><strong>iu</strong></span> <span class='ocrx_word' id='word_1_206' title='bbox 886 2713 998 2784; x_wconf 81' lang='lat' dir='ltr'><strong>petrium</strong></span> <span class='ocrx_word' id='word_1_207' title='bbox 1029 2721 1198 2782; x_wconf 83' lang='lat' dir='ltr'><strong>reuocentur,</strong></span> 
     </span>
     <span class='ocr_line' id='line_1_24' title="bbox 156 2812 1199 2888; baseline -0.002 -18"><span class='ocrx_word' id='word_1_208' title='bbox 156 2816 267 2887; x_wconf 75' lang='lat' dir='ltr'><strong>psalm:</strong></span> <span class='ocrx_word' id='word_1_209' title='bbox 290 2819 400 2888; x_wconf 79' lang='lat' dir='ltr'><strong>spititus</strong></span> <span class='ocrx_word' id='word_1_210' title='bbox 418 2823 478 2872; x_wconf 86' lang='lat' dir='ltr'><strong>tuus</strong></span> <span class='ocrx_word' id='word_1_211' title='bbox 496 2817 582 2873; x_wconf 89' lang='lat' dir='ltr'><strong>bonus</strong></span> <span class='ocrx_word' id='word_1_212' title='bbox 601 2814 713 2871; x_wconf 81' lang='lat' dir='ltr'><strong>deducet</strong></span> <span class='ocrx_word' id='word_1_213' title='bbox 729 2831 771 2870; x_wconf 84' lang='lat' dir='ltr'><strong>use</strong></span> <span class='ocrx_word' id='word_1_214' title='bbox 788 2817 815 2870; x_wconf 89' lang='lat' dir='ltr'><strong>in</strong></span> <span class='ocrx_word' id='word_1_215' title='bbox 833 2822 929 2870; x_wconf 80' lang='lat' dir='ltr'><strong>terrent</strong></span> <span class='ocrx_word' id='word_1_216' title='bbox 947 2822 1053 2870; x_wconf 83' lang='lat' dir='ltr'><strong>rectum.</strong></span> <span class='ocrx_word' id='word_1_217' title='bbox 1088 2812 1199 2870; x_wconf 90' lang='lat' dir='ltr'><strong>lIeredi-</strong></span> 
     </span>
     <span class='ocr_line' id='line_1_25' title="bbox 156 2913 1200 2990; baseline -0.002 -19"><span class='ocrx_word' id='word_1_218' title='bbox 156 2922 199 2971; x_wconf 84' lang='lat' dir='ltr'><strong>tos</strong></span> <span class='ocrx_word' id='word_1_219' title='bbox 224 2918 323 2973; x_wconf 80' lang='lat' dir='ltr'><strong>omisso</strong></span> <span class='ocrx_word' id='word_1_220' title='bbox 336 2916 475 2990; x_wconf 70' lang='lat' dir='ltr'><strong>redditor,</strong></span> <span class='ocrx_word' id='word_1_221' title='bbox 500 2915 573 2972; x_wconf 84' lang='lat' dir='ltr'><strong>Rom.</strong></span> <span class='ocrx_word' id='word_1_222' title='bbox 591 2913 664 2972; x_wconf 82' lang='lat' dir='ltr'>VIII:</span> <span class='ocrx_word' id='word_1_223' title='bbox 690 2915 749 2986; x_wconf 87' lang='lat' dir='ltr'><strong>ipse</strong></span> <span class='ocrx_word' id='word_1_224' title='bbox 775 2915 885 2986; x_wconf 87' lang='lat' dir='ltr'><strong>spiritus</strong></span> <span class='ocrx_word' id='word_1_225' title='bbox 909 2915 1087 2970; x_wconf 75' lang='lat' dir='ltr'><strong>testiinonium</strong></span> <span class='ocrx_word' id='word_1_226' title='bbox 1113 2913 1200 2970; x_wconf 89' lang='lat' dir='ltr'><strong>reddit</strong></span> 
     </span>
     <span class='ocr_line' id='line_1_26' title="bbox 158 3012 1198 3089; baseline -0.001 -19"><span class='ocrx_word' id='word_1_227' title='bbox 158 3018 263 3087; x_wconf 85' lang='lat' dir='ltr'><strong>upbitui</strong></span> <span class='ocrx_word' id='word_1_228' title='bbox 288 3023 397 3083; x_wconf 82' lang='lat' dir='ltr'><strong>nostru,</strong></span> <span class='ocrx_word' id='word_1_229' title='bbox 423 3017 493 3089; x_wconf 88' lang='lat' dir='ltr'><strong>quod</strong></span> <span class='ocrx_word' id='word_1_230' title='bbox 519 3031 608 3072; x_wconf 86' lang='lat' dir='ltr'><strong>sumus</strong></span> <span class='ocrx_word' id='word_1_231' title='bbox 634 3017 682 3070; x_wconf 88' lang='lat' dir='ltr'><strong>lilii</strong></span> <span class='ocrx_word' id='word_1_232' title='bbox 701 3015 759 3072; x_wconf 83' lang='lat' dir='ltr'><strong>Del.</strong></span> <span class='ocrx_word' id='word_1_233' title='bbox 794 3013 824 3070; x_wconf 90' lang='lat' dir='ltr'><strong>Si</strong></span> <span class='ocrx_word' id='word_1_234' title='bbox 841 3021 927 3069; x_wconf 86' lang='lat' dir='ltr'><strong>nutem</strong></span> <span class='ocrx_word' id='word_1_235' title='bbox 947 3012 1008 3082; x_wconf 83' lang='lat' dir='ltr'><strong>Ilii,</strong></span> <span class='ocrx_word' id='word_1_236' title='bbox 1032 3021 1058 3069; x_wconf 90' lang='lat' dir='ltr'><strong>ot</strong></span> <span class='ocrx_word' id='word_1_237' title='bbox 1077 3013 1198 3071; x_wconf 82' lang='lat' dir='ltr'><strong>heredes.</strong></span> 
     </span>
     <span class='ocr_line' id='line_1_27' title="bbox 159 3113 1199 3195; baseline -0.001 -25"><span class='ocrx_word' id='word_1_238' title='bbox 159 3115 236 3172; x_wconf 86' lang='lat' dir='ltr'><strong>Serui</strong></span> <span class='ocrx_word' id='word_1_239' title='bbox 252 3131 270 3171; x_wconf 80' lang='lat' dir='ltr'><strong>s</strong></span> <span class='ocrx_word' id='word_1_240' title='bbox 286 3122 398 3188; x_wconf 85' lang='lat' dir='ltr'><strong>peeoeto</strong></span> <span class='ocrx_word' id='word_1_241' title='bbox 415 3117 573 3186; x_wconf 82' lang='lat' dir='ltr'><strong>liberentur,</strong></span> <span class='ocrx_word' id='word_1_242' title='bbox 590 3115 621 3172; x_wconf 92' lang='lat' dir='ltr'><strong>II.</strong></span> <span class='ocrx_word' id='word_1_243' title='bbox 642 3118 703 3184; x_wconf 70' lang='lat' dir='ltr'><strong>lior.</strong></span> <span class='ocrx_word' id='word_1_244' title='bbox 714 3115 772 3195; x_wconf 87' lang='lat' dir='ltr'>III:</span> <span class='ocrx_word' id='word_1_245' title='bbox 795 3114 840 3170; x_wconf 87' lang='lat' dir='ltr'><strong>ubl</strong></span> <span class='ocrx_word' id='word_1_246' title='bbox 858 3115 966 3185; x_wconf 85' lang='lat' dir='ltr'><strong>spIrilur</strong></span> <span class='ocrx_word' id='word_1_247' title='bbox 985 3113 1093 3182; x_wconf 82' lang='lat' dir='ltr'><strong>domini,</strong></span> <span class='ocrx_word' id='word_1_248' title='bbox 1111 3113 1149 3169; x_wconf 87' lang='lat' dir='ltr'><strong>ibi</strong></span> <span class='ocrx_word' id='word_1_249' title='bbox 1165 3116 1199 3170; x_wconf 88' lang='lat' dir='ltr'><strong>Ii-</strong></span> 
     </span>
     <span class='ocr_line' id='line_1_28' title="bbox 159 3214 1202 3290; baseline 0.002 -20"><span class='ocrx_word' id='word_1_250' title='bbox 159 3215 258 3273; x_wconf 86' lang='lat' dir='ltr'><strong>bertus.</strong></span> <span class='ocrx_word' id='word_1_251' title='bbox 295 3217 374 3274; x_wconf 78' lang='lat' dir='ltr'><strong>ciros</strong></span> <span class='ocrx_word' id='word_1_252' title='bbox 408 3224 543 3290; x_wconf 71' lang='lat' dir='ltr'><strong>quartum,</strong></span> <span class='ocrx_word' id='word_1_253' title='bbox 572 3216 677 3272; x_wconf 87' lang='lat' dir='ltr'><strong>sellieet</strong></span> <span class='ocrx_word' id='word_1_254' title='bbox 708 3219 831 3289; x_wconf 80' lang='lat' dir='ltr'><strong>quotiens</strong></span> <span class='ocrx_word' id='word_1_255' title='bbox 864 3214 995 3286; x_wconf 84' lang='lat' dir='ltr'><strong>epostolls</strong></span> <span class='ocrx_word' id='word_1_256' title='bbox 1025 3217 1121 3272; x_wconf 84' lang='lat' dir='ltr'><strong>mlsens</strong></span> <span class='ocrx_word' id='word_1_257' title='bbox 1151 3223 1202 3285; x_wconf 83' lang='lat' dir='ltr'><strong>est,</strong></span> 
     </span>
     <span class='ocr_line' id='line_1_29' title="bbox 159 3312 1280 3390; baseline -0.002 -17"><span class='ocrx_word' id='word_1_258' title='bbox 159 3317 293 3374; x_wconf 84' lang='lat' dir='ltr'><strong>seiendurn</strong></span> <span class='ocrx_word' id='word_1_259' title='bbox 314 3327 369 3384; x_wconf 84' lang='lat' dir='ltr'><strong>est,</strong></span> <span class='ocrx_word' id='word_1_260' title='bbox 390 3317 460 3390; x_wconf 87' lang='lat' dir='ltr'><strong>quod</strong></span> <span class='ocrx_word' id='word_1_261' title='bbox 478 3315 619 3373; x_wconf 74' lang='lat' dir='ltr'><strong>sertuudum</strong></span> <span class='ocrx_word' id='word_1_262' title='bbox 639 3315 759 3374; x_wconf 83' lang='lat' dir='ltr'><strong>Glossnnt</strong></span> <span class='ocrx_word' id='word_1_263' title='bbox 777 3317 863 3374; x_wconf 86' lang='lat' dir='ltr'><strong>tribus</strong></span> <span class='ocrx_word' id='word_1_264' title='bbox 880 3312 983 3371; x_wconf 80' lang='lat' dir='ltr'><strong>ricinos</strong></span> <span class='ocrx_word' id='word_1_265' title='bbox 999 3318 1033 3371; x_wconf 86' lang='lat' dir='ltr'><strong>lis</strong></span> <span class='ocrx_word' id='word_1_266' title='bbox 1053 3316 1130 3372; x_wconf 85' lang='lat' dir='ltr'><strong>dotus</strong></span> <span class='ocrx_word' id='word_1_267' title='bbox 1152 3325 1203 3386; x_wconf 88' lang='lat' dir='ltr'><strong>est,</strong></span> <span class='ocrx_word' id='word_1_268' title='bbox 1279 3367 1280 3371; x_wconf 75' lang='grc'>,</span> 
     </span>
     <span class='ocr_line' id='line_1_30' title="bbox 159 3399 1198 3490; baseline -0.001 -18"><span class='ocrx_word' id='word_1_269' title='bbox 159 3419 263 3476; x_wconf 85' lang='lat' dir='ltr'><strong>netiieet</strong></span> <span class='ocrx_word' id='word_1_270' title='bbox 281 3425 343 3474; x_wconf 84' lang='lat' dir='ltr'><strong>unte</strong></span> <span class='ocrx_word' id='word_1_271' title='bbox 360 3399 513 3490; x_wconf 85' lang='lat' dir='ltr'><strong>peselonenr</strong></span> <span class='ocrx_word' id='word_1_272' title='bbox 523 3459 530 3485; x_wconf 93' lang='lat'>‚</span> <span class='ocrx_word' id='word_1_273' title='bbox 549 3425 612 3489; x_wconf 82' lang='lat' dir='ltr'><strong>post</strong></span> <span class='ocrx_word' id='word_1_274' title='bbox 631 3421 851 3474; x_wconf 84' lang='lat' dir='ltr'><strong>resurreetIouent</strong></span> <span class='ocrx_word' id='word_1_275' title='bbox 872 3424 898 3474; x_wconf 91' lang='lat' dir='ltr'><strong>et</strong></span> <span class='ocrx_word' id='word_1_276' title='bbox 915 3423 976 3488; x_wconf 89' lang='lat' dir='ltr'><strong>post</strong></span> <span class='ocrx_word' id='word_1_277' title='bbox 993 3416 1198 3473; x_wconf 70' lang='lat' dir='ltr'><strong>odseeosimrern,</strong></span> 
     </span>
     <span class='ocr_line' id='line_1_31' title="bbox 160 3516 1203 3596; baseline -0.001 -23"><span class='ocrx_word' id='word_1_278' title='bbox 160 3517 246 3574; x_wconf 86' lang='lat' dir='ltr'><strong>Primo</strong></span> <span class='ocrx_word' id='word_1_279' title='bbox 264 3518 299 3574; x_wconf 84' lang='lat' dir='ltr'><strong>ed</strong></span> <span class='ocrx_word' id='word_1_280' title='bbox 319 3516 465 3596; x_wconf 78' lang='lat' dir='ltr'><strong>leniendum</strong></span> <span class='ocrx_word' id='word_1_281' title='bbox 484 3519 618 3586; x_wconf 78' lang='lat' dir='ltr'><strong>nimmolo,</strong></span> <span class='ocrx_word' id='word_1_282' title='bbox 637 3518 754 3574; x_wconf 88' lang='lat' dir='ltr'><strong>seeundo</strong></span> <span class='ocrx_word' id='word_1_283' title='bbox 773 3519 806 3573; x_wconf 86' lang='lat' dir='ltr'><strong>od</strong></span> <span class='ocrx_word' id='word_1_284' title='bbox 825 3517 994 3594; x_wconf 78' lang='lat' dir='ltr'><strong>relaxandum</strong></span> <span class='ocrx_word' id='word_1_285' title='bbox 1011 3523 1130 3588; x_wconf 77' lang='lat' dir='ltr'><strong>peccota,</strong></span> <span class='ocrx_word' id='word_1_286' title='bbox 1151 3523 1203 3572; x_wconf 89' lang='lat' dir='ltr'><strong>ter·-</strong></span> 
     </span>
     <span class='ocr_line' id='line_1_32' title="bbox 160 3611 1204 3691; baseline -0.003 -17"><span class='ocrx_word' id='word_1_287' title='bbox 160 3621 199 3674; x_wconf 95' lang='lat' dir='ltr'><strong>tio</strong></span> <span class='ocrx_word' id='word_1_288' title='bbox 217 3621 253 3674; x_wconf 87' lang='lat' dir='ltr'><strong>ud</strong></span> <span class='ocrx_word' id='word_1_289' title='bbox 277 3617 480 3675; x_wconf 81' lang='lat' dir='ltr'><strong>eonbrmoudonn</strong></span> <span class='ocrx_word' id='word_1_290' title='bbox 505 3619 595 3674; x_wconf 85' lang='lat' dir='ltr'><strong>eorde.</strong></span> <span class='ocrx_word' id='word_1_291' title='bbox 631 3619 719 3675; x_wconf 84' lang='lat' dir='ltr'><strong>Priore</strong></span> <span class='ocrx_word' id='word_1_292' title='bbox 740 3621 861 3691; x_wconf 83' lang='lat' dir='ltr'><strong>quoniam</strong></span> <span class='ocrx_word' id='word_1_293' title='bbox 880 3635 926 3674; x_wconf 91' lang='lat' dir='ltr'><strong>eos</strong></span> <span class='ocrx_word' id='word_1_294' title='bbox 946 3616 980 3673; x_wconf 87' lang='lat' dir='ltr'><strong>ed</strong></span> <span class='ocrx_word' id='word_1_295' title='bbox 1000 3611 1204 3688; x_wconf 81' lang='lat' dir='ltr'><strong>praedicandum</strong></span> 
     </span>
     <span class='ocr_line' id='line_1_33' title="bbox 161 3717 1204 3792; baseline -0.002 -18"><span class='ocrx_word' id='word_1_296' title='bbox 161 3723 233 3776; x_wconf 88' lang='lat' dir='ltr'><strong>misit</strong></span> <span class='ocrx_word' id='word_1_297' title='bbox 245 3727 271 3777; x_wconf 93' lang='lat' dir='ltr'><strong>et</strong></span> <span class='ocrx_word' id='word_1_298' title='bbox 283 3735 364 3792; x_wconf 85' lang='lat' dir='ltr'><strong>super</strong></span> <span class='ocrx_word' id='word_1_299' title='bbox 381 3721 469 3775; x_wconf 81' lang='lat' dir='ltr'><strong>omnio</strong></span> <span class='ocrx_word' id='word_1_300' title='bbox 487 3719 627 3792; x_wconf 80' lang='lat' dir='ltr'><strong>doemonio</strong></span> <span class='ocrx_word' id='word_1_301' title='bbox 646 3725 673 3774; x_wconf 89' lang='lat' dir='ltr'><strong>et</strong></span> <span class='ocrx_word' id='word_1_302' title='bbox 689 3727 718 3773; x_wconf 85' lang='lat' dir='ltr'><strong>ut</strong></span> <span class='ocrx_word' id='word_1_303' title='bbox 733 3717 879 3790; x_wconf 77' lang='lat' dir='ltr'><strong>languores</strong></span> <span class='ocrx_word' id='word_1_304' title='bbox 897 3722 1029 3784; x_wconf 78' lang='lat' dir='ltr'><strong>sererent,</strong></span> <span class='ocrx_word' id='word_1_305' title='bbox 1047 3724 1204 3788; x_wconf 81' lang='lat' dir='ltr'><strong>potestatem</strong></span> 
     </span>
     <span class='ocr_line' id='line_1_34' title="bbox 162 3816 1205 3890; baseline -0.004 -15"><span class='ocrx_word' id='word_1_306' title='bbox 162 3819 236 3876; x_wconf 87' lang='lat' dir='ltr'><strong>dedil</strong></span> <span class='ocrx_word' id='word_1_307' title='bbox 255 3823 297 3876; x_wconf 90' lang='lat' dir='ltr'><strong>lis.</strong></span> <span class='ocrx_word' id='word_1_308' title='bbox 333 3819 404 3876; x_wconf 84' lang='lat' dir='ltr'><strong>Ilaeo</strong></span> <span class='ocrx_word' id='word_1_309' title='bbox 422 3822 490 3876; x_wconf 88' lang='lat' dir='ltr'><strong>enirn</strong></span> <span class='ocrx_word' id='word_1_310' title='bbox 508 3819 637 3875; x_wconf 83' lang='lat' dir='ltr'><strong>mirooule</strong></span> <span class='ocrx_word' id='word_1_311' title='bbox 662 3835 711 3890; x_wconf 88' lang='lat' dir='ltr'><strong>per</strong></span> <span class='ocrx_word' id='word_1_312' title='bbox 735 3820 855 3890; x_wconf 80' lang='lat' dir='ltr'><strong>spirltum</strong></span> <span class='ocrx_word' id='word_1_313' title='bbox 872 3824 989 3874; x_wconf 81' lang='lat' dir='ltr'><strong>sanetum</strong></span> <span class='ocrx_word' id='word_1_314' title='bbox 1007 3816 1086 3886; x_wconf 88' lang='lat' dir='ltr'><strong>bont,</strong></span> <span class='ocrx_word' id='word_1_315' title='bbox 1109 3833 1205 3873; x_wconf 81' lang='lat' dir='ltr'><strong>secuu-</strong></span> 
     </span>
    </p>
   </div>
   <div class='ocr_carea' id='block_1_3' title="bbox 162 3917 1208 4495">
    <p class='ocr_par' dir='ltr' id='par_1_3' title="bbox 162 3917 1208 4495">
     <span class='ocr_line' id='line_1_35' title="bbox 163 3917 1205 3994; baseline 0.001 -21"><span class='ocrx_word' id='word_1_316' title='bbox 163 3920 223 3975; x_wconf 88' lang='lat' dir='ltr'><strong>dum</strong></span> <span class='ocrx_word' id='word_1_317' title='bbox 243 3921 313 3994; x_wconf 79' lang='lat' dir='ltr'><strong>qnod</strong></span> <span class='ocrx_word' id='word_1_318' title='bbox 331 3920 429 3975; x_wconf 87' lang='lat' dir='ltr'><strong>dieitur</strong></span> <span class='ocrx_word' id='word_1_319' title='bbox 446 3919 529 3976; x_wconf 85' lang='lat' dir='ltr'><strong>blotb.</strong></span> <span class='ocrx_word' id='word_1_320' title='bbox 546 3918 610 3974; x_wconf 86' lang='lat' dir='ltr'>XII:</span> <span class='ocrx_word' id='word_1_321' title='bbox 628 3921 652 3973; x_wconf 91' lang='lat' dir='ltr'><strong>si</strong></span> <span class='ocrx_word' id='word_1_322' title='bbox 671 3924 757 3975; x_wconf 84' lang='lat' dir='ltr'><strong>nutem</strong></span> <span class='ocrx_word' id='word_1_323' title='bbox 775 3919 801 3971; x_wconf 91' lang='lat' dir='ltr'><strong>ln</strong></span> <span class='ocrx_word' id='word_1_324' title='bbox 818 3921 913 3988; x_wconf 88' lang='lat' dir='ltr'><strong>spiritu</strong></span> <span class='ocrx_word' id='word_1_325' title='bbox 931 3917 981 3974; x_wconf 84' lang='lat' dir='ltr'><strong>bo</strong></span> <span class='ocrx_word' id='word_1_326' title='bbox 998 3918 1078 3990; x_wconf 77' lang='lat' dir='ltr'><strong>eJIoIo</strong></span> <span class='ocrx_word' id='word_1_327' title='bbox 1097 3917 1205 3974; x_wconf 83' lang='lat' dir='ltr'><strong>doemo-</strong></span> 
     </span>
     <span class='ocr_line' id='line_1_36' title="bbox 162 4006 1206 4096; baseline -0.002 -20"><span class='ocrx_word' id='word_1_328' title='bbox 162 4023 207 4076; x_wconf 78' lang='lat' dir='ltr'><strong>nis</strong></span> <span class='ocrx_word' id='word_1_329' title='bbox 226 4026 275 4077; x_wconf 86' lang='lat' dir='ltr'><strong>eto.</strong></span> <span class='ocrx_word' id='word_1_330' title='bbox 311 4006 369 4075; x_wconf 78' lang='lat' dir='ltr'><strong>Non</strong></span> <span class='ocrx_word' id='word_1_331' title='bbox 389 4029 474 4076; x_wconf 82' lang='lat' dir='ltr'><strong>tannen</strong></span> <span class='ocrx_word' id='word_1_332' title='bbox 491 4035 657 4096; x_wconf 81' lang='lat' dir='ltr'><strong>eorrsequene</strong></span> <span class='ocrx_word' id='word_1_333' title='bbox 678 4023 735 4083; x_wconf 79' lang='lat' dir='ltr'><strong>est,</strong></span> <span class='ocrx_word' id='word_1_334' title='bbox 762 4022 791 4072; x_wconf 89' lang='lat' dir='ltr'><strong>ut</strong></span> <span class='ocrx_word' id='word_1_335' title='bbox 815 4021 964 4092; x_wconf 74' lang='lat' dir='ltr'><strong>quicunque</strong></span> <span class='ocrx_word' id='word_1_336' title='bbox 986 4019 1069 4074; x_wconf 86' lang='lat' dir='ltr'><strong>babet</strong></span> <span class='ocrx_word' id='word_1_337' title='bbox 1085 4021 1206 4091; x_wconf 82' lang='lat' dir='ltr'><strong>spirltum</strong></span> 
     </span>
     <span class='ocr_line' id='line_1_37' title="bbox 163 4118 1208 4192; baseline 0.001 -17"><span class='ocrx_word' id='word_1_338' title='bbox 163 4126 300 4190; x_wconf 82' lang='lat' dir='ltr'><strong>sanetum,</strong></span> <span class='ocrx_word' id='word_1_339' title='bbox 325 4120 407 4176; x_wconf 81' lang='lat' dir='ltr'><strong>Inoiut</strong></span> <span class='ocrx_word' id='word_1_340' title='bbox 424 4119 567 4187; x_wconf 76' lang='lat' dir='ltr'><strong>miracula,</strong></span> <span class='ocrx_word' id='word_1_341' title='bbox 595 4121 718 4192; x_wconf 84' lang='lat' dir='ltr'><strong>quonium</strong></span> <span class='ocrx_word' id='word_1_342' title='bbox 741 4121 811 4174; x_wconf 89' lang='lat' dir='ltr'><strong>sient</strong></span> <span class='ocrx_word' id='word_1_343' title='bbox 836 4118 981 4192; x_wconf 79' lang='lat' dir='ltr'><strong>Gregorlus</strong></span> <span class='ocrx_word' id='word_1_344' title='bbox 1005 4122 1059 4188; x_wconf 80' lang='lat' dir='ltr'><strong>ult,</strong></span> <span class='ocrx_word' id='word_1_345' title='bbox 1081 4121 1208 4176; x_wconf 80' lang='lat' dir='ltr'><strong>eolreoulo</strong></span> 
     </span>
     <span class='ocr_line' id='line_1_38' title="bbox 163 4219 1208 4294; baseline 0 -19"><span class='ocrx_word' id='word_1_346' title='bbox 163 4219 294 4278; x_wconf 76' lang='lat' dir='ltr'><strong>tonuere</strong></span> <span class='ocrx_word' id='word_1_347' title='bbox 312 4227 430 4276; x_wconf 83' lang='lat' dir='ltr'><strong>sanetum</strong></span> <span class='ocrx_word' id='word_1_348' title='bbox 449 4236 501 4276; x_wconf 90' lang='lat' dir='ltr'><strong>uon</strong></span> <span class='ocrx_word' id='word_1_349' title='bbox 520 4219 635 4286; x_wconf 81' lang='lat' dir='ltr'><strong>leniunt,</strong></span> <span class='ocrx_word' id='word_1_350' title='bbox 660 4219 708 4274; x_wconf 89' lang='lat' dir='ltr'><strong>sed</strong></span> <span class='ocrx_word' id='word_1_351' title='bbox 725 4219 883 4288; x_wconf 86' lang='lat' dir='ltr'><strong>ostendunt,</strong></span> <span class='ocrx_word' id='word_1_352' title='bbox 908 4235 958 4276; x_wconf 88' lang='lat' dir='ltr'><strong>neo</strong></span> <span class='ocrx_word' id='word_1_353' title='bbox 979 4223 1126 4294; x_wconf 82' lang='lat' dir='ltr'><strong>quicunqne</strong></span> <span class='ocrx_word' id='word_1_354' title='bbox 1143 4221 1208 4276; x_wconf 88' lang='lat' dir='ltr'><strong>leoit</strong></span> 
     </span>
     <span class='ocr_line' id='line_1_39' title="bbox 164 4305 1207 4394; baseline 0.003 -20"><span class='ocrx_word' id='word_1_355' title='bbox 164 4305 305 4389; x_wconf 76' lang='lat' dir='ltr'><strong>miraculo,</strong></span> <span class='ocrx_word' id='word_1_356' title='bbox 322 4319 404 4378; x_wconf 82' lang='lat' dir='ltr'><strong>behet</strong></span> <span class='ocrx_word' id='word_1_357' title='bbox 420 4323 541 4393; x_wconf 85' lang='lat' dir='ltr'><strong>spiritum</strong></span> <span class='ocrx_word' id='word_1_358' title='bbox 559 4329 691 4390; x_wconf 79' lang='lat' dir='ltr'><strong>sonetum,</strong></span> <span class='ocrx_word' id='word_1_359' title='bbox 715 4322 838 4394; x_wconf 84' lang='lat' dir='ltr'><strong>quonium</strong></span> <span class='ocrx_word' id='word_1_360' title='bbox 856 4327 883 4376; x_wconf 90' lang='lat' dir='ltr'><strong>et</strong></span> <span class='ocrx_word' id='word_1_361' title='bbox 899 4319 961 4375; x_wconf 83' lang='lat' dir='ltr'><strong>muli</strong></span> <span class='ocrx_word' id='word_1_362' title='bbox 979 4326 1102 4376; x_wconf 84' lang='lat' dir='ltr'><strong>usserunt</strong></span> <span class='ocrx_word' id='word_1_363' title='bbox 1117 4336 1149 4377; x_wconf 89' lang='lat' dir='ltr'><strong>se</strong></span> <span class='ocrx_word' id='word_1_364' title='bbox 1167 4322 1207 4377; x_wconf 85' lang='lat' dir='ltr'><strong>le-</strong></span> 
     </span>
     <span class='ocr_line' id='line_1_40' title="bbox 163 4420 1207 4495; baseline 0.001 -17"><span class='ocrx_word' id='word_1_365' title='bbox 163 4424 235 4480; x_wconf 86' lang='lat' dir='ltr'><strong>elsse</strong></span> <span class='ocrx_word' id='word_1_366' title='bbox 252 4421 381 4479; x_wconf 79' lang='lat' dir='ltr'><strong>miraeula</strong></span> <span class='ocrx_word' id='word_1_367' title='bbox 398 4421 529 4480; x_wconf 82' lang='lat' dir='ltr'><strong>dicentes:</strong></span> <span class='ocrx_word' id='word_1_368' title='bbox 548 4421 662 4494; x_wconf 86' lang='lat' dir='ltr'><strong>domine,</strong></span> <span class='ocrx_word' id='word_1_369' title='bbox 679 4437 766 4480; x_wconf 90' lang='lat' dir='ltr'><strong>nonne</strong></span> <span class='ocrx_word' id='word_1_370' title='bbox 781 4425 807 4478; x_wconf 88' lang='lat' dir='ltr'><strong>ln</strong></span> <span class='ocrx_word' id='word_1_371' title='bbox 819 4423 978 4480; x_wconf 84' lang='lat' dir='ltr'><strong>nontnetno</strong></span> <span class='ocrx_word' id='word_1_372' title='bbox 991 4420 1207 4495; x_wconf 73' lang='lat' dir='ltr'><strong>prophetavimus</strong></span> 
     </span>
    </p>
   </div>
   <div class='ocr_carea' id='block_1_4' title="bbox 0 0 1460 5310">
    <p class='ocr_par' dir='ltr' id='par_1_4' title="bbox 0 0 1460 5310">
     <span class='ocr_line' id='line_1_41' title="bbox 0 0 1460 5310; baseline 0 0"><span class='ocrx_word' id='word_1_373' title='bbox 0 0 1460 5310; x_wconf 95' lang='lat' dir='ltr'><strong> </strong></span> 
     </span>
    </p>
   </div>
  </div>
 </body>
</html>
