2984 5302
302 481 376 560 Cap.
398 479 512 540 cxxtt.
555 481 600 542 De
621 489 721 541 taneto
742 479 956 562 simphoriano.
1080 481 1143 546 5⁸9

103 639 207 712 gratias
226 645 337 713 ageret,
362 639 415 696 too
439 639 528 713 angoti
552 641 605 694 nihi
632 638 792 695 adstiterunt
809 639 942 696 riioantet:
966 644 1040 715 erige
1064 649 1143 713 rapot

103 739 130 793 in
155 738 239 792 eoelia
269 745 296 794 et
319 737 388 795 rito.
424 737 635 810 Adspioiouaqne
659 737 726 794 ritttt
751 739 842 794 ooaloa
865 747 973 809 apertur
1003 747 1030 798 ot
1051 741 1141 798 Jeauu

105 851 230 892 coronata
249 845 405 911 gemmatam
423 845 554 894 toreuma
571 844 599 893 et
618 837 746 894 ditrutam
763 837 830 894 ribi:
853 836 922 892 itanu
938 839 972 896 tte
990 855 1067 896 aranu
1084 855 1144 898 rnna

102 938 228 1006 aootptea.
262 934 339 1000 Quod
357 937 464 1008 nutriata
482 939 523 992 vir
539 939 643 992 nomino
660 935 825 1006 Apollinaris
845 937 936 994 rident
959 951 989 995 aa
1012 937 1141 1011 baptizari

103 1036 176 1092 iaoit.
220 1035 389 1106 Quapropter
413 1050 524 1107 praeter
555 1038 635 1105 inruit
663 1033 756 1091 narbon
784 1038 812 1090 in
846 1035 1016 1096 confatione
1045 1038 1142 1094 donini

103 1143 305 1205 perseveranter
323 1133 450 1192 decoliari
469 1136 541 1191 eirea
557 1149 642 1190 annot
660 1137 759 1190 tonirt
775 1134 853 1192 titt

521 1377 726 1393 Ἥ

420 1626 516 1724 tat.
541 1626 672 1723 tittt.
696 1628 803 1726 tttt.)

239 1778 321 1849 lto
355 1782 554 1850 sancto
585 1777 1005 1866 simphoriano.

169 1936 370 2009 simphorianus
397 1940 494 1996 dieitur
518 1956 536 1996 a
559 1940 717 2012 atnpltonta.
758 1940 818 1998 Fuit
849 1945 917 1998 eoin
940 1950 1070 2015 nmquam
1095 1959 1142 2000 var

102 2036 243 2104 muricum,
266 2039 388 2094 otuittant
412 2039 573 2096 harmonian
598 2041 734 2106 virtutum
757 2042 784 2096 lu
808 2057 860 2113 quo
877 2047 1009 2112 unquam
1027 2044 1054 2096 tn
1078 2056 1141 2098 rnre

103 2137 202 2190 murino
232 2138 286 2191 tria
311 2136 425 2194 inerunt.
467 2137 531 2193 Nan
561 2145 591 2193 ui
622 2138 690 2194 diois
714 2139 856 2195 Arerroio:
886 2142 1034 2195 annotinum
1063 2139 1144 2196 dehet

102 2247 163 2289 erae
183 2233 274 2290 darunt
287 2235 321 2290 ad
341 2235 525 2305 resistendum,
547 2237 641 2308 ¹)lone
659 2237 693 2292 ad
712 2237 924 2305 ooatinuantiunt,
942 2238 1022 2293 iatum
1040 2237 1075 2293 ati
1093 2242 1141 2294 ita·
1161 2281 1163 2286 s

103 2331 238 2403 plandunt,
262 2337 301 2390 aio
328 2342 354 2390 et
378 2335 578 2405 simphorianus
601 2341 733 2408 nmquam
758 2352 804 2393 rar
828 2339 952 2392 murinum
970 2335 1033 2404 tuit,
1061 2336 1142 2393 durna

103 2431 155 2486 uttrt
175 2447 226 2503 por
242 2433 432 2500 austeritatem,
451 2434 519 2489 tonit
536 2433 597 2489 alita
615 2449 665 2505 per
682 2433 915 2502 nantuatutitnem,
933 2436 1003 2491 intua
1022 2437 1143 2492 omnihua

68 2591 70 2596 ,
102 2534 287 2601 perennitatis
305 2531 512 2602 amptitudinem.

169 2629 371 2701 Sinphoriaauo
387 2633 414 2685 tn
432 2630 667 2705 Augnatotiuaenrt
684 2632 750 2688 urbe
768 2638 842 2688 oriar
860 2633 919 2689 tium
937 2633 1023 2690 udhuo
1034 2633 1141 2691 adotea-

102 2743 166 2784 oenr
184 2733 272 2796 earet,
294 2735 370 2785 tauta
389 2746 488 2788 norun
507 2733 642 2803 gratime
660 2731 792 2801 poltehut,
814 2731 884 2804 quoti
908 2733 1038 2790 seniorum
1062 2736 1142 2788 attam

102 2830 250 2898 anticipare
268 2829 409 2886 rideretur.
446 2828 508 2884 tium
528 2832 609 2904 igitur
626 2831 726 2905 pagan
742 2830 838 2886 tertun
851 2830 961 2888 Veneris
977 2831 1143 2888 oetobrareot

102 2931 127 2982 et
158 2933 272 2983 etatum
301 2935 363 2986 anto
391 2928 540 2985 Hrraoliant
569 2930 731 3001 praeieotunt
758 2927 909 2998 deterreat,
942 2930 1142 3002 simphorianus

102 3027 177 3083 attuit
194 3036 221 3084 et
240 3029 333 3084 notens
351 3044 408 3086 ean
426 3028 540 3084 adorare
559 3027 603 3082 dia
620 3028 743 3086 caeditur
759 3035 787 3085 ot
804 3032 904 3085 earoeri
920 3033 1097 3100 mancipatur.
1117 3036 1144 3086 ut

103 3143 159 3183 eunt
180 3126 289 3184 rinctus
308 3127 341 3184 tte
360 3143 467 3184 oaroero
486 3127 696 3184 minoritatem
714 3134 899 3201 oogerrturot
917 3128 1040 3185 uuiaet
1060 3127 1144 3184 riona-

102 3231 143 3282 ria
161 3229 389 3299 promitterentur,
408 3226 488 3281 ituit:
505 3229 577 3284 Dent
595 3235 698 3296 nostor,
717 3234 747 3282 nt
765 3228 838 3282 norit
854 3241 1022 3284 remunerare
1039 3228 1142 3296 merita,

102 3329 141 3380 tta
157 3327 230 3380 norit
248 3325 342 3396 punire
361 3331 485 3396 promtior
515 3330 610 3395 ritant,
633 3342 712 3399 qnam
735 3323 841 3382 Chatato
864 3325 975 3381 rolutnri
1000 3341 1090 3382 sumat
1110 3339 1143 3382 eu

103 3421 211 3491 dehtto,
230 3424 363 3480 rotranat
384 3440 417 3480 ex
436 3430 508 3482 roto.
543 3424 612 3482 Sora
628 3425 773 3497 poenitudo
792 3429 834 3480 eat
852 3424 902 3482 auh
912 3423 1144 3497 Judiotstttnntrre

103 3531 256 3594 oonspeottt.
291 3523 404 3580 Munera
424 3525 549 3593 *irertra
562 3522 653 3579 innata
665 3522 750 3579 netttu
769 3524 901 3596 permixta
918 3519 1058 3580 tntoedtae
1075 3521 1145 3578 tuate

95 3623 218 3678 eredniir
236 3619 369 3677 norrttlmu
388 3638 490 3680 uenena
514 3624 672 3694 parturiunt.
708 3622 846 3692 Cupiditas
871 3627 961 3680 restra
986 3623 1072 3676 omnia
1094 3619 1144 3676 ha-

103 3719 189 3776 heorio
215 3721 251 3775 nti
276 3719 414 3793 poenitet,
439 3724 502 3795 quia
527 3721 675 3793 dyahottoit
698 3719 800 3776 artihua
822 3719 943 3792 obligata
966 3721 1055 3775 nitori
1079 3719 1144 3774 tucri

103 3821 236 3876 detinotur
256 3819 462 3890 ³)oonpetithua
481 3827 509 3876 et
529 3819 631 3893 gautita
647 3826 737 3876 roatra
755 3821 782 3874 in
801 3819 973 3874 similitudine
991 3820 1068 3884 uitri,
1087 3831 1144 3873 oum

103 3923 247 3989 coeperunt
265 3917 417 3989 optentum,
435 3919 602 3992 tranguntur.
637 3917 713 3975 Tana
722 3916 807 3990 tutor
818 3918 858 3972 ira
869 3916 987 3988 repletus
1000 3915 1065 3972 ttatn
1082 3933 1144 3972 sen-

104 4019 187 4073 tentta
206 4017 358 4088 praet-opit,
381 4022 411 4072 nt
428 4015 630 4088 simphorianus
648 4014 826 4076 oooitiorotur.
861 4014 910 4079 out
934 4031 991 4071 tunt
1009 4017 1043 4072 att
1060 4015 1144 4072 lorum

104 4115 254 4182 duceretur,
274 4119 358 4170 nator
376 4117 435 4188 ejus
454 4113 487 4170 do
505 4131 579 4171 muro
599 4116 748 4172 exclamant
767 4117 819 4170 att:
836 4122 907 4183 nato,
925 4121 996 4182 nate,
1014 4118 1144 4170 nomento

104 4221 230 4271 aeternae
249 4214 335 4279 ritae3
354 4223 458 4267 turnum
477 4215 582 4285 respice
600 4219 627 4270 ot
643 4219 796 4288 regnantum
816 4215 842 4269 in
861 4213 937 4269 totio
955 4215 1073 4280 intuere,
1096 4213 1146 4267 ttut

157 4365 177 4416 t)
191 4361 231 4406 titi.
245 4365 278 4409 t’r.
299 4360 379 4406 leuia
397 4358 471 4407 ossort.
547 4363 570 4416 i)
584 4360 624 4405 ttio
643 4367 665 4404 et
679 4361 749 4417 paulo
769 4368 821 4418 pout
841 4361 882 4407 hul.
901 4365 934 4406 1¹r.
954 4361 1015 4414 ierit:
1035 4367 1137 4404 aoutra

105 4431 127 4483 3)
141 4430 181 4473 hd.
196 4433 230 4476 t'r.
243 4427 459 4485 irrupedinihnu.
