2984 5302
350 429 413 493 486
467 434 538 513 Cep.
562 430 665 493 0va
704 434 751 495 De
772 443 871 493 sancto
893 433 1013 510 CyrIsco
1036 443 1066 494 et
1085 434 1170 494 sociis
1192 437 1261 515 ejus.

351 588 483 645 Donatus:
501 605 563 646 ecce
581 588 664 646 babet
682 593 836 662 transitum,
858 591 916 648 redi
939 591 974 648 ad
997 592 1082 648 iocum
1099 597 1170 647 tnun
1188 596 1214 647 et
1232 592 1381 646 uotecrsam

352 685 453 744 domum
472 690 622 745 concutiens
641 692 730 748 exivit
742 722 775 734 -
788 723 816 736 -
830 723 864 735 ·-
882 698 919 754 tt.
936 692 999 748 Gunn
1018 681 1123 764 qoi'rtan
1138 697 1254 746 mortuus
1272 691 1383 746 eticrre·

350 793 410 854 tur,
433 787 541 844 advenit
557 787 662 862 quiden
678 804 735 848 cnm
754 789 932 865 obtrograpbo
950 806 1072 847 asserens
1091 789 1181 846 deberi
1200 789 1251 844 sibi
1268 789 1303 844 ub
1321 791 1383 860 ipso

255 869 262 886 ⁰
352 886 395 943 cc
419 886 536 954 sciidoe,
560 888 628 944 node
652 889 801 946 nuliatenus
826 893 911 963 ipsum
935 890 1043 962 sepeliri
1073 888 1185 945 sinebat.
1221 888 1295 952 Quod
1325 903 1382 945 cum

351 1000 420 1040 uuor
436 987 494 1056 ejas
512 986 592 1042 ridna
609 987 688 1044 bento
707 988 811 1044 Donato
828 1004 885 1045 cum
902 989 1017 1045 lacrimis
1035 988 1198 1056 indicasset,
1224 988 1384 1062 adjungens,

352 1082 422 1156 qnod
439 1084 518 1140 bomo
535 1085 581 1142 iiie
597 1089 733 1157 pecuniam
749 1087 868 1145 totaliter
885 1091 1039 1162 recepisset,
1056 1103 1201 1162 assumens
1218 1087 1253 1144 ad
1271 1084 1384 1142 incolum

351 1184 400 1238 trit
416 1189 443 1239 et
460 1199 536 1240 menn
554 1183 703 1242 deinnotnm
720 1194 832 1261 tangens
850 1191 903 1244 ait:
924 1187 985 1244 andi
1004 1203 1053 1244 me.
1087 1186 1137 1252 tini
1156 1185 1307 1259 respondit:
1332 1201 1385 1259 ego

352 1297 417 1338 sum.
451 1281 485 1340 Et
501 1290 607 1340 sanctus
623 1284 741 1342 Bonatue
758 1287 792 1344 ad
811 1303 868 1344 eum
879 1290 932 1344 uit:
949 1303 1031 1360 surgo
1048 1293 1074 1343 et
1086 1286 1155 1355 ride,
1173 1285 1235 1358 qnid
1247 1301 1314 1359 agas
1326 1301 1384 1341 cnm

351 1381 456 1440 bomine
474 1385 540 1449 isto,
565 1387 609 1456 qni
627 1391 653 1442 to
670 1387 778 1458 sepeliri
796 1403 848 1444 non
865 1389 936 1444 sinit
972 1387 1021 1452 Qui
1039 1387 1158 1446 residens
1169 1395 1235 1442 'enm
1260 1383 1294 1442 de
1310 1385 1385 1440 eoin-

349 1483 422 1537 tioue
440 1481 523 1539 debiti
539 1498 626 1539 conam
645 1486 764 1541 omnibns
782 1489 896 1543 convicit
908 1494 935 1543 et
944 1485 1147 1560 chirographum
1163 1487 1296 1556 accipiens
1308 1498 1385 1540 manu

351 1580 438 1640 scidit.
472 1583 573 1640 Deinde
591 1585 658 1641 dixit
676 1592 767 1642 sancto
785 1587 902 1643 Donato:
923 1585 991 1658 jube
1009 1601 1048 1641 me
1066 1588 1175 1650 iterum,
1202 1590 1294 1655 pater,
1321 1581 1386 1638 dor·

350 1679 423 1736 miro.
459 1680 491 1738 Et
508 1683 567 1740 ille:
592 1684 661 1741 rade
685 1685 796 1754 amodo,
821 1685 868 1755 iili,
893 1690 1039 1760 quiescere.
1057 1715 1091 1728 -
1106 1715 1141 1727 -
1157 1713 1190 1724 -
1214 1687 1243 1742 ξ.
1262 1681 1301 1738 Eo
1319 1689 1385 1738 tem·

351 1795 416 1849 pore
441 1796 498 1836 oum
523 1784 579 1842 iere
601 1787 676 1840 annis
699 1784 783 1840 tribus
801 1802 852 1841 noo
874 1786 986 1857 pluisset
1002 1791 1029 1841 et
1046 1783 1173 1841 sterilitas
1191 1797 1287 1854 magna
1304 1765 1385 1846 esset,

349 1877 469 1936 tnbdeies
486 1883 520 1939 ad
540 1886 722 1955 imperatorem
741 1883 921 1940 Theodosium
939 1890 1117 1940 conuenerunt
1134 1887 1266 1955 petentes,
1284 1886 1314 1936 ut
1332 1879 1385 1934 sibi

351 1974 478 2036 Donatum
497 1983 629 2049 truderet,
647 1985 691 2055 qni
710 2000 758 2054 per
775 1990 855 2039 arten
875 1986 1001 2057 magicam
1021 1980 1071 2037 boc
1090 1982 1205 2038 iecisset.
1241 1979 1282 2035 bd
1303 1983 1385 2050 impe-

350 2082 446 2134 ratoris
471 2084 554 2155 igitur
577 2085 726 2138 instantiam
750 2082 868 2140 Donatus
894 2097 1020 2158 egressus
1045 2081 1174 2142 dominum
1201 2083 1329 2148 exorauit,
1359 2086 1386 2137 et

349 2177 463 2247 pinriaco
486 2186 620 2255 copiosam
642 2182 715 2239 dedit
738 2185 869 2255 siccisque
893 2183 1010 2239 aestibus
1035 2183 1149 2236 caeteris
1176 2179 1266 2251 picria
1288 2177 1385 2233 iniusis

349 2274 450 2333 domun
470 2282 557 2338 rediit.
577 2314 607 2324 -
627 2314 656 2325 -
677 2311 707 2323 -
734 2288 767 2342 8.
792 2282 853 2338 (inm
875 2287 962 2340 autem
989 2282 1066 2338 tiotbi
1092 2296 1124 2335 eo
1146 2285 1264 2350 munere
1281 2277 1385 2333 iteiiem

285 2423 286 2426 ,
350 2375 518 2437 devastarent
536 2390 563 2438 et
580 2383 685 2438 muitin
706 2381 756 2437 tide
773 2379 870 2436 cortun
888 2380 1059 2447 recederent,
1085 2378 1281 2434 Eradraciaous
1304 2393 1385 2448 pree-

350 2476 435 2532 teotos
454 2494 472 2535 t
494 2488 586 2538 sancto
603 2481 707 2537 bornato
733 2487 760 2538 et
785 2479 963 2552 ¹)iiyiariano
990 2481 1022 2536 de
1047 2481 1185 2551 apostasia
1208 2477 1386 2547 reprehensus

349 2586 455 2634 sanctos
474 2583 547 2652 ipsos
566 2585 636 2652 cepit
654 2580 813 2651 compellens
829 2595 885 2648 eos,
903 2588 932 2634 ut
946 2581 1007 2639 dori
1026 2580 1197 2634 innonoiarcnt.
1233 2575 1309 2640 onon
1327 2591 1385 2632 cum

349 2687 504 2747 mouerent,
534 2679 700 2752 iiyiarianom
724 2678 899 2750 exspoliatum
919 2679 1018 2734 tamdiu
1045 2679 1119 2735 caedi
1145 2678 1221 2744 iecit,
1248 2691 1386 2748 quousque

349 2781 467 2850 spiritum
485 2779 630 2847 cubuisset,
649 2779 775 2834 Donatum
787 2783 856 2835 'sero
871 2781 897 2832 io
912 2793 1043 2834 cancerem
1059 2779 1167 2833 recinuit
1180 2783 1206 2833 et
1219 2775 1385 2848 postmodum

349 2895 406 2936 eum
423 2879 552 2937 decoliari
569 2879 631 2935 iecit
649 2882 719 2934 ciros
736 2893 830 2934 aunum
848 2877 946 2933 donini
966 2877 1138 2934 CCCLXXX.

680 3369 776 3476 ilbi.
812 3371 921 3474 tuit
954 3371 1054 3474 issi)

417 3523 494 3593 ne
513 3523 680 3592 sancto
701 3507 894 3610 ¹cyriaco
918 3523 1005 3592 ’iot
1025 3519 1173 3594 sociis
1191 3519 1316 3612 ane.

417 3687 541 3758 Cyriacus
558 3702 576 3741 a
594 3687 721 3744 Marcello
739 3703 810 3760 napa
828 3688 961 3760 dyaconus
979 3687 1115 3745 ordinatus
1134 3685 1339 3759 comprehensus
1359 3695 1386 3744 et

349 3785 384 3842 ed
401 3783 587 3842 Maximianum
604 3786 731 3844 deductus
746 3789 838 3860 jocosus
857 3793 899 3843 est
916 3803 973 3842 eom
991 3789 1072 3844 soeiis
1089 3789 1162 3857 suis,
1183 3792 1212 3843 nt
1228 3793 1324 3842 terram
1342 3785 1386 3843 io·

350 3884 425 3941 deret
442 3893 470 3942 et
487 3885 521 3940 ad
534 3887 635 3954 iocum,
654 3885 755 3942 scilicet
767 3885 897 3952 tbermns,
917 3889 961 3958 qui
980 3886 1075 3942 ibidem
1095 3886 1311 3953 construebatur,
1329 3888 1385 3943 snit

350 3997 407 4039 eam
425 3983 540 4040 inumeris
557 3983 723 4056 deportaret,
745 3985 791 4040 nbi
810 3994 866 4041 erat
885 3993 992 4041 sauctus
1011 3985 1167 4042 Saturninae
1185 4003 1280 4052 senex,
1308 4003 1390 4058 quom

352 4083 476 4154 Cyriacus
501 4093 527 4140 et
547 4083 679 4140 sisinnius
696 4089 731 4142 ad
750 4085 904 4156 portandum
925 4085 1063 4158 jurabant
1094 4085 1214 4142 Tandem
1232 4087 1258 4140 tn
1276 4069 1385 4143 carcerc

351 4181 479 4239 reuinuunr
510 4181 661 4255 arsoicctns
692 4185 775 4256 jussit
807 4184 942 4256 tisrincom
974 4189 1147 4258 aramentum.
1184 4183 1215 4242 ur
1244 4199 1301 4264 cun
1327 4202 1385 4242 oum

359 4319 762 4336 *unus—-

401 4386 423 4441 t)
436 4385 494 4431 stite
507 4385 650 4432 liiiurino.
722 4389 746 4444 2)
759 4388 833 4432 Verba
853 4395 881 4434 et
894 4411 918 4422 -
931 4389 994 4446 ejus
1009 4388 1114 4434 crnuittmnt
1128 4393 1180 4435 beu.
