<?xml version="1.0" encoding="UTF-8"?>
<!DOCTYPE html PUBLIC "-//W3C//DTD XHTML 1.0 Transitional//EN"
    "http://www.w3.org/TR/xhtml1/DTD/xhtml1-transitional.dtd">
<html xmlns="http://www.w3.org/1999/xhtml" xml:lang="en" lang="en">
 <head>
  <title>
</title>
<meta http-equiv="Content-Type" content="text/html;charset=utf-8" />
  <meta name='ocr-system' content='tesseract 3.04.00' />
  <meta name='ocr-capabilities' content='ocr_page ocr_carea ocr_par ocr_line ocrx_word'/>
</head>
<body>
  <div class='ocr_page' id='page_1' title='image "./jacobiavoragine00jacogoog_0568.png"; bbox 0 0 2984 5302; ppageno 0'>
   <div class='ocr_carea' id='block_1_1' title="bbox 276 515 1145 598">
    <p class='ocr_par' dir='ltr' id='par_1_1' title="bbox 276 515 1145 598">
     <span class='ocr_line' id='line_1_1' title="bbox 276 515 1145 598; baseline -0.001 -19"><span class='ocrx_word' id='word_1_1' title='bbox 276 519 353 598; x_wconf 81' lang='lat' dir='ltr'>Cup.</span> <span class='ocrx_word' id='word_1_2' title='bbox 376 516 508 578; x_wconf 84' lang='lat' dir='ltr'>cxxiii.</span> <span class='ocrx_word' id='word_1_3' title='bbox 556 518 601 577; x_wconf 87' lang='lat' dir='ltr'>De</span> <span class='ocrx_word' id='word_1_4' title='bbox 623 525 723 577; x_wconf 80' lang='lat' dir='ltr'>saucio</span> <span class='ocrx_word' id='word_1_5' title='bbox 746 515 963 576; x_wconf 84' lang='lat' dir='ltr'>Bartholomeo.</span> <span class='ocrx_word' id='word_1_6' title='bbox 1081 515 1145 578; x_wconf 75' lang='grc'>647</span> 
     </span>
    </p>
   </div>
   <div class='ocr_carea' id='block_1_2' title="bbox 95 675 1157 1151">
    <p class='ocr_par' dir='ltr' id='par_1_2' title="bbox 95 675 1157 1151">
     <span class='ocr_line' id='line_1_2' title="bbox 97 675 1144 754; baseline -0.001 -21"><span class='ocrx_word' id='word_1_7' title='bbox 97 678 227 750; x_wconf 81' lang='lat' dir='ltr'>patientie</span> <span class='ocrx_word' id='word_1_8' title='bbox 244 678 270 732; x_wconf 90' lang='lat' dir='ltr'>in</span> <span class='ocrx_word' id='word_1_9' title='bbox 288 677 346 748; x_wconf 91' lang='lat' dir='ltr'>bts,</span> <span class='ocrx_word' id='word_1_10' title='bbox 374 694 443 754; x_wconf 88' lang='lat' dir='ltr'>quae</span> <span class='ocrx_word' id='word_1_11' title='bbox 465 682 617 750; x_wconf 85' lang='lat' dir='ltr'>¹)pereunt.</span> <span class='ocrx_word' id='word_1_12' title='bbox 652 677 710 734; x_wconf 86' lang='lat' dir='ltr'>Non</span> <span class='ocrx_word' id='word_1_13' title='bbox 732 678 892 746; x_wconf 82' lang='lat' dir='ltr'>²)relutsrlt</span> <span class='ocrx_word' id='word_1_14' title='bbox 913 675 1071 750; x_wconf 85' lang='lat' dir='ltr'>spostolus,</span> <span class='ocrx_word' id='word_1_15' title='bbox 1096 677 1144 734; x_wconf 85' lang='lat' dir='ltr'>seul</span> 
     </span>
     <span class='ocr_line' id='line_1_3' title="bbox 97 778 1146 852; baseline 0.002 -18"><span class='ocrx_word' id='word_1_16' title='bbox 97 785 127 834; x_wconf 90' lang='lat' dir='ltr'>ut</span> <span class='ocrx_word' id='word_1_17' title='bbox 145 778 257 834; x_wconf 86' lang='lat' dir='ltr'>tumulus</span> <span class='ocrx_word' id='word_1_18' title='bbox 281 778 368 834; x_wconf 85' lang='lat' dir='ltr'>tidelis</span> <span class='ocrx_word' id='word_1_19' title='bbox 386 779 516 834; x_wconf 86' lang='lat' dir='ltr'>domiulco</span> <span class='ocrx_word' id='word_1_20' title='bbox 535 780 708 850; x_wconf 76' lang='lat' dir='ltr'>acquiescens</span> <span class='ocrx_word' id='word_1_21' title='bbox 731 784 890 850; x_wconf 82' lang='lat' dir='ltr'>praecepto,</span> <span class='ocrx_word' id='word_1_22' title='bbox 916 781 1006 852; x_wconf 84' lang='lat' dir='ltr'>pergit</span> <span class='ocrx_word' id='word_1_23' title='bbox 1023 778 1146 852; x_wconf 82' lang='lat' dir='ltr'>gaudeus</span> 
     </span>
     <span class='ocr_line' id='line_1_4' title="bbox 95 877 1144 952; baseline 0 -17"><span class='ocrx_word' id='word_1_24' title='bbox 95 885 220 951; x_wconf 85' lang='lat' dir='ltr'>tauquam</span> <span class='ocrx_word' id='word_1_25' title='bbox 239 877 406 946; x_wconf 87' lang='lat' dir='ltr'>luxmundi,</span> <span class='ocrx_word' id='word_1_26' title='bbox 424 886 454 934; x_wconf 88' lang='lat' dir='ltr'>ut</span> <span class='ocrx_word' id='word_1_27' title='bbox 470 877 629 934; x_wconf 89' lang='lat' dir='ltr'>tenebrosos</span> <span class='ocrx_word' id='word_1_28' title='bbox 648 879 824 945; x_wconf 81' lang='lat' dir='ltr'>illuminaret,</span> <span class='ocrx_word' id='word_1_29' title='bbox 844 885 975 952; x_wconf 76' lang='lat' dir='ltr'>tamquam</span> <span class='ocrx_word' id='word_1_30' title='bbox 993 879 1033 934; x_wconf 87' lang='lat' dir='ltr'>sal</span> <span class='ocrx_word' id='word_1_31' title='bbox 1046 886 1144 946; x_wconf 83' lang='lat' dir='ltr'>terrac,</span> 
     </span>
     <span class='ocr_line' id='line_1_5' title="bbox 97 977 1157 1053; baseline 0.001 -19"><span class='ocrx_word' id='word_1_32' title='bbox 97 985 238 1052; x_wconf 85' lang='lat' dir='ltr'>uigentes</span> <span class='ocrx_word' id='word_1_33' title='bbox 259 977 389 1049; x_wconf 83' lang='lat' dir='ltr'>insipidus</span> <span class='ocrx_word' id='word_1_34' title='bbox 407 979 511 1045; x_wconf 76' lang='lat' dir='ltr'>saliret,</span> <span class='ocrx_word' id='word_1_35' title='bbox 530 985 661 1051; x_wconf 81' lang='lat' dir='ltr'>tamquam</span> <span class='ocrx_word' id='word_1_36' title='bbox 681 980 809 1053; x_wconf 82' lang='lat' dir='ltr'>agricola,</span> <span class='ocrx_word' id='word_1_37' title='bbox 828 983 856 1033; x_wconf 92' lang='lat' dir='ltr'>ut</span> <span class='ocrx_word' id='word_1_38' title='bbox 874 979 1021 1049; x_wconf 80' lang='lat' dir='ltr'>spiritualis</span> <span class='ocrx_word' id='word_1_39' title='bbox 1042 980 1157 1044; x_wconf 85' lang='lat' dir='ltr'>culture.¹</span> 
     </span>
     <span class='ocr_line' id='line_1_6' title="bbox 96 1073 1144 1151; baseline -0.001 -16"><span class='ocrx_word' id='word_1_40' title='bbox 96 1077 279 1151; x_wconf 78' lang='lat' dir='ltr'>perlicerelur.</span> <span class='ocrx_word' id='word_1_41' title='bbox 312 1077 406 1133; x_wconf 83' lang='lat' dir='ltr'>Petrus</span> <span class='ocrx_word' id='word_1_42' title='bbox 424 1093 529 1150; x_wconf 89' lang='lat' dir='ltr'>quoque</span> <span class='ocrx_word' id='word_1_43' title='bbox 543 1078 683 1150; x_wconf 85' lang='lat' dir='ltr'>apostolus</span> <span class='ocrx_word' id='word_1_44' title='bbox 697 1079 775 1132; x_wconf 88' lang='lat' dir='ltr'>dccet</span> <span class='ocrx_word' id='word_1_45' title='bbox 786 1079 918 1145; x_wconf 82' lang='lat' dir='ltr'>nationes,</span> <span class='ocrx_word' id='word_1_46' title='bbox 937 1073 1144 1140; x_wconf 80' lang='lat' dir='ltr'>sedllnrtholo·</span> 
     </span>
    </p>
   </div>
   <div class='ocr_carea' id='block_1_3' title="bbox 96 1175 1248 1253">
    <p class='ocr_par' dir='ltr' id='par_1_3' title="bbox 96 1175 1248 1253">
     <span class='ocr_line' id='line_1_7' title="bbox 96 1175 1248 1253; baseline -0.001 -17"><span class='ocrx_word' id='word_1_47' title='bbox 96 1195 171 1236; x_wconf 85' lang='lat' dir='ltr'>meus</span> <span class='ocrx_word' id='word_1_48' title='bbox 189 1183 383 1249; x_wconf 74' lang='lat' dir='ltr'>consequenter</span> <span class='ocrx_word' id='word_1_49' title='bbox 394 1178 470 1249; x_wconf 86' lang='lat' dir='ltr'>psrlu</span> <span class='ocrx_word' id='word_1_50' title='bbox 483 1179 635 1250; x_wconf 82' lang='lat' dir='ltr'>investiget,</span> <span class='ocrx_word' id='word_1_51' title='bbox 653 1175 748 1234; x_wconf 81' lang='lat' dir='ltr'>Petrus</span> <span class='ocrx_word' id='word_1_52' title='bbox 762 1183 890 1248; x_wconf 87' lang='lat' dir='ltr'>operatur</span> <span class='ocrx_word' id='word_1_53' title='bbox 901 1177 1026 1252; x_wconf 81' lang='lat' dir='ltr'>prodigis</span> <span class='ocrx_word' id='word_1_54' title='bbox 1036 1195 1143 1253; x_wconf 86' lang='lat' dir='ltr'>msgns,</span> <span class='ocrx_word' id='word_1_55' title='bbox 1247 1237 1248 1240; x_wconf 64' lang='grc'>,</span> 
     </span>
    </p>
   </div>
   <div class='ocr_carea' id='block_1_4' title="bbox 93 1276 1143 4244">
    <p class='ocr_par' dir='ltr' id='par_1_4' title="bbox 93 1276 1143 4244">
     <span class='ocr_line' id='line_1_8' title="bbox 98 1276 1142 1348; baseline -0.001 -12"><span class='ocrx_word' id='word_1_56' title='bbox 98 1279 147 1337; x_wconf 89' lang='lat' dir='ltr'>sed</span> <span class='ocrx_word' id='word_1_57' title='bbox 160 1277 364 1335; x_wconf 80' lang='lat' dir='ltr'>liertluolonrcus</span> <span class='ocrx_word' id='word_1_58' title='bbox 378 1277 443 1332; x_wconf 87' lang='lat' dir='ltr'>lacit</span> <span class='ocrx_word' id='word_1_59' title='bbox 457 1277 582 1332; x_wconf 84' lang='lat' dir='ltr'>miracula</span> <span class='ocrx_word' id='word_1_60' title='bbox 596 1276 694 1343; x_wconf 84' lang='lat' dir='ltr'>relide,</span> <span class='ocrx_word' id='word_1_61' title='bbox 708 1276 803 1332; x_wconf 89' lang='lat' dir='ltr'>Petrus</span> <span class='ocrx_word' id='word_1_62' title='bbox 815 1279 903 1348; x_wconf 88' lang='lat' dir='ltr'>eapite</span> <span class='ocrx_word' id='word_1_63' title='bbox 916 1277 1039 1332; x_wconf 89' lang='lat' dir='ltr'>deorsum</span> <span class='ocrx_word' id='word_1_64' title='bbox 1055 1282 1142 1335; x_wconf 89' lang='lat' dir='ltr'>cruci-</span> 
     </span>
     <span class='ocr_line' id='line_1_9' title="bbox 97 1361 1142 1454; baseline -0.001 -19"><span class='ocrx_word' id='word_1_65' title='bbox 97 1379 202 1454; x_wconf 86' lang='lat' dir='ltr'>llgllur,</span> <span class='ocrx_word' id='word_1_66' title='bbox 220 1361 434 1444; x_wconf 82' lang='lat' dir='ltr'>bartholomeus,</span> <span class='ocrx_word' id='word_1_67' title='bbox 454 1383 594 1448; x_wconf 86' lang='lat' dir='ltr'>postquem</span> <span class='ocrx_word' id='word_1_68' title='bbox 612 1378 689 1431; x_wconf 86' lang='lat' dir='ltr'>uiuus</span> <span class='ocrx_word' id='word_1_69' title='bbox 707 1377 857 1432; x_wconf 76' lang='lat' dir='ltr'>excoriatus</span> <span class='ocrx_word' id='word_1_70' title='bbox 875 1383 925 1444; x_wconf 89' lang='lat' dir='ltr'>est,</span> <span class='ocrx_word' id='word_1_71' title='bbox 945 1379 1032 1448; x_wconf 88' lang='lat' dir='ltr'>capite</span> <span class='ocrx_word' id='word_1_72' title='bbox 1047 1379 1142 1449; x_wconf 90' lang='lat' dir='ltr'>plecti-</span> 
     </span>
     <span class='ocr_line' id='line_1_10' title="bbox 95 1475 1142 1550; baseline -0.001 -15"><span class='ocrx_word' id='word_1_73' title='bbox 95 1487 148 1535; x_wconf 90' lang='lat' dir='ltr'>tur.</span> <span class='ocrx_word' id='word_1_74' title='bbox 181 1478 223 1536; x_wconf 83' lang='lat' dir='ltr'>nl</span> <span class='ocrx_word' id='word_1_75' title='bbox 242 1482 307 1550; x_wconf 89' lang='lat' dir='ltr'>quot</span> <span class='ocrx_word' id='word_1_76' title='bbox 324 1476 394 1533; x_wconf 82' lang='lat' dir='ltr'>salet</span> <span class='ocrx_word' id='word_1_77' title='bbox 412 1475 505 1532; x_wconf 81' lang='lat' dir='ltr'>Petrus</span> <span class='ocrx_word' id='word_1_78' title='bbox 532 1476 699 1548; x_wconf 84' lang='lat' dir='ltr'>capessenda</span> <span class='ocrx_word' id='word_1_79' title='bbox 723 1477 857 1544; x_wconf 84' lang='lat' dir='ltr'>misteria,</span> <span class='ocrx_word' id='word_1_80' title='bbox 881 1476 916 1532; x_wconf 87' lang='lat' dir='ltr'>ad</span> <span class='ocrx_word' id='word_1_81' title='bbox 939 1484 979 1534; x_wconf 92' lang='lat' dir='ltr'>tot</span> <span class='ocrx_word' id='word_1_82' title='bbox 998 1477 1142 1534; x_wconf 80' lang='lat' dir='ltr'>Bartholo-</span> 
     </span>
     <span class='ocr_line' id='line_1_11' title="bbox 97 1575 1143 1650; baseline 0 -16"><span class='ocrx_word' id='word_1_83' title='bbox 97 1594 170 1636; x_wconf 87' lang='lat' dir='ltr'>meus</span> <span class='ocrx_word' id='word_1_84' title='bbox 193 1577 291 1632; x_wconf 90' lang='lat' dir='ltr'>sulllclt</span> <span class='ocrx_word' id='word_1_85' title='bbox 317 1576 497 1648; x_wconf 80' lang='lat' dir='ltr'>penetranda,</span> <span class='ocrx_word' id='word_1_86' title='bbox 530 1576 681 1648; x_wconf 87' lang='lat' dir='ltr'>sequsliter</span> <span class='ocrx_word' id='word_1_87' title='bbox 709 1575 835 1631; x_wconf 78' lang='lat' dir='ltr'>secundet</span> <span class='ocrx_word' id='word_1_88' title='bbox 868 1577 1024 1644; x_wconf 88' lang='lat' dir='ltr'>ecclesiam,</span> <span class='ocrx_word' id='word_1_89' title='bbox 1056 1593 1143 1650; x_wconf 82' lang='lat' dir='ltr'>aeque</span> 
     </span>
     <span class='ocr_line' id='line_1_12' title="bbox 96 1657 1142 1746; baseline -0.001 -12"><span class='ocrx_word' id='word_1_90' title='bbox 96 1679 172 1734; x_wconf 85' lang='lat' dir='ltr'>leues</span> <span class='ocrx_word' id='word_1_91' title='bbox 197 1677 290 1732; x_wconf 87' lang='lat' dir='ltr'>habult</span> <span class='ocrx_word' id='word_1_92' title='bbox 316 1679 378 1746; x_wconf 77' lang='lat' dir='ltr'>⁸)el</span> <span class='ocrx_word' id='word_1_93' title='bbox 399 1683 506 1731; x_wconf 87' lang='lat' dir='ltr'>caetere</span> <span class='ocrx_word' id='word_1_94' title='bbox 528 1657 618 1731; x_wconf 80' lang='lat' dir='ltr'>diulus</span> <span class='ocrx_word' id='word_1_95' title='bbox 642 1677 791 1731; x_wconf 79' lang='lat' dir='ltr'>carismate.</span> <span class='ocrx_word' id='word_1_96' title='bbox 827 1676 876 1732; x_wconf 92' lang='lat' dir='ltr'>llic</span> <span class='ocrx_word' id='word_1_97' title='bbox 898 1693 932 1732; x_wconf 86' lang='lat' dir='ltr'>eu</span> <span class='ocrx_word' id='word_1_98' title='bbox 959 1677 1048 1733; x_wconf 87' lang='lat' dir='ltr'>divino</span> <span class='ocrx_word' id='word_1_99' title='bbox 1074 1679 1142 1734; x_wconf 89' lang='lat' dir='ltr'>doc·</span> 
     </span>
     <span class='ocr_line' id='line_1_13' title="bbox 96 1765 1140 1848; baseline 0.002 -15"><span class='ocrx_word' id='word_1_100' title='bbox 96 1778 207 1835; x_wconf 87' lang='lat' dir='ltr'>denario</span> <span class='ocrx_word' id='word_1_101' title='bbox 226 1793 333 1832; x_wconf 88' lang='lat' dir='ltr'>numero</span> <span class='ocrx_word' id='word_1_102' title='bbox 352 1775 453 1832; x_wconf 87' lang='lat' dir='ltr'>medius</span> <span class='ocrx_word' id='word_1_103' title='bbox 471 1791 504 1832; x_wconf 85' lang='lat' dir='ltr'>eu</span> <span class='ocrx_word' id='word_1_104' title='bbox 523 1765 635 1848; x_wconf 86' lang='lat' dir='ltr'>utruque</span> <span class='ocrx_word' id='word_1_105' title='bbox 653 1784 729 1846; x_wconf 85' lang='lat' dir='ltr'>purte</span> <span class='ocrx_word' id='word_1_106' title='bbox 749 1791 841 1831; x_wconf 88' lang='lat' dir='ltr'>sonum</span> <span class='ocrx_word' id='word_1_107' title='bbox 860 1777 965 1832; x_wconf 86' lang='lat' dir='ltr'>diuinae</span> <span class='ocrx_word' id='word_1_108' title='bbox 980 1781 1140 1835; x_wconf 85' lang='lat' dir='ltr'>sermocina-</span> 
     </span>
     <span class='ocr_line' id='line_1_14' title="bbox 95 1873 1142 1948; baseline 0 -14"><span class='ocrx_word' id='word_1_109' title='bbox 95 1881 176 1934; x_wconf 89' lang='lat' dir='ltr'>tionis</span> <span class='ocrx_word' id='word_1_110' title='bbox 192 1877 246 1943; x_wconf 86' lang='lat' dir='ltr'>dat,</span> <span class='ocrx_word' id='word_1_111' title='bbox 259 1879 328 1932; x_wconf 89' lang='lat' dir='ltr'>sicul</span> <span class='ocrx_word' id='word_1_112' title='bbox 338 1878 364 1930; x_wconf 93' lang='lat' dir='ltr'>ln</span> <span class='ocrx_word' id='word_1_113' title='bbox 377 1875 481 1931; x_wconf 84' lang='lat' dir='ltr'>clibars</span> <span class='ocrx_word' id='word_1_114' title='bbox 494 1874 663 1930; x_wconf 82' lang='lat' dir='ltr'>hermeniam.</span> <span class='ocrx_word' id='word_1_115' title='bbox 700 1873 796 1933; x_wconf 81' lang='lat' dir='ltr'>Omnes</span> <span class='ocrx_word' id='word_1_116' title='bbox 808 1877 925 1948; x_wconf 75' lang='lat' dir='ltr'>apostoli</span> <span class='ocrx_word' id='word_1_117' title='bbox 944 1879 1142 1934; x_wconf 87' lang='lat' dir='ltr'>uniuersitatem</span> 
     </span>
     <span class='ocr_line' id='line_1_15' title="bbox 95 1977 1139 2049; baseline -0.001 -14"><span class='ocrx_word' id='word_1_118' title='bbox 95 1979 147 2035; x_wconf 88' lang='lat' dir='ltr'>sibi</span> <span class='ocrx_word' id='word_1_119' title='bbox 166 1978 353 2049; x_wconf 67' lang='lat' dir='ltr'>dispertientes</span> <span class='ocrx_word' id='word_1_120' title='bbox 373 1983 497 2048; x_wconf 79' lang='lat' dir='ltr'>pastores</span> <span class='ocrx_word' id='word_1_121' title='bbox 514 1977 587 2046; x_wconf 88' lang='lat' dir='ltr'>regis</span> <span class='ocrx_word' id='word_1_122' title='bbox 607 1991 697 2048; x_wconf 86' lang='lat' dir='ltr'>regum</span> <span class='ocrx_word' id='word_1_123' title='bbox 715 1979 852 2033; x_wconf 87' lang='lat' dir='ltr'>constituti</span> <span class='ocrx_word' id='word_1_124' title='bbox 870 1985 940 2033; x_wconf 89' lang='lat' dir='ltr'>sunt.</span> <span class='ocrx_word' id='word_1_125' title='bbox 976 1977 1040 2034; x_wconf 88' lang='lat' dir='ltr'>lluic</span> <span class='ocrx_word' id='word_1_126' title='bbox 1053 1987 1139 2034; x_wconf 86' lang='lat' dir='ltr'>sutem</span> 
     </span>
     <span class='ocr_line' id='line_1_16' title="bbox 96 2075 1140 2151; baseline -0.002 -15"><span class='ocrx_word' id='word_1_127' title='bbox 96 2086 138 2136; x_wconf 89' lang='lat' dir='ltr'>est</span> <span class='ocrx_word' id='word_1_128' title='bbox 154 2093 214 2134; x_wconf 86' lang='lat' dir='ltr'>sors</span> <span class='ocrx_word' id='word_1_129' title='bbox 234 2085 260 2133; x_wconf 90' lang='lat' dir='ltr'>et</span> <span class='ocrx_word' id='word_1_130' title='bbox 277 2080 364 2148; x_wconf 90' lang='lat' dir='ltr'>portic</span> <span class='ocrx_word' id='word_1_131' title='bbox 378 2077 519 2133; x_wconf 73' lang='lat' dir='ltr'>Armeniae</span> <span class='ocrx_word' id='word_1_132' title='bbox 538 2076 623 2142; x_wconf 88' lang='lat' dir='ltr'>locus,</span> <span class='ocrx_word' id='word_1_133' title='bbox 648 2082 775 2147; x_wconf 88' lang='lat' dir='ltr'>quaeest</span> <span class='ocrx_word' id='word_1_134' title='bbox 792 2076 826 2132; x_wconf 88' lang='lat' dir='ltr'>nb</span> <span class='ocrx_word' id='word_1_135' title='bbox 846 2075 984 2149; x_wconf 76' lang='lat' dir='ltr'>⁴)Elulatlr</span> <span class='ocrx_word' id='word_1_136' title='bbox 1003 2095 1088 2151; x_wconf 90' lang='lat' dir='ltr'>usque</span> <span class='ocrx_word' id='word_1_137' title='bbox 1105 2080 1140 2134; x_wconf 84' lang='lat' dir='ltr'>ud</span> 
     </span>
     <span class='ocr_line' id='line_1_17' title="bbox 94 2175 1140 2249; baseline 0 -16"><span class='ocrx_word' id='word_1_138' title='bbox 94 2177 218 2234; x_wconf 83' lang='lat' dir='ltr'>Gabsotb</span> <span class='ocrx_word' id='word_1_139' title='bbox 236 2177 385 2233; x_wconf 71' lang='lat' dir='ltr'>distribute</span> <span class='ocrx_word' id='word_1_140' title='bbox 420 2175 504 2249; x_wconf 80' lang='lat' dir='ltr'>igitur</span> <span class='ocrx_word' id='word_1_141' title='bbox 517 2175 645 2232; x_wconf 88' lang='lat' dir='ltr'>rideeum</span> <span class='ocrx_word' id='word_1_142' title='bbox 660 2175 768 2248; x_wconf 83' lang='lat' dir='ltr'>linguae</span> <span class='ocrx_word' id='word_1_143' title='bbox 783 2184 872 2232; x_wconf 81' lang='lat' dir='ltr'>aratro</span> <span class='ocrx_word' id='word_1_144' title='bbox 889 2177 1059 2232; x_wconf 83' lang='lat' dir='ltr'>rationabilia</span> <span class='ocrx_word' id='word_1_145' title='bbox 1077 2193 1140 2234; x_wconf 86' lang='lat' dir='ltr'>rurs</span> 
     </span>
     <span class='ocr_line' id='line_1_18' title="bbox 94 2273 1137 2349; baseline 0 -15"><span class='ocrx_word' id='word_1_146' title='bbox 94 2278 252 2345; x_wconf 84' lang='lat' dir='ltr'>soluentem,</span> <span class='ocrx_word' id='word_1_147' title='bbox 277 2277 338 2333; x_wconf 89' lang='lat' dir='ltr'>lidei</span> <span class='ocrx_word' id='word_1_148' title='bbox 357 2277 463 2332; x_wconf 82' lang='lat' dir='ltr'>uerbum</span> <span class='ocrx_word' id='word_1_149' title='bbox 482 2278 508 2330; x_wconf 90' lang='lat' dir='ltr'>ln</span> <span class='ocrx_word' id='word_1_150' title='bbox 525 2273 657 2346; x_wconf 79' lang='lat' dir='ltr'>profundo</span> <span class='ocrx_word' id='word_1_151' title='bbox 675 2275 765 2330; x_wconf 89' lang='lat' dir='ltr'>cerdis</span> <span class='ocrx_word' id='word_1_152' title='bbox 783 2274 977 2344; x_wconf 81' lang='lat' dir='ltr'>recondentem,</span> <span class='ocrx_word' id='word_1_153' title='bbox 995 2279 1137 2349; x_wconf 74' lang='lat' dir='ltr'>paradisos</span> 
     </span>
     <span class='ocr_line' id='line_1_19' title="bbox 94 2373 1139 2448; baseline -0.002 -13"><span class='ocrx_word' id='word_1_154' title='bbox 94 2383 121 2435; x_wconf 87' lang='lat' dir='ltr'>et</span> <span class='ocrx_word' id='word_1_155' title='bbox 138 2380 229 2434; x_wconf 84' lang='lat' dir='ltr'>uineas</span> <span class='ocrx_word' id='word_1_156' title='bbox 247 2376 347 2432; x_wconf 86' lang='lat' dir='ltr'>domini</span> <span class='ocrx_word' id='word_1_157' title='bbox 364 2377 535 2448; x_wconf 81' lang='lat' dir='ltr'>plantantem,</span> <span class='ocrx_word' id='word_1_158' title='bbox 553 2373 667 2447; x_wconf 82' lang='lat' dir='ltr'>singulis</span> <span class='ocrx_word' id='word_1_159' title='bbox 687 2377 839 2446; x_wconf 87' lang='lat' dir='ltr'>passionum</span> <span class='ocrx_word' id='word_1_160' title='bbox 858 2377 976 2432; x_wconf 79' lang='lat' dir='ltr'>remedie</span> <span class='ocrx_word' id='word_1_161' title='bbox 995 2380 1139 2435; x_wconf 85' lang='lat' dir='ltr'>medicina-</span> 
     </span>
     <span class='ocr_line' id='line_1_20' title="bbox 93 2473 1138 2548; baseline 0 -14"><span class='ocrx_word' id='word_1_162' title='bbox 93 2478 156 2535; x_wconf 90' lang='lat' dir='ltr'>liter</span> <span class='ocrx_word' id='word_1_163' title='bbox 184 2479 357 2544; x_wconf 87' lang='lat' dir='ltr'>inserentem,</span> <span class='ocrx_word' id='word_1_164' title='bbox 387 2477 479 2548; x_wconf 84' lang='lat' dir='ltr'>spinas</span> <span class='ocrx_word' id='word_1_165' title='bbox 512 2473 651 2544; x_wconf 83' lang='lat' dir='ltr'>⁸)inutiles</span> <span class='ocrx_word' id='word_1_166' title='bbox 681 2475 853 2542; x_wconf 76' lang='lat' dir='ltr'>evellentem,</span> <span class='ocrx_word' id='word_1_167' title='bbox 883 2476 965 2531; x_wconf 82' lang='lat' dir='ltr'>silius</span> <span class='ocrx_word' id='word_1_168' title='bbox 994 2479 1138 2548; x_wconf 80' lang='lat' dir='ltr'>impietatis</span> 
     </span>
     <span class='ocr_line' id='line_1_21' title="bbox 94 2574 1139 2650; baseline -0.001 -16"><span class='ocrx_word' id='word_1_169' title='bbox 94 2594 205 2646; x_wconf 81' lang='lat' dir='ltr'>secere,</span> <span class='ocrx_word' id='word_1_170' title='bbox 242 2592 322 2648; x_wconf 89' lang='lat' dir='ltr'>sepes</span> <span class='ocrx_word' id='word_1_171' title='bbox 344 2577 510 2650; x_wconf 79' lang='lat' dir='ltr'>dogmaticas</span> <span class='ocrx_word' id='word_1_172' title='bbox 537 2577 742 2645; x_wconf 88' lang='lat' dir='ltr'>circumponere.</span> <span class='ocrx_word' id='word_1_173' title='bbox 795 2574 848 2630; x_wconf 88' lang='lat' dir='ltr'>Sed</span> <span class='ocrx_word' id='word_1_174' title='bbox 879 2575 972 2648; x_wconf 87' lang='lat' dir='ltr'>quales</span> <span class='ocrx_word' id='word_1_175' title='bbox 1004 2579 1139 2636; x_wconf 81' lang='lat' dir='ltr'>mercedes</span> 
     </span>
     <span class='ocr_line' id='line_1_22' title="bbox 93 2665 1140 2748; baseline -0.003 -12"><span class='ocrx_word' id='word_1_176' title='bbox 93 2679 210 2736; x_wconf 88' lang='lat' dir='ltr'>crestori</span> <span class='ocrx_word' id='word_1_177' title='bbox 227 2677 391 2733; x_wconf 88' lang='lat' dir='ltr'>obtulerunt!</span> <span class='ocrx_word' id='word_1_178' title='bbox 427 2673 522 2746; x_wconf 81' lang='lat' dir='ltr'>Utique</span> <span class='ocrx_word' id='word_1_179' title='bbox 539 2690 588 2747; x_wconf 86' lang='lat' dir='ltr'>pro</span> <span class='ocrx_word' id='word_1_180' title='bbox 607 2674 709 2730; x_wconf 86' lang='lat' dir='ltr'>bonore</span> <span class='ocrx_word' id='word_1_181' title='bbox 734 2673 959 2743; x_wconf 85' lang='lat' dir='ltr'>inhonorantiam,</span> <span class='ocrx_word' id='word_1_182' title='bbox 988 2691 1037 2748; x_wconf 90' lang='lat' dir='ltr'>pro</span> <span class='ocrx_word' id='word_1_183' title='bbox 1054 2665 1140 2734; x_wconf 51' lang='lat' dir='ltr'>bene-¹</span> 
     </span>
     <span class='ocr_line' id='line_1_23' title="bbox 95 2773 1138 2848; baseline -0.002 -14"><span class='ocrx_word' id='word_1_184' title='bbox 95 2779 212 2840; x_wconf 86' lang='lat' dir='ltr'>dictione</span> <span class='ocrx_word' id='word_1_185' title='bbox 236 2777 459 2842; x_wconf 82' lang='lat' dir='ltr'>maledictionem,</span> <span class='ocrx_word' id='word_1_186' title='bbox 482 2791 531 2846; x_wconf 83' lang='lat' dir='ltr'>pro</span> <span class='ocrx_word' id='word_1_187' title='bbox 555 2773 707 2830; x_wconf 90' lang='lat' dir='ltr'>muneribus</span> <span class='ocrx_word' id='word_1_188' title='bbox 731 2789 849 2845; x_wconf 77' lang='lat' dir='ltr'>poenes,</span> <span class='ocrx_word' id='word_1_189' title='bbox 882 2790 931 2846; x_wconf 91' lang='lat' dir='ltr'>pro</span> <span class='ocrx_word' id='word_1_190' title='bbox 956 2779 1138 2848; x_wconf 87' lang='lat' dir='ltr'>requiescibili</span> 
     </span>
     <span class='ocr_line' id='line_1_24' title="bbox 94 2873 1138 2946; baseline -0.001 -10"><span class='ocrx_word' id='word_1_191' title='bbox 94 2883 149 2936; x_wconf 85' lang='lat' dir='ltr'>rite</span> <span class='ocrx_word' id='word_1_192' title='bbox 172 2878 362 2935; x_wconf 77' lang='lat' dir='ltr'>amarissimum</span> <span class='ocrx_word' id='word_1_193' title='bbox 387 2881 505 2930; x_wconf 85' lang='lat' dir='ltr'>mortem.</span> <span class='ocrx_word' id='word_1_194' title='bbox 540 2873 606 2929; x_wconf 82' lang='lat' dir='ltr'>ilem</span> <span class='ocrx_word' id='word_1_195' title='bbox 636 2877 776 2946; x_wconf 86' lang='lat' dir='ltr'>postquam</span> <span class='ocrx_word' id='word_1_196' title='bbox 801 2874 983 2932; x_wconf 80' lang='lat' dir='ltr'>intolerabilis</span> <span class='ocrx_word' id='word_1_197' title='bbox 1007 2883 1138 2936; x_wconf 89' lang='lat' dir='ltr'>tornents</span> 
     </span>
     <span class='ocr_line' id='line_1_25' title="bbox 95 2973 1137 3052; baseline -0.003 -15"><span class='ocrx_word' id='word_1_198' title='bbox 95 2980 194 3048; x_wconf 88' lang='lat' dir='ltr'>sublit,</span> <span class='ocrx_word' id='word_1_199' title='bbox 223 2978 256 3034; x_wconf 92' lang='lat' dir='ltr'>ab</span> <span class='ocrx_word' id='word_1_200' title='bbox 290 2979 325 3032; x_wconf 93' lang='lat' dir='ltr'>lis</span> <span class='ocrx_word' id='word_1_201' title='bbox 349 2975 502 3031; x_wconf 87' lang='lat' dir='ltr'>decoriatus</span> <span class='ocrx_word' id='word_1_202' title='bbox 526 2974 554 3028; x_wconf 92' lang='lat' dir='ltr'>in</span> <span class='ocrx_word' id='word_1_203' title='bbox 577 2989 675 3030; x_wconf 90' lang='lat' dir='ltr'>merem</span> <span class='ocrx_word' id='word_1_204' title='bbox 704 2973 776 3029; x_wconf 89' lang='lat' dir='ltr'>loliis</span> <span class='ocrx_word' id='word_1_205' title='bbox 806 2975 870 3042; x_wconf 87' lang='lat' dir='ltr'>luit,</span> <span class='ocrx_word' id='word_1_206' title='bbox 902 2991 967 3044; x_wconf 89' lang='lat' dir='ltr'>nee,</span> <span class='ocrx_word' id='word_1_207' title='bbox 997 2983 1137 3052; x_wconf 82' lang='lat' dir='ltr'>postquem</span> 
     </span>
     <span class='ocr_line' id='line_1_26' title="bbox 93 3073 1138 3155; baseline -0.002 -19"><span class='ocrx_word' id='word_1_208' title='bbox 93 3081 219 3155; x_wconf 81' lang='lat' dir='ltr'>migrarit</span> <span class='ocrx_word' id='word_1_209' title='bbox 241 3077 275 3134; x_wconf 87' lang='lat' dir='ltr'>ab</span> <span class='ocrx_word' id='word_1_210' title='bbox 300 3075 354 3131; x_wconf 87' lang='lat' dir='ltr'>boc</span> <span class='ocrx_word' id='word_1_211' title='bbox 377 3074 488 3141; x_wconf 89' lang='lat' dir='ltr'>mundo,</span> <span class='ocrx_word' id='word_1_212' title='bbox 514 3073 634 3146; x_wconf 81' lang='lat' dir='ltr'>neglexit</span> <span class='ocrx_word' id='word_1_213' title='bbox 657 3075 809 3143; x_wconf 86' lang='lat' dir='ltr'>occisores,</span> <span class='ocrx_word' id='word_1_214' title='bbox 831 3073 880 3130; x_wconf 89' lang='lat' dir='ltr'>sed</span> <span class='ocrx_word' id='word_1_215' title='bbox 905 3075 1036 3132; x_wconf 79' lang='lat' dir='ltr'>inuitabat</span> <span class='ocrx_word' id='word_1_216' title='bbox 1057 3081 1138 3134; x_wconf 85' lang='lat' dir='ltr'>mira-</span> 
     </span>
     <span class='ocr_line' id='line_1_27' title="bbox 93 3172 1137 3252; baseline -0.002 -16"><span class='ocrx_word' id='word_1_217' title='bbox 93 3179 161 3237; x_wconf 88' lang='lat' dir='ltr'>culis</span> <span class='ocrx_word' id='word_1_218' title='bbox 191 3177 312 3252; x_wconf 89' lang='lat' dir='ltr'>perditos</span> <span class='ocrx_word' id='word_1_219' title='bbox 336 3181 363 3232; x_wconf 90' lang='lat' dir='ltr'>et</span> <span class='ocrx_word' id='word_1_220' title='bbox 388 3173 521 3248; x_wconf 88' lang='lat' dir='ltr'>prodigiis</span> <span class='ocrx_word' id='word_1_221' title='bbox 553 3172 710 3228; x_wconf 77' lang='lat' dir='ltr'>admittebat</span> <span class='ocrx_word' id='word_1_222' title='bbox 739 3172 879 3231; x_wconf 83' lang='lat' dir='ltr'>aduersos.</span> <span class='ocrx_word' id='word_1_223' title='bbox 915 3175 969 3232; x_wconf 86' lang='lat' dir='ltr'>Sed</span> <span class='ocrx_word' id='word_1_224' title='bbox 997 3177 1137 3234; x_wconf 79' lang='lat' dir='ltr'>bestialem</span> 
     </span>
     <span class='ocr_line' id='line_1_28' title="bbox 94 3272 1135 3348; baseline -0.003 -12"><span class='ocrx_word' id='word_1_225' title='bbox 94 3286 205 3336; x_wconf 87' lang='lat' dir='ltr'>mentem</span> <span class='ocrx_word' id='word_1_226' title='bbox 223 3278 261 3334; x_wconf 92' lang='lat' dir='ltr'>ull</span> <span class='ocrx_word' id='word_1_227' title='bbox 283 3282 356 3344; x_wconf 87' lang='lat' dir='ltr'>erut,</span> <span class='ocrx_word' id='word_1_228' title='bbox 380 3275 451 3348; x_wconf 92' lang='lat' dir='ltr'>quod</span> <span class='ocrx_word' id='word_1_229' title='bbox 476 3279 674 3344; x_wconf 89' lang='lat' dir='ltr'>compesceret,</span> <span class='ocrx_word' id='word_1_230' title='bbox 700 3273 737 3327; x_wconf 91' lang='lat' dir='ltr'>nil</span> <span class='ocrx_word' id='word_1_231' title='bbox 763 3272 869 3345; x_wconf 88' lang='lat' dir='ltr'>quode</span> <span class='ocrx_word' id='word_1_232' title='bbox 892 3275 961 3331; x_wconf 83' lang='lat' dir='ltr'>melo</span> <span class='ocrx_word' id='word_1_233' title='bbox 980 3276 1135 3334; x_wconf 82' lang='lat' dir='ltr'>retraheret.</span> 
     </span>
     <span class='ocr_line' id='line_1_29' title="bbox 96 3371 1138 3448; baseline -0.003 -14"><span class='ocrx_word' id='word_1_234' title='bbox 96 3377 164 3444; x_wconf 79' lang='lat' dir='ltr'>Quid</span> <span class='ocrx_word' id='word_1_235' title='bbox 182 3377 216 3435; x_wconf 88' lang='lat' dir='ltr'>de</span> <span class='ocrx_word' id='word_1_236' title='bbox 235 3383 342 3433; x_wconf 89' lang='lat' dir='ltr'>caetero</span> <span class='ocrx_word' id='word_1_237' title='bbox 360 3374 479 3430; x_wconf 82' lang='lat' dir='ltr'>tmtnntt</span> <span class='ocrx_word' id='word_1_238' title='bbox 513 3371 650 3428; x_wconf 81' lang='lat' dir='ltr'>insoniunt</span> <span class='ocrx_word' id='word_1_239' title='bbox 666 3379 759 3427; x_wconf 86' lang='lat' dir='ltr'>contra</span> <span class='ocrx_word' id='word_1_240' title='bbox 772 3372 836 3427; x_wconf 88' lang='lat' dir='ltr'>illud</span> <span class='ocrx_word' id='word_1_241' title='bbox 851 3387 953 3429; x_wconf 85' lang='lat' dir='ltr'>sacrum</span> <span class='ocrx_word' id='word_1_242' title='bbox 968 3391 1074 3448; x_wconf 90' lang='lat' dir='ltr'>corpus,</span> <span class='ocrx_word' id='word_1_243' title='bbox 1094 3395 1138 3435; x_wconf 87' lang='lat' dir='ltr'>re-</span> 
     </span>
     <span class='ocr_line' id='line_1_30' title="bbox 94 3471 1139 3551; baseline -0.004 -15"><span class='ocrx_word' id='word_1_244' title='bbox 94 3484 193 3551; x_wconf 87' lang='lat' dir='ltr'>spuunt</span> <span class='ocrx_word' id='word_1_245' title='bbox 209 3478 316 3550; x_wconf 85' lang='lat' dir='ltr'>aegroti</span> <span class='ocrx_word' id='word_1_246' title='bbox 333 3473 487 3540; x_wconf 87' lang='lat' dir='ltr'>medentem,</span> <span class='ocrx_word' id='word_1_247' title='bbox 507 3473 596 3527; x_wconf 84' lang='lat' dir='ltr'>oubstl</span> <span class='ocrx_word' id='word_1_248' title='bbox 615 3471 881 3540; x_wconf 61' lang='lat' dir='ltr'>‘manuducentem</span> <span class='ocrx_word' id='word_1_249' title='bbox 904 3477 975 3530; x_wconf 84' lang='lat' dir='ltr'>caeci</span> <span class='ocrx_word' id='word_1_250' title='bbox 994 3474 1139 3545; x_wconf 86' lang='lat' dir='ltr'>ductorem,</span> 
     </span>
     <span class='ocr_line' id='line_1_31' title="bbox 95 3569 1140 3654; baseline -0.001 -20"><span class='ocrx_word' id='word_1_251' title='bbox 95 3577 222 3654; x_wconf 77' lang='lat' dir='ltr'>nsubsgl</span> <span class='ocrx_word' id='word_1_252' title='bbox 247 3574 468 3650; x_wconf 71' lang='lat' dir='ltr'>gubernatorem,</span> <span class='ocrx_word' id='word_1_253' title='bbox 497 3573 595 3630; x_wconf 76' lang='lat' dir='ltr'>monui</span> <span class='ocrx_word' id='word_1_254' title='bbox 625 3571 819 3627; x_wconf 86' lang='lat' dir='ltr'>ritiicstoreru.</span> <span class='ocrx_word' id='word_1_255' title='bbox 855 3569 890 3628; x_wconf 84' lang='lat' dir='ltr'>lit</span> <span class='ocrx_word' id='word_1_256' title='bbox 914 3571 965 3629; x_wconf 89' lang='lat' dir='ltr'>lucc</span> <span class='ocrx_word' id='word_1_257' title='bbox 988 3577 1140 3647; x_wconf 69' lang='lat' dir='ltr'>quomode?</span> 
     </span>
     <span class='ocr_line' id='line_1_32' title="bbox 94 3669 1139 3749; baseline -0.003 -15"><span class='ocrx_word' id='word_1_258' title='bbox 94 3677 242 3749; x_wconf 87' lang='lat' dir='ltr'>Projiclunt</span> <span class='ocrx_word' id='word_1_259' title='bbox 258 3689 369 3747; x_wconf 88' lang='lat' dir='ltr'>numque</span> <span class='ocrx_word' id='word_1_260' title='bbox 387 3675 414 3728; x_wconf 91' lang='lat' dir='ltr'>in</span> <span class='ocrx_word' id='word_1_261' title='bbox 432 3673 545 3746; x_wconf 80' lang='lat' dir='ltr'>pelagus</span> <span class='ocrx_word' id='word_1_262' title='bbox 559 3685 655 3742; x_wconf 83' lang='lat' dir='ltr'>eorpus</span> <span class='ocrx_word' id='word_1_263' title='bbox 670 3677 796 3726; x_wconf 88' lang='lat' dir='ltr'>sunctum.</span> <span class='ocrx_word' id='word_1_264' title='bbox 829 3669 905 3726; x_wconf 85' lang='lat' dir='ltr'>blois</span> <span class='ocrx_word' id='word_1_265' title='bbox 923 3680 964 3728; x_wconf 90' lang='lat' dir='ltr'>est</span> <span class='ocrx_word' id='word_1_266' title='bbox 983 3675 1067 3746; x_wconf 86' lang='lat' dir='ltr'>igitur</span> <span class='ocrx_word' id='word_1_267' title='bbox 1082 3691 1139 3731; x_wconf 90' lang='lat' dir='ltr'>uum</span> 
     </span>
     <span class='ocr_line' id='line_1_33' title="bbox 95 3768 1140 3848; baseline -0.002 -16"><span class='ocrx_word' id='word_1_268' title='bbox 95 3779 196 3847; x_wconf 90' lang='lat' dir='ltr'>impetu</span> <span class='ocrx_word' id='word_1_269' title='bbox 219 3774 254 3830; x_wconf 89' lang='lat' dir='ltr'>de</span> <span class='ocrx_word' id='word_1_270' title='bbox 280 3774 436 3848; x_wconf 80' lang='lat' dir='ltr'>regionibus</span> <span class='ocrx_word' id='word_1_271' title='bbox 461 3773 601 3829; x_wconf 77' lang='lat' dir='ltr'>Armeniae</span> <span class='ocrx_word' id='word_1_272' title='bbox 626 3771 709 3827; x_wconf 85' lang='lat' dir='ltr'>srubs</span> <span class='ocrx_word' id='word_1_273' title='bbox 727 3785 787 3826; x_wconf 82' lang='lat' dir='ltr'>uuus</span> <span class='ocrx_word' id='word_1_274' title='bbox 811 3768 847 3826; x_wconf 89' lang='lat' dir='ltr'>ill</span> <span class='ocrx_word' id='word_1_275' title='bbox 871 3771 983 3828; x_wconf 86' lang='lat' dir='ltr'>eliorum</span> <span class='ocrx_word' id='word_1_276' title='bbox 1006 3778 1140 3837; x_wconf 77' lang='lat' dir='ltr'>martirum</span> 
     </span>
     <span class='ocr_line' id='line_1_34' title="bbox 94 3871 1141 3947; baseline 0 -16"><span class='ocrx_word' id='word_1_277' title='bbox 94 3871 200 3944; x_wconf 78' lang='lat' dir='ltr'>orchis,</span> <span class='ocrx_word' id='word_1_278' title='bbox 225 3883 310 3947; x_wconf 81' lang='lat' dir='ltr'>quse,</span> <span class='ocrx_word' id='word_1_279' title='bbox 331 3874 454 3930; x_wconf 87' lang='lat' dir='ltr'>similiter</span> <span class='ocrx_word' id='word_1_280' title='bbox 480 3871 539 3927; x_wconf 83' lang='lat' dir='ltr'>doun</span> <span class='ocrx_word' id='word_1_281' title='bbox 563 3876 753 3942; x_wconf 76' lang='lat' dir='ltr'>operarentur,</span> <span class='ocrx_word' id='word_1_282' title='bbox 778 3885 835 3924; x_wconf 88' lang='lat' dir='ltr'>uum</span> <span class='ocrx_word' id='word_1_283' title='bbox 854 3885 886 3926; x_wconf 87' lang='lat' dir='ltr'>en</span> <span class='ocrx_word' id='word_1_284' title='bbox 903 3871 1008 3929; x_wconf 79' lang='lat' dir='ltr'>luerent</span> <span class='ocrx_word' id='word_1_285' title='bbox 1025 3877 1051 3929; x_wconf 92' lang='lat' dir='ltr'>ln</span> <span class='ocrx_word' id='word_1_286' title='bbox 1070 3891 1141 3932; x_wconf 85' lang='lat' dir='ltr'>mere</span> 
     </span>
     <span class='ocr_line' id='line_1_35' title="bbox 95 3971 1141 4048; baseline -0.002 -17"><span class='ocrx_word' id='word_1_287' title='bbox 95 3977 276 4048; x_wconf 81' lang='lat' dir='ltr'>projecisset</span> <span class='ocrx_word' id='word_1_288' title='bbox 292 3989 342 4046; x_wconf 90' lang='lat' dir='ltr'>per</span> <span class='ocrx_word' id='word_1_289' title='bbox 366 3979 467 4028; x_wconf 67' lang='lat' dir='ltr'>nutum</span> <span class='ocrx_word' id='word_1_290' title='bbox 491 3971 601 4042; x_wconf 80' lang='lat' dir='ltr'>spolium</span> <span class='ocrx_word' id='word_1_291' title='bbox 627 3973 708 4025; x_wconf 89' lang='lat' dir='ltr'>maris</span> <span class='ocrx_word' id='word_1_292' title='bbox 730 3976 844 4042; x_wconf 87' lang='lat' dir='ltr'>qustuor</span> <span class='ocrx_word' id='word_1_293' title='bbox 860 3971 902 4026; x_wconf 92' lang='lat' dir='ltr'>bis</span> <span class='ocrx_word' id='word_1_294' title='bbox 921 3973 1141 4042; x_wconf 86' lang='lat' dir='ltr'>prnecedeullbus</span> 
     </span>
     <span class='ocr_line' id='line_1_36' title="bbox 95 4068 1141 4146; baseline -0.001 -15"><span class='ocrx_word' id='word_1_295' title='bbox 95 4082 123 4131; x_wconf 88' lang='lat' dir='ltr'>el</span> <span class='ocrx_word' id='word_1_296' title='bbox 144 4081 268 4146; x_wconf 77' lang='lat' dir='ltr'>tunquam</span> <span class='ocrx_word' id='word_1_297' title='bbox 293 4074 422 4128; x_wconf 88' lang='lat' dir='ltr'>ministris</span> <span class='ocrx_word' id='word_1_298' title='bbox 447 4071 601 4143; x_wconf 87' lang='lat' dir='ltr'>obsequium</span> <span class='ocrx_word' id='word_1_299' title='bbox 625 4068 816 4141; x_wconf 84' lang='lat' dir='ltr'>quodamnodo</span> <span class='ocrx_word' id='word_1_300' title='bbox 835 4071 959 4142; x_wconf 80' lang='lat' dir='ltr'>apostolo</span> <span class='ocrx_word' id='word_1_301' title='bbox 982 4071 1141 4130; x_wconf 79' lang='lat' dir='ltr'>incientibus</span> 
     </span>
     <span class='ocr_line' id='line_1_37' title="bbox 96 4167 1142 4244; baseline 0 -16"><span class='ocrx_word' id='word_1_302' title='bbox 96 4181 226 4230; x_wconf 86' lang='lat' dir='ltr'>uenerunt</span> <span class='ocrx_word' id='word_1_303' title='bbox 250 4176 276 4228; x_wconf 93' lang='lat' dir='ltr'>lu</span> <span class='ocrx_word' id='word_1_304' title='bbox 301 4179 392 4244; x_wconf 84' lang='lat' dir='ltr'>partes</span> <span class='ocrx_word' id='word_1_305' title='bbox 410 4169 519 4227; x_wconf 82' lang='lat' dir='ltr'>Siciliae</span> <span class='ocrx_word' id='word_1_306' title='bbox 534 4171 564 4226; x_wconf 91' lang='lat' dir='ltr'>ln</span> <span class='ocrx_word' id='word_1_307' title='bbox 584 4168 712 4238; x_wconf 82' lang='lat' dir='ltr'>insulem,</span> <span class='ocrx_word' id='word_1_308' title='bbox 739 4185 807 4244; x_wconf 87' lang='lat' dir='ltr'>quae</span> <span class='ocrx_word' id='word_1_309' title='bbox 833 4167 940 4240; x_wconf 81' lang='lat' dir='ltr'>Liparis</span> <span class='ocrx_word' id='word_1_310' title='bbox 967 4179 1142 4243; x_wconf 82' lang='lat' dir='ltr'>nuncupatur,</span> 
     </span>
    </p>
   </div>
   <div class='ocr_carea' id='block_1_5' title="bbox 96 4286 1143 4546">
    <p class='ocr_par' dir='ltr' id='par_1_5' title="bbox 96 4286 1143 4546">
     <span class='ocr_line' id='line_1_38' title="bbox 148 4286 1143 4345; baseline -0.008 -8"><span class='ocrx_word' id='word_1_311' title='bbox 148 4286 610 4345; x_wconf 66' lang='lat' dir='ltr'>l)i‘.ul.i’r.rquseperennilezil.</span> <span class='ocrx_word' id='word_1_312' title='bbox 672 4286 954 4342; x_wconf 65' lang='lat' dir='ltr'>upsiiiuresutruvis</span> <span class='ocrx_word' id='word_1_313' title='bbox 1017 4290 1143 4340; x_wconf 70' lang='lat' dir='ltr'>sitnm.</span> 
     </span>
     <span class='ocr_line' id='line_1_39' title="bbox 97 4351 1143 4412; baseline -0.011 -9"><span class='ocrx_word' id='word_1_314' title='bbox 97 4359 215 4412; x_wconf 76' lang='lat' dir='ltr'>sequenti·</span> <span class='ocrx_word' id='word_1_315' title='bbox 229 4358 261 4402; x_wconf 84' lang='lat' dir='ltr'>its</span> <span class='ocrx_word' id='word_1_316' title='bbox 275 4355 352 4401; x_wconf 71' lang='lat' dir='ltr'>offam</span> <span class='ocrx_word' id='word_1_317' title='bbox 372 4365 426 4403; x_wconf 88' lang='lat' dir='ltr'>ele.</span> <span class='ocrx_word' id='word_1_318' title='bbox 441 4355 544 4400; x_wconf 79' lang='lat' dir='ltr'>divine</span> <span class='ocrx_word' id='word_1_319' title='bbox 560 4355 717 4401; x_wconf 84' lang='lat' dir='ltr'>enrismntn</span> <span class='ocrx_word' id='word_1_320' title='bbox 739 4353 846 4398; x_wconf 82' lang='lat' dir='ltr'>bestus</span> <span class='ocrx_word' id='word_1_321' title='bbox 864 4368 896 4398; x_wconf 81' lang='lat' dir='ltr'>ex</span> <span class='ocrx_word' id='word_1_322' title='bbox 910 4351 1015 4402; x_wconf 76' lang='lat' dir='ltr'>diuino</span> <span class='ocrx_word' id='word_1_323' title='bbox 1029 4356 1143 4402; x_wconf 77' lang='lat' dir='ltr'>duodo.</span> 
     </span>
     <span class='ocr_line' id='line_1_40' title="bbox 96 4416 1143 4481; baseline -0.002 -11"><span class='ocrx_word' id='word_1_324' title='bbox 96 4427 671 4481; x_wconf 78' lang='lat' dir='ltr'>nariinumeroexulraqneperteetc.</span> <span class='ocrx_word' id='word_1_325' title='bbox 745 4416 989 4477; x_wconf 60' lang='lat' dir='ltr'>subintulisse.</span> <span class='ocrx_word' id='word_1_326' title='bbox 1066 4425 1143 4477; x_wconf 72' lang='lat' dir='ltr'>eisd</span> 
     </span>
     <span class='ocr_line' id='line_1_41' title="bbox 96 4489 1143 4546; baseline 0 -9"><span class='ocrx_word' id='word_1_327' title='bbox 96 4492 440 4546; x_wconf 70' lang='lat' dir='ltr'>renonintellipibilis.</span> <span class='ocrx_word' id='word_1_328' title='bbox 491 4489 1143 4544; x_wconf 70' lang='lat' dir='ltr'>o)sd.rrmaie:manducantem-deessem.</span> 
     </span>
    </p>
   </div>
   <div class='ocr_carea' id='block_1_6' title="bbox 878 4571 936 4628">
    <p class='ocr_par' dir='ltr' id='par_1_6' title="bbox 878 4571 936 4628">
     <span class='ocr_line' id='line_1_42' title="bbox 878 4571 936 4628; baseline 0 -22"><span class='ocrx_word' id='word_1_329' title='bbox 878 4571 936 4628; x_wconf 64' lang='lat'>85*</span> 
     </span>
    </p>
   </div>
   <div class='ocr_carea' id='block_1_7' title="bbox 0 0 1496 5302">
    <p class='ocr_par' dir='ltr' id='par_1_7' title="bbox 0 0 1496 5302">
     <span class='ocr_line' id='line_1_43' title="bbox 0 0 1496 5302; baseline 0 0"><span class='ocrx_word' id='word_1_330' title='bbox 0 0 1496 5302; x_wconf 95' lang='lat' dir='ltr'> </span> 
     </span>
    </p>
   </div>
  </div>
 </body>
</html>
