2984 5316
260 484 333 563 Cep.
357 484 461 544 XCiX.
503 483 549 542 De
577 495 674 544 sencio
695 487 803 544 iacebo
825 488 940 564 ursjore.
1053 483 1114 544 tei

84 645 237 703 incolumen
256 643 433 716 deposuerunt
449 650 477 700 et
486 643 615 715 hospitem
626 641 827 714 suspenderunt
838 673 870 686 -
881 672 915 684 -
926 674 957 686 -
975 649 1015 705 Β.
1026 643 1118 702 Refert

84 746 160 818 lingo
180 746 212 801 de
230 749 321 800 sendo
341 743 461 810 Victore,
484 740 554 816 quod
572 741 675 797 ouidnrn
693 745 834 816 peregrino
852 742 886 798 ud
902 749 1020 799 saucturn
1037 743 1116 802 isco-

84 846 143 902 bun
165 845 288 920 pergenti
312 842 439 916 dyabolus
464 844 491 897 in
514 845 606 912 speeie
622 845 706 898 eundi
723 842 816 900 Jeeobi
835 845 957 916 spparuit
974 849 1001 899 et
1018 843 1051 899 de
1067 846 1115 899 nri-

85 949 158 1000 seris
179 945 329 1016 proesentis
355 945 424 997 ritne
447 941 524 1013 piune
545 957 749 1000 conmemorans
771 942 874 998 ioiiceur
893 958 924 1000 se
941 959 1016 1010 esse,
1041 946 1066 998 st
1083 943 1117 998 ob

85 1044 211 1101 bonorem
234 1046 275 1100 sui
301 1059 331 1100 se
353 1047 473 1108 uecuoet,
502 1043 626 1100 asseruit.
662 1042 711 1106 Qui
735 1057 795 1098 urox
817 1041 933 1116 giediuur
958 1044 1069 1114 arripnit
1093 1050 1119 1102 ei

86 1125 207 1214 protinus
231 1158 261 1200 se
283 1147 367 1215 ipsun
392 1140 497 1197 occidit
532 1140 566 1198 Et
581 1156 639 1198 cun
656 1142 713 1208 iile,
738 1144 766 1198 in
782 1140 859 1198 durno
876 1142 951 1214 ouius
968 1139 1119 1213 hospitatus

87 1242 189 1311 iuerat,
205 1249 346 1315 suspectus
363 1239 505 1296 haberetur
524 1246 550 1298 ci
568 1243 634 1298 nori
650 1240 787 1313 plurinum
804 1240 973 1309 ionuidurot,
985 1244 1119 1311 continuo,

88 1346 132 1415 qui
149 1349 266 1398 nonnus
285 1342 388 1406 iuerat,
408 1343 503 1396 revixit
520 1355 660 1408 asserens,
680 1339 749 1412 quod
768 1341 828 1396 dun
843 1340 967 1409 deenen,
987 1346 1031 1415 qui
1051 1358 1119 1398 reor·

88 1449 139 1498 ten
162 1448 298 1509 uunserst,
326 1441 360 1496 ud
386 1441 518 1512 supplicis
541 1442 623 1512 ipsun
646 1439 780 1506 duxisset,
802 1440 897 1496 beetur
918 1439 1036 1498 isoobus
1061 1460 1119 1499 uros

89 1544 204 1598 occumt
230 1548 257 1598 ei
284 1548 401 1612 ereptutu
428 1540 463 1595 ud
488 1539 608 1595 thronuur
631 1539 729 1612 judicis
753 1537 862 1596 deduxit
885 1547 912 1596 ei
934 1543 1120 1600 uoeussntibos

90 1641 277 1708 daemonibus,
301 1647 330 1697 ut
352 1642 423 1695 riiue
440 1643 637 1705 restitueretur,
661 1637 833 1695 obtinuit-
851 1671 884 1682 ·-
900 1671 934 1683 -
959 1645 992 1702 τ.
1011 1642 1120 1706 Quidum

86 1743 193 1814 iuuenis
215 1740 404 1798 deterritorio
427 1739 614 1811 Lugdunensi,
642 1745 671 1793 ut
693 1746 784 1794 namt
804 1738 880 1812 flego
905 1740 990 1796 &beu
1017 1741 1122 1797 Cincin-

89 1845 193 1909 eeuuis,
218 1843 262 1912 qui
285 1839 321 1895 ed
344 1846 461 1894 senctnu
479 1836 606 1895 iacobum
629 1837 781 1912 frequenter
796 1854 854 1894 cun
872 1837 1011 1896 devotione
1028 1856 1124 1916 uagus

90 1946 130 1998 ire
148 1940 269 2009 solebat,
292 1939 403 2012 quedsru
426 1941 499 2004 rice,
524 1935 583 1992 dun
608 1937 671 1993 iiiuc
688 1937 796 1994 tendere
815 1938 909 2008 uellet,
930 1948 1007 1996 nocte
1031 1940 1077 1996 ilie
1097 1944 1122 1996 iu

73 2043 290 2114 'fornicationem
312 2039 404 2111 iepsue
427 2044 476 2095 est.
511 2037 636 2112 Pergenti
658 2039 740 2111 igitur
761 2045 839 2094 nocte
861 2038 973 2110 quedem
996 2038 1123 2122 dpnboius

91 2146 117 2197 in
140 2143 230 2213 specie
253 2143 338 2196 euecti
354 2139 450 2198 iacobi
466 2141 590 2211 eppuruit
608 2136 713 2194 dicens:
737 2140 822 2204 nosti,
839 2139 884 2210 qui
901 2141 977 2195 sun?
1010 2138 1125 2213 Roganti

91 2241 130 2296 iiii
149 2240 215 2316 dixit
232 2239 373 2310 dpuboiue:
391 2255 443 2312 ego
461 2255 516 2294 sun
533 2236 651 2295 incubus
668 2236 815 2309 eudemius,
834 2253 909 2309 quern
922 2238 1035 2312 singuiis
1048 2241 1125 2294 aunis

93 2342 203 2397 risitere
217 2344 359 2398 consuesti.
394 2340 478 2406 Scies,
497 2337 567 2412 quod
580 2339 685 2393 inuitum
697 2337 731 2392 de
749 2336 888 2394 devotione
906 2344 952 2392 tua
967 2338 1125 2412 gaudebam,

92 2438 139 2494 sed
158 2457 242 2512 nuper
260 2439 293 2495 de
312 2440 388 2495 domo
406 2447 452 2494 ius
470 2437 611 2512 egrediens
630 2439 656 2492 iu
676 2436 875 2492 fornicationem
891 2437 1008 2493 incidisti
1029 2445 1057 2494 et
1074 2456 1126 2495 non

92 2539 231 2595 souiessus
248 2539 282 2594 cd
300 2554 341 2595 ne
359 2539 487 2594 secedere
504 2539 696 2608 praesensisti,
718 2539 795 2609 quasi
809 2542 856 2592 tua
872 2540 1050 2611 peregrinatio
1069 2538 1125 2596 Deo
1154 2609 1155 2612 Ἴ

93 2644 120 2693 et
143 2637 205 2692 mibi
231 2639 338 2709 pinsere
362 2640 455 2710 possit
490 2635 547 2690 Non
575 2639 615 2691 sio
637 2636 758 2707 expedit,
787 2636 836 2692 sed
860 2638 1005 2710 quicunque
1029 2639 1063 2694 nd
1086 2655 1126 2695 rue

92 2736 287 2810 peregriuando
304 2739 395 2794 uenire
414 2736 563 2802 desideret,
583 2739 655 2807 prius
675 2744 786 2808 peccatu
802 2752 851 2791 sus
869 2752 918 2806 per
935 2737 1127 2796 confessionem

94 2834 175 2890 debet
201 2836 318 2908 paudere
335 2844 362 2892 et
385 2843 446 2908 post
471 2835 666 2908 peregrinando
689 2835 779 2892 cedern
803 2839 943 2892 conmissa
959 2839 1060 2908 punire.
1093 2837 1129 2896 Et

94 2935 137 2991 bis
155 2935 234 2990 dictis
253 2934 363 2992 deenon
383 2938 500 2991 enecuit:
524 2944 585 2990 iuno
605 2937 710 3006 jureuis
728 2937 850 2990 anxiatus
871 2934 973 2991 domun
993 2953 1066 2992 suern
1084 2953 1127 2994 re·

94 3036 153 3091 dire
176 3042 203 3092 et
223 3042 332 3107 peccetis
354 3050 403 3090 suu
425 3034 560 3101 confiteri,
589 3033 685 3091 deinde
713 3035 765 3092 iter
792 3037 937 3106 reincipere
961 3035 1127 3107 disponebat

94 3135 128 3192 Et
153 3151 216 3192 ecce
241 3134 369 3208 dyeboies
393 3149 526 3206 apperens
549 3136 640 3208 iterun
664 3137 690 3188 in
711 3137 801 3206 specie
824 3135 939 3206 spostoii
958 3135 1008 3190 boo
1025 3139 1129 3192 omuino

95 3237 239 3302 dissuasit,
261 3249 401 3302 essemus,
426 3232 497 3306 quod
520 3240 652 3304 peecatum
676 3233 739 3288 iiiud
758 3234 829 3289 nuiio
850 3235 926 3290 ruodo
944 3236 997 3291 sibi
1015 3238 1130 3292 remitte-

97 3342 152 3400 ret,
172 3337 222 3389 nisi
240 3335 344 3405 penites
362 3331 489 3407 genitalia
507 3333 558 3386 eibi
573 3333 689 3388 nenbrs
700 3341 818 3391 reperet:
835 3333 940 3390 beatior
953 3341 1038 3391 neten
1051 3334 1130 3402 ieret,

96 3437 119 3490 si
138 3451 168 3490 ss
187 3434 264 3489 reiiei
283 3433 406 3489 occidere
424 3441 452 3490 et
469 3449 517 3504 pro
537 3435 595 3504 ejus
614 3437 717 3488 nomine
741 3437 833 3490 iunctir
850 3449 920 3491 osse.
953 3433 1062 3492 iuvenis
1080 3438 1130 3510 igi-

96 3543 140 3590 tur
157 3540 232 3588 nocie
249 3535 330 3588 sociis
349 3530 538 3588 dormientibus
556 3531 672 3604 giudinur
692 3536 825 3605 occipiens
842 3534 970 3607 genitalis
982 3533 1035 3590 sibi
1053 3549 1131 3606 prae·

96 3633 184 3698 scidit,
202 3631 297 3687 deinde
314 3631 406 3688 cedern
426 3630 510 3687 cultro
528 3647 558 3688 se
574 3638 749 3703 pervenirem
767 3631 907 3690 imminit
941 3632 1131 3707 liupergeieeii

97 3723 162 3788 socii
178 3731 230 3786 boc
246 3730 367 3787 ridentes
385 3737 411 3786 ei
429 3730 565 3802 piuriruuur
583 3731 753 3788 formidantes
770 3736 890 3802 protinus
908 3733 1080 3805 aufugerunt,
1098 3751 1131 3790 ue

96 3835 214 3904 suspecti
236 3830 269 3887 de
293 3829 435 3886 bonioidto
460 3830 626 3887 haberentur.
662 3833 845 3888 Veruntamen
867 3832 927 3888 duur
945 3832 1023 3888 ioreu
1040 3835 1066 3889 ei
1082 3849 1130 3905 pa·

97 3938 215 3998 reretur,
234 3931 279 4003 qui
298 3929 384 3985 iuerat
400 3928 555 3999 deiunciue,
575 3933 669 3988 revixit
684 3939 711 3987 et
729 3934 829 3988 cunctis
847 3931 1010 4005 rugientibus
1029 3939 1056 3988 et
1072 3940 1131 3989 stu·

96 4031 235 4103 pentibus,
267 4044 335 4101 quse
367 4029 419 4085 sibi
450 4030 613 4098 reciderent,
646 4027 779 4086 enerravit
803 4031 909 4087 dicens:
940 4048 997 4089 curu
1027 4049 1068 4090 nro
1095 4032 1129 4089 ud

96 4133 293 4206 suggestionem
314 4129 449 4184 daemonis
473 4130 644 4196 occidissent,
667 4130 808 4186 daemones
828 4146 867 4186 rue
887 4134 1021 4202 eripientes
1038 4148 1131 4189 renus

96 4231 202 4287 iiornern
221 4227 387 4284 deducebant
403 4236 429 4283 et
449 4244 526 4294 ecce,
551 4237 613 4299 post
638 4245 687 4284 nos
706 4233 800 4286 beatus
815 4229 931 4288 lacobus
948 4236 1067 4304 protinus
1085 4249 1129 4288 ou·

95 4333 177 4385 currit
195 4337 221 4386 et
239 4330 381 4384 doemones
399 4325 431 4383 de
451 4328 559 4382 tuiisoin
576 4328 712 4401 plurimum
731 4331 889 4399 increpavit,
907 4346 1016 4402 cunique
1032 4331 1066 4387 ud
1088 4335 1129 4388 in·

95 4433 177 4486 ricem
205 4429 303 4484 diutius
328 4427 524 4499 disceptarent,
557 4435 668 4500 cogente
702 4428 781 4485 bento
812 4429 913 4486 Jecobo
940 4430 975 4485 ed
1000 4431 1129 4504 quodden
