2828 5302
218 483 289 562 Cup.
312 481 446 542 XXXIX.
494 483 538 542 De
559 493 655 540 ennete
678 480 789 560 Agathe
810 481 927 558 uirgine.
1032 477 1087 542 iit

54 658 168 716 genere,
183 648 212 697 ut
229 645 312 698 nnuuiu
330 641 465 714 parentela
485 656 540 698 rnen
557 647 676 697 testetur.
711 639 759 695 tini
779 639 951 704 Quintianus:
977 642 1000 694 si
1016 641 1091 713 iuge-

56 759 112 798 nuu
129 758 174 811 eu,
209 758 256 798 eur
272 741 387 798 uteribus
405 747 432 797 tu
450 740 570 797 serriieur
589 755 727 812 quesierunt
745 738 843 796 intere
861 737 1001 795 ementiri
1043 738 1092 795 liin

57 841 213 915 respondit:
249 844 310 914 quie
326 841 422 897 uestitu
439 841 537 898 Christi
557 857 628 909 sunu,
661 841 722 896 tien
739 839 859 897 sertitem
878 855 959 896 meane
978 838 1090 896 exiuiineu

57 957 209 1014 perennare.
245 941 399 1006 Quintianus
418 941 499 998 dixit:
528 943 551 996 tt
568 946 594 997 te
612 943 749 1014 ingenuan
767 938 848 1006 dieis,
861 938 990 1012 qnnnoin
1009 941 1091 996 ennii-

44 1031 112 1098 ¹iutra
130 1043 250 1098 urseris?
282 1038 498 1113 iiieresqnudit:
533 1055 631 1096 euterun
649 1041 798 1112 ingenuitas
818 1044 874 1108 est,
892 1041 918 1094 in
936 1053 989 1112 quu
1006 1043 1087 1096 uerri-

58 1150 104 1198 tut
123 1141 221 1198 Christi
237 1141 428 1213 comprobetur.
464 1141 617 1207 Quintianus
636 1142 715 1196 dixit:
734 1140 804 1212 elige
822 1139 892 1212 quud
906 1140 1028 1209 vuluerit,
1047 1147 1093 1196 unt

59 1243 163 1298 suitiert
179 1241 236 1298 Diis
252 1241 400 1298 incuicare
418 1248 464 1297 eut
481 1241 586 1298 utinense
603 1240 732 1312 anqiieiu
748 1242 885 1296 snstiruere.
912 1239 958 1296 Cui
972 1239 1092 1314 igetius:

60 1344 99 1398 sit
115 1342 179 1396 tuiis
196 1357 262 1397 uxnr
277 1347 332 1408 tue,
350 1341 437 1414 quniiu
454 1341 542 1398 Venus
560 1341 615 1398 [teu
631 1347 686 1409 tue,
705 1347 731 1396 et
749 1339 854 1394 tutelis
872 1341 919 1407 sis,
940 1340 1025 1412 quuiis
1044 1341 1093 1396 init

62 1442 135 1499 Deus
156 1447 217 1496 tuus
238 1440 349 1512 Jupiter.
402 1441 476 1496 Tune
497 1441 651 1506 Quintianus
673 1441 756 1512 jussit
778 1455 835 1496 uern
853 1440 939 1512 uinpie
958 1440 1033 1496 suerii
1051 1440 1092 1496 di-

61 1557 141 1597 reus:
178 1542 204 1595 in
223 1542 342 1612 injurium
357 1540 454 1612 Juniiuiu
472 1540 526 1596 unii
543 1542 681 1597 temerarie
699 1553 747 1618 ere
763 1541 874 1613 querire.
925 1539 1031 1614 Agathe
1049 1557 1091 1597 re-

61 1641 185 1714 spondit:
202 1643 283 1695 nirou·
297 1647 323 1695 te
342 1643 423 1695 riruuu
437 1624 591 1711 qrnienuen
613 1640 648 1695 nui
665 1645 763 1696 teuteuu
780 1639 916 1696 stultitiam
934 1641 1091 1709 devolutum,

63 1749 92 1798 ut
108 1743 170 1798 iiius
187 1741 259 1796 ties·
277 1741 348 1797 Dens
361 1745 420 1795 tune
438 1755 512 1810 esre,
546 1756 653 1812 quurunu
672 1742 748 1796 nitere
767 1755 817 1796 nun
836 1743 926 1812 ennius
944 1748 1012 1796 tunuu
1031 1756 1092 1796 enu-

58 1845 153 1915 tugen
171 1841 212 1898 vei
229 1848 256 1897 te
273 1843 385 1908 inituri,
424 1847 452 1896 ut
468 1840 540 1895 diues
559 1840 607 1896 tibi
623 1841 743 1912 iujuriurn
763 1841 835 1907 tisri,
872 1842 896 1895 st
913 1855 1000 1896 eurnnu
1019 1845 1092 1898 uitae

62 1941 193 2012 exeunte.
213 1940 277 1997 Nun
294 1942 317 1996 si
335 1938 382 1996 Qui
401 1942 438 1996 tui
457 1945 518 1995 snut
530 1938 601 2007 huni,
621 1940 714 2003 bouuun
733 1939 780 1996 niu
799 1942 899 2012 opteri,
917 1942 940 1994 ui
949 1947 1034 1996 autern
1046 1957 1092 1996 ex-

62 2043 178 2100 ueururiu
195 2057 284 2098 eurnru
301 2042 443 2109 consertis,
461 2051 558 2095 meeum
576 2041 667 2095 sentin.
686 2038 840 2105 Quintianus
858 2039 935 2096 dixit:
954 2041 1017 2112 qnid
1031 2040 1092 2112 ruitni

62 2141 211 2213 superfluus
230 2140 366 2196 uerbnrnuu
382 2142 495 2196 eureus?
544 2140 597 2196 Aut
619 2139 739 2196 uneriiuen
762 2139 818 2195 Diis
836 2146 881 2196 eut
897 2145 923 2194 te
942 2138 1036 2195 iunium
1053 2138 1092 2197 ‹it-

64 2243 149 2297 rersis
165 2239 301 2312 suppliciis
317 2243 433 2297 interire.
456 2239 564 2312 Agathe
579 2241 729 2311 respondit:
742 2242 765 2295 si
784 2239 855 2295 ierus
873 2237 935 2292 uuiiui
946 2243 1092 2310 pronitus,

62 2339 155 2395 euuiitu
172 2339 268 2396 Cirrtuti
287 2344 389 2396 numine
411 2347 606 2407 mansuescunt,
643 2343 666 2394 si
686 2341 771 2416 ignsun
789 2337 932 2407 adhibens,
968 2338 1001 2396 tie
1018 2340 1092 2397 enein

62 2439 128 2495 ruihi
146 2455 231 2496 rureru
248 2441 388 2496 uairiiienun
408 2440 496 2514 engeii
515 2439 711 2508 ministrabunt,
746 2443 769 2495 si
794 2439 889 2514 pingue
909 2440 949 2496 nei
968 2447 1095 2498 tormenta

62 2544 188 2614 tugeruu,
221 2539 307 2596 inuno
330 2542 449 2613 spiritum
472 2545 604 2608 sunctum,
641 2555 786 2613 perquem
816 2539 934 2612 desqieiu
963 2543 1092 2602 uuireruu.

63 2640 140 2696 Tune
155 2642 236 2712 jussit
253 2657 309 2696 euru
327 2641 396 2696 truisi
413 2640 446 2698 ud
465 2655 605 2709 uersurum,
624 2642 687 2713 quin
704 2655 768 2696 ruee
786 2655 843 2697 eun
862 2639 965 2712 pubiiu'e
984 2640 1091 2696 coniun-

62 2740 154 2808 uetur,
171 2740 206 2796 eui
225 2757 300 2812 quern
318 2740 461 2798 lectissim
479 2746 506 2796 et
522 2739 668 2812 giuriunier
685 2740 741 2796 iiret
758 2747 785 2798 et
801 2743 877 2814 qunui
894 2740 927 2796 uui
947 2741 1040 2813 epulus
1055 2742 1094 2795 in-

63 2843 149 2896 ritute
169 2855 281 2914 querere
302 2856 376 2896 ruunt
398 2841 502 2896 dominu
525 2840 729 2896 commendebat.
782 2840 908 2914 Sequenti
924 2841 967 2898 uite
985 2841 1051 2896 nituit
1070 2843 1093 2896 ei

63 2939 236 3005 Quintianus:
269 2939 376 3014 abnega
392 2938 521 2997 Christum
539 2946 566 2995 et
584 2940 668 2996 edura
685 2939 762 2997 Deus.
799 2941 872 3006 Quae
889 2955 945 2998 nunu
962 2947 1093 3006 renueret,

59 3043 144 3114 jussit
160 3056 218 3097 euru
237 3043 263 3096 tn
281 3041 417 3112 equuleum
436 3040 561 3112 suspendi
575 3047 601 3096 et
617 3042 749 3112 torqueri,
768 3041 886 3112 dixitque
903 3040 1024 3114 rigatis:
1044 3057 1096 3114 ege

64 3145 93 3207 iu
112 3140 153 3195 inin
169 3143 261 3213 pueniu
278 3143 316 3196 itu
334 3140 464 3207 detenter,
500 3143 568 3197 sieut
589 3143 633 3213 qui
657 3139 750 3195 bennun
767 3142 881 3196 nuntinnu
899 3140 973 3195 euuiit
989 3145 1035 3195 nui
1052 3145 1096 3212 quui

66 3240 147 3308 viriet,
166 3257 242 3312 quern
259 3240 302 3296 diu
320 3239 489 3309 desiderarit,
508 3247 556 3296 unt
570 3243 614 3313 qui
631 3241 725 3296 uuuitns
742 3241 883 3296 thesaurus
902 3243 1009 3297 inuenit.
1039 3241 1096 3296 Nun

65 3345 134 3398 enirn
151 3347 240 3413 nutent
254 3342 367 3396 tritinnrn
383 3341 411 3395 in
428 3339 549 3397 herrenrn
566 3343 638 3414 quui,
657 3342 707 3396 nisi
725 3338 801 3398 ruera
817 3339 897 3397 inerit
915 3341 1019 3398 iuriiter
1034 3357 1097 3396 eun·

65 3442 170 3498 edente
187 3449 214 3498 et
231 3444 256 3496 iu
274 3441 358 3513 pulsis
377 3441 492 3498 niente.
540 3441 584 3496 Sin
601 3443 687 3497 enimn
705 3456 830 3497 neuneu
848 3446 936 3514 putent
953 3445 1051 3500 intrere
1070 3446 1096 3502 in

67 3542 219 3614 pentinum
237 3557 294 3597 eunt
312 3540 401 3612 quirun
417 3543 543 3610 nnuntirii,
561 3543 612 3595 uisi
631 3541 772 3615 diiigenter
790 3541 884 3598 iecerit
902 3557 996 3614 unrpnu
1015 3559 1096 3600 uueurn

67 3659 85 3698 u
103 3641 267 3697 ruruiietiuu
282 3643 427 3698 uttreeturi.
467 3640 541 3696 Tune
556 3642 639 3697 iretur
657 3641 907 3713 Quintiuuuejusuit
923 3643 981 3715 eJus
999 3644 1103 3722 ruenti-

67 3743 253 3815 teneorque
272 3749 298 3798 et
316 3746 409 3797 turtuuu
429 3740 572 3814 diutisuirqe
589 3741 668 3812 jussit
682 3740 793 3797 nbseidi.
827 3742 875 3798 Cui
896 3741 1017 3815 Agatha:
1051 3747 1098 3799 iun-

70 3843 112 3913 pie
129 3841 242 3898 eruuieiir
260 3847 287 3898 et
299 3841 357 3897 uiire
373 3847 497 3913 tyranne,
533 3855 584 3895 nnn
600 3856 630 3897 es
653 3840 777 3897 enuiueus
793 3833 929 3914 umqutere
947 3845 973 3898 iu
994 3842 1097 3908 ienriun,

70 3941 139 4014 quui
162 3943 261 4014 ipsein
279 3951 361 3999 mutue
378 3943 493 3998 enuisti?
543 3939 601 4015 Ege
618 3940 704 3999 huben
721 3942 849 3998 mauritius
866 3945 983 4015 integrus
1000 3945 1026 3997 in
1043 3946 1100 3999 uni·

70 4056 112 4097 nuu
130 4057 200 4107 ineu,
237 4057 269 4099 eu
287 4043 381 4114 qniirne
398 4045 484 4099 untrin
503 4059 593 4099 omnen
611 4057 704 4100 seusus
723 4059 812 4110 neus,
846 4058 913 4115 quus
937 4041 971 4098 ub
989 4043 1101 4099 infantis

69 4141 173 4199 tourins
191 4147 352 4200 enuseereri.
393 4143 466 4200 Tune
485 4143 567 4217 jussit
588 4158 645 4200 eurr
663 4145 689 4198 tu
708 4159 838 4201 eurserern
857 4145 938 4215 recipi
957 4143 1099 4215 prohibens

70 4245 218 4316 iugreunuut
241 4243 397 4300 uetieurnn
418 4250 446 4301 et
467 4257 559 4318 panem
585 4244 626 4301 rei
651 4259 745 4316 nqunur
769 4243 819 4299 sibi
846 4243 880 4299 uti
904 4243 993 4315 atiquo
1013 4247 1102 4299 uiuis-

30 4363 32 4370 ’
69 4345 143 4399 truri.
195 4340 230 4398 Et
246 4359 306 4402 enee
333 4347 403 4402 circu
423 4345 530 4402 mentium
555 4351 654 4400 trustem
674 4344 797 4402 renitenti
815 4359 870 4401 earn
888 4347 991 4418 quietum
1010 4361 1100 4406 senex.

69 4459 145 4515 quern
163 4444 335 4504 uuteeeuiebnt
351 4461 418 4518 puer
432 4446 535 4502 iuurrinis
554 4447 680 4519 pertitus.
712 4446 818 4504 riiuersu
836 4461 921 4502 secum
943 4447 1029 4502 terens
1046 4461 1098 4502 ure·
