2842 5286
319 457 380 520 262
449 449 451 454 ’
537 459 610 537 Cap.
632 456 737 516 Llllll.
779 455 823 516 De
844 465 942 515 sancto
967 453 1107 533 Georgio.

319 614 417 690 guilos
440 621 536 689 sanat,
559 630 606 670 rex
631 629 694 670 uero
719 611 845 668 infinitam
867 613 1005 685 peouninm
1020 609 1101 668 beato
1122 605 1245 680 Georglo
1261 606 1359 676 obtulit,

319 729 396 786 qnam
421 713 467 769 ills
492 715 611 784 resipere
634 711 726 767 nolens
751 712 914 783 pauperibus
938 725 996 767 uuus
1019 707 1079 765 ilari
1103 710 1255 780 praecepit.
1290 706 1359 763 'l'uso

320 810 453 885 Georgius
472 828 562 884 regem
581 812 614 868 do
633 818 747 883 quatuor
764 805 882 866 breuiter
898 811 1039 877 instruxit,
1065 809 1170 865 seilicet
1189 815 1220 862 ut
1237 805 1358 863 enclesis-

319 926 376 964 rnnr
393 908 442 966 liei
461 925 548 965 curam
565 910 691 975 liaberet,
710 907 866 964 sacerdotes
882 907 1035 975 honoraret,
1053 907 1171 963 lirinum
1189 905 1305 961 ollieium'
1323 905 1357 958 li·

320 1007 435 1081 ligentur
453 1007 558 1064 uuiliret
576 1015 603 1064 et
620 1023 726 1079 semper
742 1023 885 1079 pauperum
897 1003 996 1064 memor
1011 1013 1101 1075 esset,
1119 1013 1148 1061 et
1163 1005 1286 1062 ossuluto
1302 1019 1358 1076 rega

319 1107 382 1162 inde
400 1110 519 1163 recessit.
553 1105 583 1161 ln
600 1105 733 1178 aliquibus
753 1112 839 1162 tamen
857 1105 934 1164 libris
951 1106 1065 1178 legitur,
1090 1103 1181 1177 quoti,
1206 1103 1268 1160 ulum
1287 1102 1358 1157 druso

321 1203 356 1260 ad
386 1204 564 1261 devorandam
591 1205 706 1275 puellam
733 1212 872 1278 pergeret,
897 1201 1028 1276 Georgius
1053 1219 1083 1260 so
1107 1217 1189 1282 eruce
1216 1205 1359 1258 munisitst

322 1301 461 1360 draconem
484 1303 646 1378 aggrediens
670 1304 811 1360 interiecit.
846 1301 886 1358 llo
909 1309 1028 1373 tempore
1045 1299 1240 1374 inperantibus
1256 1299 1358 1371 llpoele·

321 1403 395 1456 tiuno
414 1409 441 1457 et
457 1402 621 1460 Maximiano
641 1402 691 1458 sub
710 1400 835 1474 prneslle
854 1399 972 1457 Duoiuoo
987 1408 1063 1457 unta
1080 1401 1236 1472 persecutio
1246 1398 1361 1454 ulristiu
1419 1395 1420 1398 ’

322 1516 413 1556 norum
431 1501 495 1569 init,
519 1509 549 1556 ut
567 1500 637 1556 inira
654 1517 732 1556 unum
750 1516 864 1556 mensem
883 1495 955 1556 xvii
971 1499 1055 1555 millia
1069 1499 1188 1555 munitio
1207 1501 1362 1553 coronaren-

320 1603 380 1666 tur,
406 1600 476 1655 unde
495 1604 622 1660 intertui
638 1606 826 1655 tormentorum
844 1613 946 1673 genera
962 1597 1036 1654 mulii
1052 1597 1191 1654 christiani
1211 1595 1365 1652 deliniebant

322 1704 350 1753 st
365 1697 454 1768 ydolis
472 1699 650 1754 immolabant.
688 1695 763 1761 Quod
781 1697 873 1753 videus
893 1705 1001 1754 sanutus
1021 1695 1154 1771 Georgius
1171 1703 1262 1751 tuom
1278 1695 1365 1751 dolore

321 1796 411 1851 cordis
430 1796 588 1852 intrinsecus
607 1799 709 1862 omnia,
729 1811 797 1868 qnae
816 1795 947 1861 habehat.
968 1795 1112 1867 dispersit,
1130 1793 1274 1850 militarem
1292 1793 1364 1850 liabi-

321 1901 376 1950 tum
394 1895 511 1966 abjecit,
532 1895 735 1951 christianorum
754 1895 872 1950 inolitum
891 1895 976 1950 induit
1002 1900 1029 1952 et
1045 1897 1072 1949 in
1094 1894 1207 1951 medinm
1228 1893 1366 1966 prosiliens

323 1994 494 2050 exclamauit:
518 2009 609 2051 omnes
635 1994 679 2050 itii
703 1997 819 2066 gentium
844 1993 1000 2049 daemonia!
1027 1993 1148 2049 doninus
1173 2000 1262 2049 autem
1280 1993 1365 2049 caelos

322 2091 395 2148 iecit.
430 2091 478 2148 cni
496 2107 607 2165 praeses
618 2093 794 2148 iratundinit:
814 2107 867 2164 qus
879 2095 1075 2164 praesumtione
1087 2091 1367 2148 auleslleosnostros

322 2189 463 2248 daemonis
487 2191 647 2264 appellaret
680 2191 745 2259 llis,
770 2191 840 2247 unuln
864 2207 894 2248 es
918 2199 947 2246 tu
968 2199 1016 2247 unt
1037 2207 1089 2264 quo
1113 2195 1219 2249 nomine
1248 2193 1369 2248 noueris?

323 2290 373 2348 Cui
391 2289 522 2363 Georgius
541 2293 592 2346 sit:
611 2289 742 2364 Georgius
761 2305 856 2356 nonos,
875 2305 908 2345 ex
926 2288 1009 2346 nobili
1029 2289 1225 2362 Cappadooium
1244 2292 1370 2361 prosapia

323 2395 397 2446 ortus
421 2389 601 2454 Palaestinam
627 2387 732 2445 Christo
758 2389 863 2446 iuventa
882 2388 983 2457 lerini,
1008 2388 1055 2445 seul
1078 2389 1313 2452 omnla‘deserul.
1344 2395 1371 2443 nt

323 2483 426 2545 se'rvlre
444 2481 551 2558 possem
568 2488 681 2545 liberius
700 2487 756 2544 lieo
777 2488 854 2543 coeli.
890 2488 954 2543 cnm
972 2494 1058 2542 antem
1077 2503 1188 2560 praeses
1206 2504 1266 2544 euru
1289 2487 1324 2542 erl
1344 2501 1372 2544 se

322 2587 520 2642 inclinaremur
540 2594 648 2657 posset,
670 2589 753 2659 lussit
773 2601 831 2641 anns
848 2588 874 2642 iu
892 2587 1031 2659 equuleum
1049 2586 1132 2642 levari
1160 2595 1187 2643 et
1209 2569 1386 2642 neminum

323 2700 420 2755 eorpus
433 2687 491 2756 ejus
503 2685 609 2758 ungulis
621 2686 727 2747 laniari,
746 2687 877 2756 appositis
893 2687 1003 2756 insuper
1013 2684 1047 2739 ad
1058 2685 1144 2741 lutera
1159 2683 1266 2740 lacibus
1278 2693 1372 2758 puteu-

323 2784 395 2840 tibus
420 2787 548 2840 uhuorum
573 2787 646 2840 rimis
671 2785 729 2841 suls
754 2785 850 2856 plagas
869 2785 928 2856 ejus
947 2785 1038 2840 iriearl
1052 2785 1144 2854 jussit.
1179 2782 1280 2840 Eadem
1297 2793 1375 2840 noete

324 2883 446 2939 dominus
468 2898 525 2939 enm
550 2886 651 2956 ingenii
672 2884 769 2940 lumine
795 2885 819 2940 el
837 2886 963 2954 apparuit
986 2889 1013 2938 et
1027 2886 1113 2954 ipsum
1130 2882 1244 2939 dulciter
1267 2883 1376 2938 comior-

323 2984 406 3050 luuit‚
431 2985 507 3054 eujus
531 2982 658 3039 melliflua
674 2985 777 3039 risione
798 2989 824 3040 ot
843 2981 1004 3038 allocutione
1022 2984 1062 3037 sio
1079 2981 1244 3038 ooniortutus
1263 2988 1321 3049 est,
1349 2990 1377 3040 ut

323 3097 374 3154 pro
392 3080 477 3136 nihilo
496 3079 606 3138 luceret
624 3085 765 3138 emulatus.
801 3080 901 3138 Vlulsns
919 3079 1070 3148 Dasianus,
1095 3079 1168 3153 quod
1194 3097 1252 3138 eun
1280 3085 1377 3155 poeuis

325 3195 453 3251 superare
470 3195 523 3234 nou
540 3185 648 3251 posset,
668 3179 797 3252 quendum
817 3195 922 3253 uagum
941 3181 1083 3234 accersivit
1101 3183 1180 3252 eique
1197 3181 1279 3236 dixit:
1298 3181 1377 3237 Glnri-

325 3281 407 3335 stlani
427 3280 483 3334 suls
500 3279 613 3353 magieis
636 3278 738 3335 artibus
757 3283 889 3335 tormenta
904 3275 1044 3333 ludificant
1060 3277 1209 3334 etlleonusn
1225 3287 1378 3336 nostrorum

325 3375 460 3434 saoriiuia
478 3377 695 3448 parvipendunt.
730 3377 779 3434 cui
796 3389 910 3451 magus:
926 3378 950 3432 si
969 3383 1041 3434 ortes
1060 3377 1118 3450 ejus
1136 3395 1265 3450 superero
1282 3383 1378 3454 nequi·

326 3493 399 3539 nero,
419 3477 516 3548 napliis
532 3493 659 3532 sensero.
680 3475 741 3548 lpse
761 3478 844 3550 igitur
860 3475 998 3533 muleioiis
1014 3480 1070 3534 suls
1086 3478 1192 3550 injectis
1216 3485 1242 3536 et
1260 3477 1378 3535 lleoruus

328 3582 435 3634 snorum
450 3574 600 3630 nominibus
618 3578 748 3633 insecutis
758 3590 883 3632 venenum
896 3579 956 3631 uino
968 3579 1107 3632 lrnnulsouit
1118 3583 1145 3633 et
1157 3586 1249 3634 saneto
1258 3577 1379 3652 Georgia

327 3675 479 3732 sumendum
497 3677 625 3746 porrexit,
644 3683 737 3731 eontra
758 3674 828 3748 quud
844 3675 945 3732 rirllei
956 3678 1059 3749 siguum
1073 3677 1159 3732 erneis
1169 3675 1253 3732 elidii
1266 3677 1379 3735 inusto-

328 3789 380 3846 que
398 3789 431 3830 eo
449 3771 486 3828 nil
504 3773 632 3830 laesionis
652 3778 744 3831 sensit.
779 3773 890 3832 Rursum
908 3789 1003 3849 magus
1026 3779 1116 3848 priore
1134 3769 1230 3832 fortius
1249 3792 1379 3832 uenenum

328 3875 478 3936 inuisouit
497 3873 570 3945 quod
589 3875 630 3928 vir
649 3871 700 3930 liei
717 3873 795 3946 signo
815 3875 903 3930 eruois
920 3874 993 3931 edito
1014 3878 1071 3931 sine
1088 3875 1209 3932 laesione
1224 3876 1319 3948 ulique
1336 3883 1381 3931 to-

327 3979 382 4027 tum
399 3971 476 4027 bibit.
512 3969 569 4034 Quo
587 3973 646 4027 niso
666 3987 760 4044 mogus
777 3977 867 4029 statim
886 3973 920 4030 sul
945 3973 1028 4046 perles
1052 3977 1112 4047 ejus
1134 3974 1249 4042 senilis,
1274 3977 1381 4031 venium

329 4069 535 4126 lamentabiliter
556 4073 634 4142 petiit
658 4077 739 4128 etse
763 4072 933 4130 christianum
959 4071 1016 4130 leri
1034 4073 1195 4145 postulauit,
1223 4091 1299 4147 quesn
1317 4091 1381 4130 mou

324 4170 410 4243 judex
435 4168 563 4226 decollari
588 4170 661 4226 reoli.
696 4169 824 4244 Sequenti
847 4172 893 4229 dte
912 4174 996 4245 jussit
1014 4165 1156 4246 Georgium
1180 4176 1243 4246 poni
1262 4177 1290 4230 lu
1310 4183 1380 4232 rota.

330 4269 428 4344 gladiis
453 4269 493 4324 bis
518 4269 603 4324 sontis
629 4269 744 4341 undique
770 4270 961 4342 circumsepta,
996 4272 1044 4327 uei
1075 4276 1166 4328 stetim
1190 4271 1326 4348 inungitur
1354 4283 1382 4332 et

331 4364 464 4442 Georgius
482 4368 593 4425 illaesus
610 4369 715 4439 penitus
732 4369 871 4425 invenitur.
906 4367 983 4427 'luno
999 4373 1083 4428 iratus
1096 4373 1182 4446 jussit
1198 4389 1257 4431 sum
1275 4375 1303 4430 in
1320 4389 1381 4431 sur-
