2984 5302
338 453 401 516 itti
442 456 514 535 Cap.
538 456 641 521 cxix.
671 456 715 515 De
737 451 910 520 ussunmione
931 467 1046 514 sanotae
1071 455 1179 514 Mutine
1202 456 1331 535 uirginis.

337 614 475 683 honorem,
499 618 544 688 qni
570 630 602 671 ex
627 616 660 670 iis
683 617 733 670 iiiii
758 615 955 671 administratus
980 623 1035 683 est,
1061 615 1151 688 unguii
1178 614 1276 672 iactum
1300 619 1328 670 in
1349 623 1377 671 te

336 714 490 787 obsequium
513 716 682 787 nmedionnt,
706 732 758 787 quo
783 714 906 772 videlieet
922 715 1037 788 apostoli
1062 715 1096 771 ed
1120 722 1147 771 te
1172 717 1199 770 in
1223 715 1377 772 Jemtoienr

335 821 519 871 conuenerunt.
555 814 669 888 Magnus
685 830 789 887 quoqne
807 815 946 888 Dionysius
962 815 1127 888 Areopagitu
1140 815 1191 870 imo
1205 813 1275 871 idem
1288 820 1376 870 testr-

336 922 379 970 tor
397 914 501 970 dioens:
527 931 589 981 noo,
606 921 636 970 ut
654 916 724 969 nosti
747 921 774 970 et
794 917 868 987 ipso,
889 923 915 972 et
934 916 1006 971 inniti
1025 931 1058 972 en
1072 915 1202 970 'iretriins
1220 917 1322 969 nostris
1340 911 1375 968 od

337 1017 463 1072 visionem
485 1017 621 1086 eorporis,
647 1013 715 1085 quod
736 1012 866 1070 dominum
891 1017 1023 1087 suseepit,
1052 1017 1236 1081 convenimus,
1264 1001 1376 1085 praesto

336 1124 422 1172 eutem
448 1123 515 1172 eret
530 1113 646 1172 innotus
671 1113 754 1170 irater
769 1113 819 1170 tter
844 1121 871 1170 ei
888 1113 982 1170 Peiros
1009 1117 1105 1171 enimin
1122 1122 1148 1170 ot
1167 1118 1279 1170 nonin
1295 1115 1378 1170 tineo-

337 1216 456 1288 iogorum
474 1218 617 1271 summitas.
653 1213 755 1270 iieinde
772 1213 881 1284 pineum,
899 1214 969 1287 qnod
988 1221 1050 1286 posi
1065 1200 1192 1270 visionem
1212 1221 1238 1271 ot
1255 1217 1377 1271 uniuersi

336 1318 428 1372 summi
445 1317 599 1372 sacerdotes
617 1313 811 1386 hymnirrront,
831 1320 909 1385 prout
932 1317 1111 1388 uniusquisque
1136 1322 1208 1393 esset
1231 1317 1378 1371 immensus

336 1419 450 1484 uirtutis,
469 1417 596 1472 honitatis
615 1413 734 1470 riviiieee
747 1419 773 1468 et
788 1413 953 1470 inienuitatis.
989 1415 1150 1471 Subsecuioo
1164 1421 1249 1470 entem
1265 1421 1378 1480 sanetus

337 1519 448 1574 iiosmnr
465 1532 537 1573 sunm
557 1517 733 1571 nnrrntionem
752 1515 802 1568 nii:
826 1522 886 1584 poet
912 1513 964 1570 iioo
987 1520 1127 1570 tonitruum
1153 1530 1274 1587 magnum
1291 1519 1377 1568 toturn

337 1615 440 1670 domurn
466 1618 600 1672 oonensrit
622 1623 650 1671 ot
673 1616 782 1686 spiritns
806 1613 930 1686 {regnans
958 1615 1060 1670 domum
1083 1623 1157 1671 tantu
1179 1615 1312 1669 sortitore
1332 1628 1377 1669 re·

337 1715 436 1787 pierii,
460 1723 489 1771 ut
510 1722 633 1782 onnotoo,
660 1717 703 1787 qui
728 1713 852 1781 oderent,
879 1718 997 1786 exeeptis
1022 1715 1152 1787 apostolis
1170 1720 1196 1770 et
1215 1713 1301 1768 tritone
1322 1715 1378 1768 rir-

336 1813 445 1887 ginibns
471 1814 592 1874 ineornes
618 1813 799 1888 gemensium,
823 1815 917 1886 ingens
940 1830 1022 1886 sopor
1040 1816 1212 1886 opprimeret.
1246 1812 1377 1868 Dominus

338 1917 405 1970 enim
430 1929 486 1970 euru
510 1914 674 1970 multitudine
700 1913 853 1986 angelorum
879 1912 1043 1970 deseendens
1070 1917 1181 1970 animem
1199 1915 1290 1968 metris
1308 1927 1378 1968 enno

339 2016 471 2070 assumsit
507 2015 595 2070 Tuntu
608 2021 698 2070 nutem
715 2015 773 2086 ejus
790 2017 877 2068 enimn
896 2013 1018 2072 cieritnto
1035 2014 1215 2086 resplenduit,
1240 2019 1269 2068 nt
1287 2013 1378 2067 nniins

339 2114 519 2186 eposioiomm
545 2117 571 2170 in
599 2129 656 2170 eom
682 2114 817 2183 respioere
847 2120 955 2184 posset,
983 2115 1102 2187 dixitque
1132 2113 1251 2168 dominus
1280 2111 1378 2168 Petro:

341 2229 437 2286 eorpus
465 2215 555 2270 mutuis
579 2229 652 2270 mene
675 2229 731 2269 orm
752 2215 820 2268 ommi
840 2217 988 2270 reverentis
1003 2215 1115 2286 sopriite
1133 2222 1159 2269 et
1176 2213 1260 2269 tribus
1280 2211 1378 2268 diebus

339 2314 403 2369 titud
421 2331 478 2370 enm
495 2315 635 2387 diligentis
651 2312 797 2380 eustodito,
821 2329 874 2386 ego
893 2317 991 2387 qnippe
1009 2321 1071 2370 tuno
1089 2316 1190 2369 reniam
1211 2321 1238 2370 et
1254 2311 1319 2370 iiind
1339 2313 1377 2368 od

340 2417 560 2486 incorruptionem
580 2412 782 2469 treneiornmei
799 2414 879 2468 oimiii
897 2429 993 2470 meeum
1012 2414 1133 2478 oloritrie
1152 2413 1267 2480 induem,
1287 2419 1317 2469 nt
1336 2413 1376 2479 id,

340 2497 409 2584 quod
429 2523 562 2585 eeerptum
582 2521 632 2583 est,
650 2521 677 2568 ot
694 2511 736 2580 id,
755 2513 825 2585 quod
844 2517 955 2586 recepit,
974 2518 1075 2587 puriter
1091 2516 1248 2571 conueniunt
1265 2519 1292 2570 et
1310 2528 1377 2570 eou-

340 2614 456 2671 oordent.
492 2613 583 2670 Refert
600 2629 705 2686 qnoque
731 2619 758 2670 ei
774 2613 841 2669 idem
859 2622 967 2670 innotos
986 2615 1095 2672 Cosmus
1112 2616 1232 2671 torrtitto
1250 2621 1277 2671 ei
1294 2619 1377 2674 mire·

339 2714 394 2770 itte
412 2715 574 2785 mysterium,
600 2712 670 2786 quod
688 2730 740 2769 non
757 2713 859 2787 indiget
880 2714 994 2770 naturali
1018 2715 1183 2770 discussione
1201 2730 1250 2772 neo
1267 2717 1378 2772 duriose

340 2816 559 2886 investigatione,
584 2829 640 2868 oum
665 2815 768 2880 omnin,
791 2827 860 2886 qnae
883 2813 918 2869 do
940 2813 989 2870 Dei
1014 2817 1143 2887 genitrice
1161 2813 1298 2882 diduntur,
1323 2819 1379 2870 siut

339 2913 551 2986 euporoetumiie
572 2921 599 2969 ot
620 2912 774 2968 admiranda
795 2921 821 2970 et
839 2914 973 2970 tremendu
993 2917 1082 2985 notius
1094 2930 1171 2986 quom
1183 2915 1379 2986 investigando.

340 3013 466 3088 Egressus,
484 3020 512 3067 nt
530 3014 577 3078 eit,
595 3014 629 3070 de
645 3029 758 3086 corpore
777 3018 835 3087 ojus
855 3017 944 3070 unione
960 3015 1026 3071 ineo
1041 3013 1122 3072 verbe
1139 3013 1248 3085 protulit
1263 3029 1378 3086 eorpus:

340 3117 444 3187 gratius
469 3112 518 3168 tibi
541 3127 611 3186 ego,
635 3113 758 3182 domine,
784 3129 851 3187 quoe
873 3121 920 3170 tuo
942 3115 1024 3188 digno
1043 3129 1099 3170 snm
1118 3114 1223 3187 gioria,
1249 3121 1380 3170 memento

338 3216 406 3296 nuri,
435 3214 556 3285 qnonienn
587 3219 657 3268 tuum
689 3230 744 3269 eum
771 3215 918 3288 figmentum
945 3222 971 3271 et
995 3222 1067 3272 tuum
1091 3217 1194 3271 seriori
1218 3213 1378 3285 depositum.

340 3311 527 3384 Expergeiuoti
543 3314 634 3384 igitur,
655 3320 683 3368 ut
696 3317 744 3383 uit,
761 3320 861 3377 ereteri
877 3315 998 3372 ridentes
1010 3331 1104 3386 eorpus
1120 3314 1230 3386 uirginis
1248 3317 1379 3382 sunnine,

341 3414 492 3470 enutristmi
512 3412 648 3484 plurimum
667 3428 816 3486 regenero
834 3422 985 3486 coeperunt.
1020 3415 1157 3470 Totientos
1169 3414 1381 3490 igituropostoii

341 3527 437 3583 eorpus
454 3511 488 3567 ed
507 3519 696 3568 monumentum
714 3512 835 3570 ierebeni
853 3516 993 3586 inoiniente
1009 3513 1088 3570 Petro
1104 3515 1245 3587 priimum:
1264 3517 1291 3569 in
1306 3516 1381 3572 exitu

341 3609 424 3668 itreoi
444 3612 479 3669 de
496 3613 628 3684 Aegypto.
664 3612 744 3668 cineri
763 3630 868 3687 qnoque
885 3615 1039 3687 angelornm
1059 3617 1186 3688 uirginem
1205 3614 1314 3671 tendent
1331 3617 1380 3684 ito,

341 3711 412 3785 qnod
429 3711 574 3770 iernenieru
593 3711 743 3768 odientem
760 3713 871 3787 glorium
892 3721 934 3770 est
954 3727 1092 3769 eononssn.
1128 3715 1203 3770 Tnno
1222 3717 1313 3770 sumni
1332 3729 1379 3770 ss-

341 3811 462 3867 eerdoies
480 3827 536 3866 oum
554 3810 654 3894 gladiis
673 3821 700 3868 et
717 3813 831 3868 instituo
853 3814 1042 3870 multitudinem
1060 3817 1179 3882 mittunt,
1205 3817 1272 3871 nnis
1290 3820 1379 3871 eutem

341 3917 462 3983 inpetum
474 3911 575 3967 ieeiens
585 3909 620 3966 od
630 3911 768 3984 grobertum
779 3916 901 3982 senessit,
915 3914 1069 3986 cupienten
1084 3921 1179 3971 terrem
1192 3914 1298 3971 trniroro
1316 3930 1379 3970 oon·

341 4029 391 4084 pus
403 4013 540 4084 genitricis
548 4008 594 4066 Dei
603 4010 713 4069 Marino.
733 4012 783 4076 Qui
797 4013 860 4084 quio
874 4014 981 4086 indigne
995 4005 1105 4087 inungere
1117 4015 1216 4081 nititnr,
1236 4018 1293 4087 ojus
1305 4022 1379 4070 teoiu

342 4111 460 4166 munibus
487 4114 579 4166 merito
605 4114 738 4182 oriretur,
763 4118 875 4183 utrnnue¹
899 4127 1009 4186 nemque
1028 4099 1153 4172 monus'e
1173 4113 1267 4180 enbitis
1285 4115 1380 4171 eruisu

342 4211 487 4266 disciditur
503 4212 608 4284 titioque
618 4211 654 4268 od
666 4212 805 4284 grnietnm
819 4211 994 4283 pendentiime
1008 4213 1099 4269 dolore
1109 4212 1229 4269 inorriiriii
1238 4217 1377 4271 crucietur.

342 4309 467 4382 inpiornt
491 4315 576 4367 autern
600 4313 702 4368 renium
727 4317 753 4368 et
770 4313 898 4383 promittit
915 4311 1058 4368 emendam.
1095 4311 1141 4368 cni
1158 4313 1266 4370 Petrus:
1292 4317 1379 4370 nutiu-

342 4416 418 4466 tenns
437 4413 536 4467 rontium
554 4414 679 4485 consequi
699 4414 816 4484 poteris,
840 4415 890 4469 nisi
918 4427 1013 4485 cornus
1037 4421 1182 4486 perpernae
1200 4416 1311 4487 uirginis
1331 4430 1378 4471 oo·
