2866 5310
267 489 339 572 Cep.
361 487 474 550 lxxv,
522 489 567 550 De
590 499 689 550 ssuetu
712 486 808 550 Nereo
831 496 861 547 et
879 484 1018 548 sectiles.
1103 485 1166 549 dbb

123 645 227 702 icturus
245 645 308 704 esst
343 645 392 704 Col
409 643 466 703 illi:
483 647 606 718 quonism
624 643 749 719 quamdiu
765 649 827 701 tunt
843 645 947 715 sponsi,
965 642 1086 702 sidentur
1103 659 1165 704 esso

123 743 243 820 benigni,
260 742 309 802 ced
323 747 411 802 meriti
428 743 516 802 ellecti
526 744 669 803 crudenter
682 742 886 800 dominantum
898 742 1041 817 niiqnnndo
1053 743 1165 800 anciliae

123 843 281 917 pranserant
290 843 456 912 dominabus,
470 847 555 902 omnis
566 851 653 901 neten
664 846 792 906 amilius
803 845 902 898 omisso
916 858 965 914 per
976 845 1165 914 poenitentiam

124 945 247 1000 rerocuri
265 948 364 1015 potest,
388 943 547 999 soluentem
559 945 698 1018 virginitas
716 942 751 998 nd
769 958 843 998 suurn
861 949 957 998 stainos
974 946 1095 999 revocari
1114 961 1165 1001 non

124 1047 215 1116 potest
226 1046 329 1111 (recten
344 1043 662 1114 erimperpoenltectinm
676 1041 772 1116 expelii
787 1045 884 1112 polest,
894 1037 1033 1114 sirginitcs
1044 1048 1166 1100 revocari

125 1153 178 1196 mon
191 1145 301 1214 potest),
322 1141 349 1213 ¹)
358 1148 387 1196 ut
401 1141 436 1196 nd
453 1148 550 1198 tisim
564 1142 693 1212 pristinae
706 1142 855 1196 sanctitatis
874 1143 988 1211 attingat
1003 1139 1065 1197 iuno
1075 1142 1168 1199 fincta

126 1237 266 1296 Domiciiie
275 1239 389 1296 credidit
401 1246 428 1296 et
441 1242 620 1315 uirginitatem
632 1241 706 1295 sosit
717 1245 744 1294 ct
754 1253 771 1294 e
782 1247 875 1294 sencio
882 1237 1014 1297 Clemente
1021 1241 1109 1298 seinse
1116 1251 1166 1300 cst.

127 1337 203 1402 Quod
221 1353 337 1410 sponsus
355 1339 415 1411 ejus
433 1338 544 1400 eudicus
560 1337 669 1396 licentia
686 1355 704 1394 n
722 1337 868 1394 nomitinno
887 1339 1027 1410 impetrate
1038 1343 1167 1416 virginem

127 1452 186 1493 cun
204 1440 304 1493 sanctis
323 1435 409 1495 Nereo
428 1445 455 1495 et
474 1438 596 1496 Acbiiieo
614 1439 639 1493 in
657 1437 812 1494 Pontianum
832 1436 943 1493 insulem
959 1437 1100 1512 relegerit,
1118 1459 1169 1513 pu·

127 1543 188 1592 tens
206 1552 237 1593 se
253 1553 302 1609 per
318 1535 370 1593 boc
388 1553 470 1610 posse
489 1539 601 1611 virginis
618 1537 782 1609 propositum
799 1539 943 1594 immutare.
976 1539 1043 1596 Post
1060 1541 1169 1614 aliquod

126 1644 249 1707 tenpus,
279 1651 337 1692 eom
367 1639 427 1708 ipse
457 1635 491 1692 od
521 1635 634 1693 inscium
665 1637 880 1708 perrexissent
905 1637 995 1694 multis
1018 1640 1169 1697 muneribus

128 1743 252 1804 senctoe,
280 1741 310 1791 ut
332 1737 429 1808 virgini
453 1735 612 1804 cumomni,
642 1736 796 1804 induceret,
821 1734 974 1808 huiusmodi
995 1739 1100 1808 penitus
1125 1755 1169 1796 re-

128 1840 254 1906 spuentes
280 1837 366 1908 nugis
393 1850 450 1892 eun
475 1838 503 1892 iu
521 1833 627 1892 domiuo
644 1834 838 1892 coulortubcct
874 1835 1042 1909 Quapropter
1059 1854 1117 1895 cun
1134 1839 1170 1896 nd

128 1933 262 1990 sacrificiu
278 1934 498 2009 compellerentur
514 1941 541 1991 et
557 1934 676 1992 dicerunt
692 1950 722 1990 se
733 1935 840 1991 sbeeto
850 1933 928 1992 Petro
940 1936 1063 2007 eposioio
1079 1939 1169 2011 bnpti-

130 2040 206 2090 notos
231 2031 304 2089 nulls
319 2036 435 2100 ¹rectione
452 2049 535 2107 posse
550 2033 638 2106 sdoiis
653 2031 805 2100 insnoiere,
828 2036 916 2104 cupite
933 2037 1005 2090 cnosi
1022 2042 1084 2092 suut
1098 2041 1171 2094 circe

130 2149 226 2190 onnun
244 2132 342 2190 domiui
359 2131 469 2201 Lxxx,
489 2148 599 2205 nucem
612 2133 813 2206 corporujcsts
824 2132 990 2203 sepnicbrum
1003 2133 1171 2193 Petroueiins

131 2237 221 2306 posits
236 2240 304 2290 suut.
340 2232 417 2289 Alios
434 2233 527 2300 etiem,
551 2232 655 2288 seilicet
678 2229 856 2300 Victorinum,
876 2229 1005 2290 Ectbiceu
1027 2241 1056 2290 ot
1077 2235 1169 2292 biuro-

130 2349 208 2400 nem,
232 2331 328 2406 quibus
349 2329 490 2388 Domicilia
512 2330 688 2399 adhaereret,
718 2338 849 2403 temqoesn
877 2347 970 2388 servos
995 2338 1054 2388 tots
1076 2335 1120 2391 die
1143 2335 1171 2390 in

131 2434 189 2488 suis
205 2431 324 2504 proediis
341 2431 465 2490 iubornre
481 2430 600 2488 isclebst
617 2435 645 2486 ei
661 2446 773 2501 scopere
790 2431 940 2489 oacmbrsrm
960 2431 994 2486 ud
1012 2433 1168 2490 manducen-

131 2530 192 2587 dum
209 2534 243 2586 iis
262 2529 352 2587 dubet
387 2529 508 2586 Tendens
524 2529 660 2588 Eutbicem
680 2530 756 2585 coedi
768 2530 865 2602 jussit,
893 2546 1031 2604 quousque
1052 2536 1172 2605 spiritun

132 2631 281 2697 enbeiuret,
297 2629 458 2686 Victorinum
477 2645 541 2686 sero
561 2631 587 2684 in
606 2631 682 2701 spuls
700 2627 861 2685 foetentibus
878 2631 1020 2699 coloceri,
1035 2629 1172 2690 biurouen

133 2746 197 2786 soro
220 2744 287 2786 suso
312 2730 415 2801 ingenti
439 2730 553 2800 opprimi
573 2729 664 2801 jussit.
698 2727 761 2782 Cum
784 2734 871 2784 sumus
885 2731 1107 2790 immanissimum
1124 2750 1172 2805 pe-

133 2836 216 2898 trem,
234 2843 311 2903 pne·
327 2828 373 2882 rix
389 2825 464 2882 Lxx
484 2827 535 2884 siri
553 2843 658 2886 movero
676 2832 813 2900 poteraut,
837 2842 919 2900 super
940 2845 998 2886 enm
1012 2831 1172 2904 Jsctnsseut,
1211 2883 1212 2886 ,

133 2930 192 3000 ipss
216 2927 379 3000 praedictum
398 2927 514 2998 lapidem
535 2928 563 2988 iu
587 2926 711 3002 humeros
734 2941 799 2982 snoe
818 2930 934 2998 sucepit,
959 2935 987 2986 et
1002 2933 1080 3002 quusi
1097 2931 1172 2989 lenes

134 3027 228 3100 pulset
246 3026 281 3082 ed
299 3024 351 3083 dno
369 3025 493 3082 nilllnrin
509 3029 626 3098 porterit
643 3033 677 3092 et.
696 3041 753 3081 enin
772 3026 877 3097 plurimi
895 3026 1086 3096 credidissent,
1110 3029 1175 3087 con·
1278 3081 1281 3086 .

135 3126 233 3182 scieris
258 3141 318 3182 enm
342 3125 429 3182 occidi
452 3125 524 3183 iecit.
559 3125 624 3182 Post
644 3125 696 3182 boo
712 3125 873 3184 Aurelianus
888 3123 1054 3184 Domiciiiem
1072 3128 1106 3184 de
1125 3145 1174 3186 ex-

136 3226 197 3284 tilio
216 3223 322 3282 redusit
340 3232 367 3280 et
379 3224 445 3280 dues
460 3227 586 3298 uirgines,
604 3223 796 3297 Euphroniuern
809 3229 836 3280 cl
849 3222 1029 3292 Theodoram,
1047 3227 1175 3286 collecte·
1247 3291 1248 3294 Ἴ

136 3341 203 3383 neus
222 3327 295 3398 eins,
319 3331 349 3380 ut
371 3325 398 3380 ei
416 3322 569 3392 suaderent,
586 3327 671 3392 nisit,
700 3339 767 3396 quse
784 3330 871 3380 umen
888 3322 1030 3380 Domlcilie
1047 3327 1082 3382 ed
1099 3327 1176 3386 iidem

137 3427 275 3484 convertit.
311 3421 386 3480 Tunc
402 3423 562 3479 Aurelianus
582 3439 639 3479 cun
656 3427 761 3496 sponsis
778 3423 971 3495 praedicturum
984 3426 1133 3496 ,pneiisrum
1152 3435 1179 3486 et

136 3525 222 3582 tribus
239 3523 434 3598 joscistoribus
452 3521 487 3578 sd
503 3521 664 3580 iiomlciliem
684 3524 763 3591 veuit,
782 3531 810 3580 ut
828 3524 887 3594 ejus
907 3526 1013 3596 septies
1030 3525 1179 3584 celebraret

138 3632 166 3681 et
183 3626 267 3696 ipsese
282 3623 377 3680 suiten
390 3621 521 3680 sicienter
533 3624 702 3693 opprimeret.
737 3620 791 3679 Sed
802 3638 859 3680 cum
872 3621 1014 3680 Domiclils
1026 3626 1178 3694 proedictoe

138 3723 206 3780 duos
226 3725 340 3796 inesses
370 3723 561 3789 convertisset,
592 3720 753 3778 Aurelianus
782 3721 945 3778 Donieiilnm
977 3724 1003 3804 in
1037 3721 1179 3780 deiumsm

138 3823 285 3880 moninus
311 3827 339 3879 et
361 3819 459 3876 ibidem
477 3821 569 3876 nimos
589 3835 685 3878 cunero
703 3821 768 3878 iecit
789 3827 817 3877 et
833 3827 955 3878 escteros
973 3836 1061 3878 secum
1079 3823 1179 3879 sdtsrs

135 3924 236 3996 iussit,
263 3921 356 3978 nolens
382 3935 440 3978 eum
463 3919 629 4002 postmodum
652 3919 762 3976 sioiure.
796 3919 850 3976 Sed
873 3935 930 3976 cun
949 3919 1092 3978 deicerent
1110 3925 1181 3978 mini

138 4023 167 4078 iu
185 4019 305 4077 euneudo
323 4026 351 4077 et
367 4021 467 4078 eceteri
490 4018 674 4086 hmtuudc,
700 4019 760 4089 ipse
781 4025 870 4075 tenen
895 4035 944 4090 per
968 4017 1035 4076 duos
1053 4019 1111 4076 dios
1129 4037 1181 4077 non

138 4121 271 4186 eucerii,
305 4135 443 4194 quousque
472 4121 500 4194 ln
529 4117 651 4176 ssitsudo
677 4116 802 4174 deiciens
824 4119 978 4190 exspiravit
1012 4116 1182 4192 susurrum)

138 4233 203 4276 sero
222 4217 307 4274 irster
324 4219 384 4290 elus
401 4221 543 4291 impetrate
560 4217 669 4274 licentio
686 4229 793 4285 omnes,
820 4219 865 4290 qul
888 4215 1074 4286 crediderunt,
1099 4219 1182 4274 inter-

90 4489 93 4496 .
190 4435 213 4491 i)
227 4433 305 4479 Verbo
316 4439 347 4478 ut
362 4453 386 4468 -
399 4433 530 4487 attinent
543 4429 626 4478 omittit
640 4429 674 4475 el
686 4435 720 4476 i’r.
795 4431 818 4483 2)
830 4428 1011 4476 buturicens
1024 4426 1064 4474 niti
1077 4425 1182 4474 offerunt,

903 4507 970 4564 22*
