2984 5316
343 463 405 528 ⁴00
559 466 630 547 Cop.
653 465 757 525 xcttt.
799 465 843 526 De
872 476 968 526 sancto
989 465 1161 545 Mnrgnreta.

345 635 427 686 tecum
446 626 539 684 adduc.
575 629 624 692 tim
643 627 701 682 dum
720 632 858 700 pergeret,
883 626 987 698 qnidam
1005 629 1046 683 nir
1061 641 1168 682 currens
1185 623 1236 681 stfrf
1253 621 1378 680 ofrrionit

343 729 424 794 Quem
441 744 497 784 cmm
515 727 600 784 obbas
617 729 809 800 interrogaret,
834 736 885 799 fpm
903 732 1043 800 pergeret,
1068 725 1114 782 tffc
1136 727 1186 781 eit:
1211 723 1304 780 multer
1320 739 1378 780 nen

343 834 510 884 mortuaest
535 832 562 884 et
587 826 654 882 rudo
678 827 766 882 sistere
795 837 860 883 eom.
895 823 1170 882 trassamundum
1189 827 1270 880 cirum
1288 823 1378 882 'f’fnco-

342 929 425 984 dorae
440 929 467 1014 fn
483 943 576 998 equum
594 933 621 982 ct
639 914 772 985 uenientes
790 927 930 996 pfurirnum
945 925 1072 981 fecerunt
1093 931 1119 980 ct
1137 927 1220 997 ipsum
1240 941 1295 979 cum
1313 925 1378 980 muf-

341 1031 376 1084 tis
393 1026 515 1083 laudibus
532 1027 701 1096 scpcfieront.
737 1026 783 1082 Vir
802 1035 887 1082 autom
905 1027 962 1096 ejus
980 1025 1072 1080 ocffanr
1095 1027 1186 1080 oxrrris
1202 1039 1267 1080 sune
1286 1023 1376 1080 Tinco-

343 1127 424 1184 dorno
448 1128 549 1197 accepit
573 1133 600 1182 et
623 1125 718 1181 ibidem
741 1141 896 1198 permanens
919 1124 1023 1182 tandem
1042 1126 1068 1178 in
1088 1125 1192 1180 donnino
1211 1123 1378 1189 obdormirit,

341 1243 408 1299 puer
432 1233 517 1282 cutem
541 1225 700 1281 ‘theodorae
726 1231 852 1281 nutrtccm
877 1241 990 1298 sequens
1013 1225 1082 1280 omni
1111 1240 1208 1280 morum
1239 1222 1378 1279 honestato

342 1325 473 1398 poffcftot,
501 1328 538 1381 ita
564 1326 633 1398 quod
648 1334 749 1382 mortuo
768 1324 864 1380 abbeie
884 1327 1036 1384 monosterii
1053 1327 1080 1380 iu
1098 1323 1219 1380 cibutum
1238 1325 1295 1395 ipsc
1313 1337 1378 1378 uns-

344 1429 448 1482 niniter
467 1433 508 1482 est
526 1426 634 1483 efectus.

759 1602 965 1617 m

663 1843 758 1942 tif.
784 1842 902 1942 fdfff.
936 1845 1036 1946 (88)

519 1967 602 2067 lte
637 1999 837 2068 sancto
861 1979 1196 2086 ns'orgareca.

407 2157 562 2232 ftfnrgnrote
578 2159 672 2215 dicitur
690 2175 706 2216 a
724 2159 833 2232 quodum
854 2161 972 2229 pretiosa
995 2175 1112 2232 gemnis,
1140 2173 1207 2232 quac
1232 2155 1377 2228 margarita

340 2265 463 2313 uocatur:
488 2274 557 2331 quoe
580 2275 683 2332 gemma
709 2265 750 2314 cst
772 2258 900 2324 carrdidn,
925 2265 1052 2330 porroet
1073 2261 1198 2314 virtuosa.
1234 2256 1279 2312 Sic
1296 2255 1377 2313 fresta

339 2337 496 2430 Morgarcta
522 2358 571 2414 fuit
594 2359 707 2414 candida
725 2375 773 2430 pcr
796 2359 988 2429 uirginitatem,
1018 2375 1101 2429 paris
1124 2375 1172 2430 per
1195 2357 1375 2423 humilitatem,

341 2461 458 2513 virtuosa
476 2475 523 2534 pcc
540 2458 722 2512 miraculorum
741 2459 929 2528 operationem,
965 2457 1053 2514 Virtus
1075 2465 1160 2513 autem
1181 2457 1258 2529 fnujus
1276 2457 1375 2528 lapidis

339 2555 434 2612 dicitur
451 2573 510 2613 esse
528 2565 620 2613 contra
642 2559 778 2630 sanguinis
803 2555 972 2624 effusionem,
996 2565 1088 2612 contre
1111 2557 1199 2613 cordis
1224 2560 1373 2629 passionem

338 2662 366 2713 et
385 2655 418 2712 ad
437 2658 548 2728 spiritns,
562 2656 787 2712 confortationem.
823 2655 867 2709 Sic
883 2655 962 2712 beata
978 2655 1133 2730 Murgnreto
1146 2655 1240 2712 >habuit
1254 2657 1375 2712 virtutem

338 2763 430 2814 contis
450 2757 601 2812 effusionem
620 2759 661 2810 sui
678 2759 815 2830 sanguinis
834 2771 881 2827 per
898 2759 1089 2825 constantiam,
1115 2760 1177 2828 quis
1194 2760 1221 2811 in
1239 2771 1288 2811 suo
1306 2771 1374 2813 mor-

337 2859 399 2912 tirio
418 2857 629 2911 constantissima
648 2859 765 2923 sustitit,
782 2863 874 2911 contro
891 2857 978 2911 cordis
995 2859 1161 2926 passionem,
1187 2856 1289 2922 idest,
1310 2855 1373 2912 dae·

338 2957 421 3012 monis
438 2956 606 3026 tentationem
626 2971 673 3025 per
691 2955 844 3028 victoriam,
861 2960 923 3029 qnia
941 2959 1000 3027 ipsa
1018 2953 1157 3028 dyabolum
1175 2959 1320 3027 superarit,
1339 2955 1374 3010 ed

337 3059 445 3129 spiritus
468 3054 685 3110 confortationem
709 3068 757 3124 per
781 3055 940 3124 doctrinam,
968 3058 1031 3128 quis
1054 3070 1102 3126 per
1124 3069 1201 3111 sunm
1228 3055 1372 3110 doctrinam

337 3161 473 3217 mutierem
498 3150 598 3209 unimus
626 3154 787 3210 confortarit
811 3160 837 3209 ct
854 3154 888 3209 cd
911 3153 1008 3210 Christi
1027 3153 1101 3210 fidcrn
1120 3156 1256 3212 convertit.
1291 3153 1373 3226 Cuius

335 3255 474 3328 legendam
491 3253 680 3321 Theotimum)
698 3257 739 3309 tir
755 3255 871 3310 cruditus
890 3257 1003 3326 scripsit.

401 3353 558 3428 Margarcte
579 3352 612 3408 de
635 3355 742 3409 civitate
761 3352 917 3410 Antincfnise
934 3353 989 3410 titio
1004 3353 1056 3409 fuit
1073 3353 1217 3411 Theodosii
1236 3355 1373 3427 gentilium

334 3455 517 3527 patriarchae:
544 3447 612 3507 fusec'
633 3454 727 3508 nutrici
749 3453 862 3509 treditor
885 3461 911 3510 et
936 3454 971 3537 sd
995 3453 1109 3509 sduftnm
1134 3461 1247 3511 aetatem
1264 3456 1373 3510 ueniens

334 3554 486 3625 baptizatur
510 3557 537 3607 ct
559 3557 669 3622 proptor
693 3551 743 3608 froc
766 3567 849 3609 exosa
869 3555 936 3624 patri
956 3553 1090 3626 plurimum
1108 3551 1263 3609 iubebatur.
1300 3551 1372 3615 Qua·

333 3655 393 3710 donn
411 3653 492 3726 igitur
510 3650 569 3718 die,
596 3651 655 3706 dum
675 3652 731 3722 Jam
749 3667 842 3708 annom
860 3653 916 3709 xi.
937 3653 1071 3726 attigisset
1088 3658 1118 3708 et
1132 3668 1188 3708 curn
1207 3653 1267 3707 aliis
1288 3653 1370 3726 rirgf-

333 3752 409 3809 nibus
426 3766 490 3808 ores
512 3752 620 3805 nutricis
643 3750 802 3817 custodiret,
827 3750 978 3823 praefectus
1002 3751 1125 3823 otyortns
1149 3753 1209 3808 inde
1233 3755 1370 3808 transitum

332 3851 433 3909 faciens
457 3857 484 3906 et
508 3849 621 3921 pueliam
646 3855 697 3903 tarn
724 3853 871 3920 speciosum
895 3851 1065 3908 considerans
1083 3867 1141 3908 mor
1160 3853 1186 3906 fn
1204 3852 1262 3922 ojus
1281 3865 1371 3905 amoro

331 3951 433 4007 exaruit
455 3956 482 4005 et
506 3961 601 4020 pueros
624 3945 658 4001 ad
680 3961 709 4002 se
726 3951 843 4004 concitos
860 3951 932 4004 misti
949 3949 1053 4006 dicens:
1079 3953 1114 4006 ite
1131 3956 1231 4006 strom
1250 3965 1368 4021 compre·

332 4049 454 4116 incndite,
472 4056 514 4116 ut,
533 4049 556 4102 si
575 4047 660 4103 fibert
677 4053 734 4114 est,
753 4061 809 4104 eom
828 4047 889 4103 mifuf
908 4051 1057 4105 innuerem
1077 4052 1213 4121 accipiam,
1231 4052 1255 4104 si
1273 4049 1370 4104 cnciffa

331 4155 388 4215 est,
412 4165 469 4204 eam
491 4147 603 4202 mihtin
627 4145 796 4203 concubinam
820 4145 939 4205 habeam.
974 4148 1036 4204 Cum
1063 4165 1130 4223 ergo
1154 4149 1212 4218 ejus
1233 4147 1370 4220 adspectui

382 4299 407 4352 t)
421 4302 455 4342 tta
473 4297 592 4349 terendum
610 4297 661 4341 foco
680 4296 766 4350 vulgar.
783 4295 964 4349 Theotimus,
982 4297 1026 4341 nisi
1046 4297 1141 4342 fortusse
1161 4296 1370 4341 Theotinefnuo

331 4364 502 4422 praeferendum
521 4371 566 4414 est.
586 4366 650 4419 eujus
668 4364 713 4410 viri
732 4377 815 4410 momen
833 4364 892 4409 inter
914 4365 1059 4418 frtenrdsrurn
1081 4374 1187 4410 unctores
1212 4363 1308 4410 occurrit
1325 4361 1368 4418 tuf.

332 4433 397 4480 rubr.
409 4429 468 4479 aiat.
481 4436 518 4478 tir.
531 4433 582 4477 xtt.
594 4447 617 4488 p.
630 4435 689 4488 755).
