2866 5310
291 443 364 521 Ceno.
387 441 545 502 LXXXiX.
590 443 638 504 De
660 453 756 504 saneto
779 444 864 506 Petro
886 447 1028 526 apostolo.
1117 448 1178 511 875

140 607 311 676 elongassent
330 618 376 660 eos
395 603 429 660 nu
453 602 576 672 trivinen,
608 609 714 660 seonius
742 620 799 661 suun
824 607 975 680 magistrum
995 623 1096 676 neum,
1126 626 1177 667 non
1256 589 1261 598 ⁸

138 705 205 759 enirn
226 705 252 758 in
270 702 362 758 eodeni
375 706 433 760 vion
448 705 601 760 ooeiderunt
614 719 671 760 eos.
706 702 775 760 Haec
787 703 936 778 Dionysius.
970 707 1063 764 Petrus
1081 716 1176 777 auteur,

137 811 165 860 ιιι
183 803 239 858 Leo
261 810 288 860 et
304 801 447 859 Marcellus
466 810 611 869 testantur,
631 804 690 860 duur
711 807 826 860 uenisset
844 803 877 861 nd
896 821 1013 876 croceus,
1031 810 1083 864 ott:
1108 825 1174 880 qno·

136 905 205 958 niani
230 902 350 958 doninus
374 919 447 960 rusus
471 903 505 961 ds
530 905 606 961 ooein
630 904 664 960 nd
691 909 786 960 terrani
812 905 963 976 deseendit,
995 915 1069 964 neoto
1097 923 1174 966 cruos

134 1002 292 1059 sublimatus
311 1009 367 1071 est,
402 1010 555 1070 moseten,
574 1020 650 1076 quen
668 1005 701 1060 do
720 1011 791 1060 terre
807 1003 842 1062 nd
859 1005 959 1062 soeturu
974 1021 1069 1062 nouare
1080 1005 1174 1082 difflua-

135 1112 192 1172 tur,
218 1118 281 1160 orox
306 1118 365 1160 unes
389 1108 469 1174 onpnt
492 1119 575 1160 meum
599 1106 625 1158 in
650 1109 722 1160 tonrn
739 1103 819 1160 debet
836 1105 976 1162 ostendere
994 1113 1020 1162 et
1038 1105 1122 1178 pedes
1139 1108 1173 1164 ud

134 1203 235 1260 ooetunu
253 1203 379 1276 dirigere.
413 1200 485 1274 Ergo
503 1206 565 1274 quin
583 1219 635 1258 non
654 1219 709 1261 suun
729 1206 766 1258 itu
784 1206 811 1262 in
827 1219 906 1262 cruos
925 1220 986 1262 esso
1009 1206 1121 1282 dignus,
1145 1215 1174 1263 ut

133 1304 254 1359 dominns
271 1318 359 1370 usus,
386 1317 488 1359 oruceuu
505 1319 589 1359 uentu
613 1303 701 1377 girato
724 1310 752 1359 et
767 1305 856 1375 eapite
874 1303 990 1362 demisso
1008 1322 1049 1364 usu
1068 1307 1167 1364 onnin-

131 1408 197 1478 gits.
232 1402 307 1459 Tunc
332 1403 371 1458 ilii
396 1418 498 1460 cruceni
523 1407 656 1460 verterunt
681 1410 707 1460 st
730 1402 813 1475 pedes
832 1409 951 1474 sumnus,
976 1421 1068 1463 nnnns
1085 1414 1171 1464 autern

131 1503 254 1560 duonum
272 1502 391 1560 ineunt.
427 1501 502 1558 Tunc
520 1510 607 1560 nuien
626 1503 739 1575 populns
757 1503 847 1560 iurene
865 1504 980 1576 repletus
998 1506 1104 1562 rodebat
1116 1507 1169 1563 Ne·

132 1620 221 1660 runem
246 1610 272 1658 et
296 1601 458 1676 praesentum
478 1602 600 1660 occidere
618 1613 645 1660 et
662 1603 810 1674 apostolous
827 1603 957 1672 tiberne,
981 1607 1026 1678 qui
1052 1623 1098 1663 sos
1125 1623 1165 1662 ro-

130 1704 222 1777 gabat,
241 1721 274 1762 ne
293 1705 443 1774 passionen
461 1718 535 1758 sunnn
556 1703 683 1774 inpedire
700 1703 836 1761 deberent.
870 1705 999 1762 Dominus
1013 1714 1113 1774 auteur,
1140 1714 1170 1763 ut

129 1807 168 1860 sit
192 1802 359 1878 Hegesippns
388 1809 415 1859 et
439 1803 538 1872 Linus,
566 1807 669 1874 operuit
693 1803 784 1858 ocutos
810 1821 914 1872 eonon,
941 1807 987 1877 qni
1005 1806 1043 1862 ibt
1060 1806 1168 1874 debunt.

129 1904 294 1960 striderunt
313 1903 425 1977 angelos
444 1909 546 1958 stantes
567 1920 622 1958 ιιιιιι
642 1905 747 1958 ooronis
766 1903 799 1958 do
823 1903 932 1961 doritsus
952 1921 1070 1962 rossrnro
1089 1914 1115 1964 st
1131 1910 1166 1965 ii·

128 2004 221 2060 tiorurn
246 2009 273 2059 et
297 2003 402 2060 Pstrnsu
425 2005 452 2059 in
477 2019 553 2060 ornos
577 2010 689 2058 stantem
714 2018 770 2059 cunr
796 2006 830 2060 tis
857 2010 884 2060 et
907 2003 1002 2060 tibrun
1025 2003 1166 2068 sciristo

127 2107 298 2176 uoonoisutesn
324 2109 351 2160 st
375 2120 406 2160 en
432 2103 527 2171 verbs,
556 2119 623 2178 quse
649 2101 821 2175 loquebatur,
853 2103 889 2158 ibi
916 2105 1056 2179 tegentem.
1092 2106 1166 2163 'dune

129 2203 235 2271 Petrus,
261 2209 289 2258 ut
306 2209 420 2261 testetur
438 2204 507 2260 idern
525 2203 707 2278 liegesippus,
732 2204 765 2259 do
789 2218 867 2259 cruos
893 2204 981 2260 dicore
1001 2209 1104 2278 eoepit:
1129 2215 1165 2283 to,

127 2303 247 2372 donnino,
265 2307 361 2360 inituri
380 2307 486 2377 optant,
504 2303 552 2362 sod
570 2310 657 2360 neotus
674 2302 794 2377 oruoiigi
813 2319 863 2360 uon
883 2307 1022 2375 usurpari:
1049 2311 1077 2362 tu
1094 2323 1162 2364 son-

126 2421 174 2476 per
190 2411 292 2472 rectus,
317 2406 439 2462 excelsus
459 2413 486 2462 et
509 2405 597 2472 sitos,
621 2420 669 2460 uus
694 2405 772 2475 prinsi
798 2402 911 2460 hominis
937 2403 998 2474 iiiii,
1025 2408 1070 2478 qui
1086 2413 1163 2480 caput

126 2519 201 2564 suun
218 2503 344 2560 demersit
359 2508 386 2560 in
399 2513 507 2570 terrun,
524 2505 599 2575 onius
615 2503 718 2576 tapsus
736 2503 871 2578 signtdoot
888 2506 992 2576 speeies
1009 2509 1164 2578 generatio-

125 2607 167 2660 nis
180 2603 325 2660 humanus:
344 2607 384 2670 sie
396 2606 463 2660 suin
478 2603 617 2669 nnosuimur.
635 2610 664 2658 ιιι
675 2607 751 2674 proni
765 2607 790 2659 iu
802 2611 898 2662 terrun
912 2604 1162 2663 ntdonunnrotiundi.

124 2703 230 2762 Mutata
246 2718 351 2777 quoque
367 2703 484 2759 ouuditin
502 2709 559 2772 est,
577 2709 605 2760 nt
623 2701 672 2760 noc
696 2710 771 2776 putet
795 2704 907 2760 runndus
929 2704 1066 2776 doxinurn,
1092 2708 1163 2782 qnod

123 2811 229 2862 constat
247 2818 308 2861 esse
326 2805 474 2860 sinistrum:
493 2809 538 2870 to,
557 2803 672 2869 domtus.
690 2804 752 2860 unihi
770 2807 914 2874 emises,
933 2811 1025 2872 toturn,
1044 2805 1114 2879 qood
1133 2822 1163 2863 ss

123 2912 152 2960 ιιι
165 2905 228 2959 uitri
242 2911 331 2971 totnnn¹
345 2910 372 2959 et
385 2902 449 2959 uitrii
462 2903 592 2960 niiuduisi
606 2909 633 2959 tu
645 2904 735 2960 sotus:
752 2907 854 2978 gratiss
867 2904 917 2960 tiist
928 2919 980 2980 ugo
993 2907 1161 2978 spiritutoto,

124 3019 176 3078 qun
189 3007 259 3071 nino,
274 3020 326 3076 quo
337 3003 468 3076 intelligo,
482 3019 533 3077 quo
548 3001 696 3074 interpello.
715 3001 1161 3080 Ubiduueutionrotinnestsngun·

123 3110 173 3172 tur,
189 3119 272 3178 quero
285 3109 372 3159 sentus
386 3104 469 3160 noinit
480 3103 607 3178 eruoidgi.
626 3102 777 3178 vidensque
789 3103 892 3172 Petrus,
911 3103 982 3179 quod
996 3104 1087 3162 fidelos
1100 3103 1159 3180 gio-

123 3206 187 3260 rino
196 3219 271 3260 suoru
282 3204 418 3271 uidissent,
435 3206 536 3277 gratius
550 3219 633 3278 agens
644 3210 671 3261 et
680 3203 735 3260 tiso
745 3202 838 3260 fideles
850 3204 1160 3276 ooursendsnsspiritutn

124 3307 219 3361 onisit.
255 3303 331 3360 Touo
342 3303 485 3360 Menoetius
502 3311 530 3361 ot
546 3303 677 3378 Apuleius
696 3303 802 3372 ιιιιιοι,
821 3303 946 3375 discipuli
964 3307 1032 3378 ejus,
1052 3321 1109 3360 euru
1127 3304 1160 3360 ds

120 3417 198 3461 ornes
225 3406 404 3476 deposnerunt
426 3410 453 3460 et
477 3402 591 3460 diuersis
618 3403 773 3460 condientes
798 3403 961 3460 nonoribus
988 3404 1158 3476 sepelierunt.

123 3504 249 3561 isidorus
269 3507 294 3560 in
315 3503 383 3560 tibro
401 3504 434 3562 do
452 3510 512 3560 nutu
528 3510 555 3561 st
572 3504 645 3560 obitu
664 3511 814 3560 sannionum
841 3508 881 3560 sie
898 3505 948 3560 ait:
971 3504 1065 3561 Petrus
1083 3512 1156 3580 post-

120 3619 197 3678 quoun
217 3603 406 3661 Antiochensis
431 3604 550 3660 tundant
573 3605 712 3661 eustesium
730 3606 778 3661 sub
798 3605 909 3661 Claudio
929 3604 1046 3662 Gaussre
1065 3611 1158 3661 oontrn

119 3705 256 3776 Syuonenn
273 3720 377 3778 nusgunn
394 3705 499 3760 iiounans
518 3707 607 3780 pergit
624 3706 713 3778 ibique
732 3705 889 3778 prsedieuns
906 3706 1071 3778 evangeliun
1083 3705 1157 3761 XXV
1231 3757 1233 3759 .

118 3807 194 3861 annis
206 3805 326 3878 ejusdem
344 3805 416 3860 urbis
434 3805 611 3876 pontificatum
627 3807 720 3874 tenuit,
738 3807 870 3861 tricesimo
888 3811 974 3862 suisne
991 3811 1067 3862 sontu
1088 3821 1157 3861 anno

119 3920 135 3960 o
153 3907 277 3976 passione
294 3904 392 3960 domini
408 3919 425 3961 s
442 3903 546 3962 Nerone
562 3906 694 3974 deorsum,
713 3912 741 3962 nt
759 3908 817 3976 ipso
835 3905 931 3965 notuit.
948 3903 1088 3960 crucifixus
1106 3913 1155 3962 est.

119 4004 190 4061 tineo
205 4005 342 4062 isidorus.
378 4002 406 4061 ln
421 4005 575 4077 insseutons
594 4005 638 4063 die
655 4006 749 4063 Petrus
769 4013 795 4061 et
812 4005 910 4062 Paulus
928 4005 1053 4077 Dionysio
1071 4021 1153 4077 unus·

118 4112 234 4172 ruerunt,
253 4107 395 4162 secundnm
410 4105 479 4180 quod
493 4108 551 4178 ipso
565 4107 628 4162 dioit
644 4108 668 4162 in
677 4106 814 4180 praedicta
826 4104 941 4177 epistola
954 4105 1053 4162 introeo
1063 4095 1154 4162 ¹verba:

116 4205 223 4260 attendo
239 4207 401 4274 niruuuiuun,
420 4206 480 4262 nte
498 4207 657 4280 prodigium,
676 4207 759 4263 irater
777 4209 809 4262 nni
823 4205 989 4273 Timotheus,
1007 4204 1062 4263 diei
1079 4209 1139 4263 niott

117 4307 239 4360 insitionis
258 4309 382 4378 ipsornnn.
409 4303 472 4360 Noun
486 4313 593 4377 praesto
606 4307 643 4362 iui
659 4309 684 4362 in
698 4314 816 4379 ternpore
830 4307 1008 4378 separationis
1021 4310 1152 4379 ipsorum.

116 4413 302 4478 postmortem
327 4412 412 4463 autern
441 4405 544 4462 iliorum
570 4408 623 4462 nidi
643 4423 689 4462 eus
710 4410 817 4466 inviosnu
843 4423 920 4465 mono
938 4408 973 4465 sd
991 4423 1091 4466 monum
1110 4409 1151 4464 iu·
