2866 5310
205 471 279 553 cap.
299 469 401 532 LXitt.
444 471 489 534 De
517 479 614 530 sancto
635 467 720 530 Petro
741 468 867 528 martire.
990 463 1048 528 281

45 641 80 682 aa
98 629 182 701 igitur
200 630 341 703 iniunctum
358 627 470 684 officinm
489 628 632 701 diligenter
648 641 774 684 exercens
790 625 940 682 haereticos
960 618 1059 700 sbiqus

45 729 209 799 erquircbet,
234 728 332 784 unitam
354 731 389 783 tin
413 730 529 800 requiem
550 726 683 795 tribuens,
711 725 759 780 sed
784 725 940 782 mirabiliter
964 741 1054 782 omnes

45 825 202 897 intendens,
227 835 348 900 potenter
372 827 524 899 expediens,
551 828 686 898 supienter
705 826 875 892 convincens,
900 827 938 881 tta
959 831 1055 880 utnon

45 935 134 982 assent
159 931 285 984 resistere
313 927 460 997 sapientiae
477 931 504 980 ct
517 927 640 996 spiritui,
668 928 712 997 qui
737 940 785 996 per
807 940 865 981 eum
890 923 1055 996 loquebatur.

47 1025 100 1080 uod
120 1027 239 1084 uidentes
257 1025 385 1081 haeretiei
410 1031 438 1081 et
453 1024 573 1080 dotantes
597 1024 631 1080 de
649 1027 732 1096 ipsius
747 1029 831 1080 morte
849 1039 906 1084 eum
925 1025 981 1079 unis
998 1022 1057 1078 tau·

45 1124 126 1179 nibus
147 1131 261 1181 mamere
278 1130 433 1195 coeperunt,
458 1124 665 1182 arbitraturesse
682 1139 762 1195 posse
780 1123 888 1195 paoiiice
908 1124 1010 1190 risere,
1034 1124 1058 1176 si

45 1239 113 1279 ornus
130 1231 184 1280 tau
204 1222 306 1279 vatidus
323 1230 477 1294 persecutor
489 1222 521 1279 de
536 1222 622 1280 medio
636 1221 780 1278 tolleretur.
816 1221 879 1278 Cum
889 1224 971 1294 igitur
982 1235 1059 1292 pree·

45 1328 129 1379 testor
153 1323 300 1396 intrepidus
323 1337 383 1378 mon
406 1324 498 1378 martir
520 1323 623 1378 iuturus
646 1321 681 1378 dc
703 1321 791 1378 Cumis
815 1320 993 1386 Mediolanum
1010 1337 1059 1392 pro

44 1425 190 1496 rqnircndls
214 1423 354 1480 haereticis
379 1430 521 1497 pergeret,
550 1425 577 1478 in
606 1424 666 1494 ipso
689 1423 782 1478 itincre
813 1422 925 1492 patmum
949 1421 1061 1476 martirii

45 1533 165 1580 mecutns
178 1529 228 1592 eat,
246 1522 489 1579 sicuttunoeentinu
508 1522 625 1595 explieat
639 1523 666 1576 tn
683 1519 749 1580 hncc
766 1519 856 1578 rerba.
892 1520 955 1578 (turn
972 1520 1005 1577 de
1022 1523 1061 1576 ci-

45 1626 109 1680 itste
126 1624 257 1692 Cumana,
292 1623 338 1679 nbi
362 1620 470 1679 iraham
494 1625 535 1677 sui
560 1617 660 1676 ordinis
680 1619 716 1674 tbi
734 1622 888 1676 morantium
904 1623 979 1692 prior
996 1625 1061 1684 erut,

45 1722 206 1780 tedioianum
224 1730 350 1798 pergeret
366 1739 414 1794 pro
432 1719 600 1795 exsequenda
617 1721 785 1793 inquisitione
802 1726 895 1775 contra
913 1719 1061 1776 haereticos

45 1822 78 1878 tht
88 1825 125 1878 ab
144 1825 293 1895 apostolica
304 1821 369 1880 sede
388 1837 524 1890 concessa,
536 1823 604 1876 sicut
616 1823 643 1874 in
659 1820 765 1890 publica
776 1818 973 1889 praedieatione
983 1835 1058 1890 prae-

47 1926 150 1990 inerat,
165 1923 269 1994 quidam
288 1923 321 1978 de
339 1924 453 1993 ipsorum
472 1921 663 1977 haereticorum
679 1918 846 1975 credentibus
863 1933 941 1991 prece
959 1919 1063 1974 tilorum

45 2021 151 2078 edumas
169 2029 197 2078 ct
211 2025 297 2094 pretio
315 2024 343 2077 in
362 2038 420 2077 cunr
437 2020 561 2078 emutatis
585 2021 716 2091 propositi
738 2021 789 2075 tter
804 2026 1005 2093 prosequentem
1021 2021 1063 2076 tu-

45 2127 121 2177 eatus
139 2123 240 2190 insiliit,
263 2126 291 2178 tn
317 2135 413 2194 agnum
436 2123 525 2192 ntique
542 2119 642 2191 iupusr
663 2119 735 2175 ierus
755 2121 783 2175 tn
800 2122 902 2189 mitens,
923 2123 1018 2191 impius
1036 2123 1063 2176 in

46 2222 117 2288 tuan,
135 2221 290 2278 furibundus
307 2224 335 2277 in
354 2227 529 2286 mansuetum,
547 2217 573 2274 in
593 2217 737 2274 modestum
755 2217 877 2287 effrenis,
893 2219 1020 2292 protenus
1037 2221 1065 2274 in

45 2326 157 2388 numan,
181 2324 327 2391 praesumit
354 2319 495 2386 inanitum,
519 2325 625 2379 exercet
650 2326 785 2387 conatum,
812 2325 920 2375 mortem
945 2321 1064 2386 intentet,

45 2435 133 2476 serum
151 2427 236 2476 auten
255 2429 334 2492 capnt
352 2419 423 2476 iliius
439 2418 581 2476 crudetiter
599 2421 726 2490 inpetens
743 2425 769 2474 ct
786 2419 850 2475 diris
867 2420 895 2474 in
906 2419 997 2490 ipsum
1015 2422 1064 2475 inu-

45 2521 134 2575 »masis
152 2519 303 2576 uulneribus
317 2522 415 2576 satiato
429 2520 558 2592 sanquine
574 2520 641 2591 justi
654 2534 716 2575 ense
734 2518 907 2575 uenerandum
918 2519 999 2586 ilium,
1013 2537 1066 2576 non

45 2618 204 2674 tiucrtenten
220 2619 253 2673 ub
269 2619 354 2686 hoste,
372 2618 421 2674 scd
433 2617 597 2676 exhibentem
610 2633 640 2674 se
652 2620 771 2690 protinus
784 2616 897 2674 hostien
910 2626 937 2675 et
948 2623 1066 2676 caesoris

46 2719 204 2774 attinentem
223 2719 250 2772 in
267 2722 397 2790 patientia
412 2726 500 2774 truces
517 2720 585 2772 ictus
605 2715 704 2772 dimisit
719 2719 814 2790 spiritu
831 2725 936 2790 petente
953 2734 1069 2792 superna

45 2819 139 2888 nipso
158 2816 216 2874 ioco
236 2819 369 2888 passionis
387 2819 517 2884 occisum,
545 2818 604 2888 ipso
621 2832 727 2890 qnoque
745 2819 877 2890 sacrilego
896 2834 1068 2890 percussores

44 2935 60 2973 u
79 2916 179 2973 Christi
196 2920 338 2972 ministrum
356 2919 476 2990 gemines
492 2917 648 2972 inculcante.
682 2914 730 2971 lite
747 2933 799 2972 non
817 2917 927 2988 querula
942 2933 1006 2976 roca
1018 2933 1068 2992 pe·

45 3033 107 3073 rens
125 3017 168 3073 uel
185 3032 362 3084 murmurans,
387 3016 436 3071 sed
460 3015 589 3071 suiierens
611 3018 699 3071 omnio
722 3018 854 3087 patienter
874 3032 947 3072 suum
965 3017 1069 3074 donnino

45 3113 235 3172 commendebat
254 3111 374 3186 spiritum
392 3114 498 3170 dicens:
523 3115 550 3168 in
567 3129 658 3170 memus
675 3123 750 3182 tues,
774 3115 894 3183 domine,
919 3117 1069 3174 conuento

45 3217 156 3288 rptrttuut
176 3231 268 3270 menn.
303 3213 451 3286 Symbolum
467 3215 545 3270 etiam
563 3219 652 3286 coepit
669 3215 757 3272 dicere
774 3215 851 3283 idei,
877 3218 952 3288 cujus
977 3232 1027 3272 neo
1043 3219 1071 3272 in

45 3315 216 3370 secundeum
234 3314 392 3370 deaiitease
410 3309 524 3383 praeco,
548 3315 662 3386 ¹)prout
684 3317 743 3387 ipse
770 3315 916 3384 nefandus,
941 3319 985 3389 qui
1003 3332 1020 3371 s
1039 3316 1071 3370 h-

45 3415 144 3472 ielibus
163 3421 257 3485 captus
280 3413 344 3480 tuit,
369 3419 397 3470 et
419 3413 524 3486 quidam
549 3413 632 3471 fraer
649 3415 807 3482 dominicus,
834 3416 878 3488 qui
895 3431 982 3472 conce
999 3417 1072 3472 titius

45 3521 110 3582 erut,
128 3521 156 3570 et
172 3514 206 3569 eb
224 3516 284 3585 ipso
301 3512 394 3570 lictore
407 3527 548 3584 percussus
560 3513 654 3570 diebus
666 3512 798 3586 aliquibus
808 3516 961 3588 superuixit,
978 3523 1073 3588 postea

45 3614 192 3670 retuterunt.
226 3613 279 3670 Sed
298 3627 354 3668 cnm
372 3612 459 3669 adhue
475 3617 566 3669 martir
583 3613 680 3669 domini
697 3615 847 3686 palpitaret,
872 3615 1003 3672 cultellum
1014 3631 1073 3672 cru·

45 3714 108 3770 detis
127 3713 205 3768 iicton
221 3715 333 3784 arripuit
351 3720 379 3770 et
395 3729 444 3784 per
460 3713 547 3770 latera
563 3714 622 3786 ejus
637 3714 777 3770 transfixit.
812 3713 840 3770 ln
855 3717 914 3786 ipsa
924 3723 1010 3772 auteur
1030 3716 1074 3772 die

45 3815 83 3868 rut
111 3815 220 3868 martirii
248 3813 402 3881 confessor,
428 3817 534 3882 murttr,
565 3814 696 3887 propheta
720 3821 747 3871 et
770 3814 863 3870 doctor
886 3815 1075 3886 quodammodo

45 3927 102 3970 esse
118 3914 270 3984 promeruit.
305 3912 449 3969 Coniesuor
465 3915 493 3968 tn
511 3929 552 3982 eo,
571 3914 640 3987 qnod
653 3913 730 3972 indunt
749 3915 846 3971 christi
863 3917 932 3971 iuter
947 3922 1077 3973 tormeme

45 4013 253 4068 constentissirne
271 4012 409 4068 confessus
429 4014 489 4082 ituit,
508 4015 578 4069 etin
595 4025 642 4081 co,
667 4013 737 4086 qnod
760 4017 822 4085 ipsa
842 4015 887 4071 die
909 4011 1077 4076 confessione

45 4127 114 4167 nore
130 4111 210 4167 solito
228 4112 299 4167 iactu
316 4111 475 4169 obtutitlieo
493 4111 649 4172 sucrificium
667 4112 764 4169 tantis.
797 4113 990 4184 munirique,
1007 4116 1076 4188 quod

45 4226 90 4282 pro
109 4209 264 4268 detentione
280 4209 342 4267 idei
358 4213 511 4285 sauguinem
529 4227 604 4268 suurn
622 4211 704 4282 inuit.
731 4211 862 4287 propheta
885 4215 913 4272 iu
935 4231 982 4284 ec,
1007 4215 1077 4288 quod

94 4431 117 4483 t)
129 4427 169 4476 td.
182 4429 264 4479 Promea
277 4437 307 4476 ut
320 4429 384 4488 ipss
397 4444 448 4488 pro
461 4428 599 4478 sedandis
611 4431 674 4486 legit.
