2902 5310
334 413 396 481 tit
475 421 547 501 Cap.
569 421 696 483 citivi.
743 424 789 484 De
811 434 909 484 saneto
930 425 1055 488 Martios
1077 429 1238 512 episeopo.

334 579 427 652 palatii
450 580 503 636 stbt
523 579 612 637 sieudt
635 579 705 640 iseit
739 585 775 642 iit
799 583 928 642 Martinus
951 585 1032 644 ssorsi
1057 593 1138 662 etque
1164 589 1268 646 iteraer
1289 605 1379 662 pasrrs

336 680 467 751 repulsam
486 681 574 736 eiiieio
593 680 733 739 oiroiotos
751 689 777 740 ei
792 685 881 741 sinere
896 684 1057 758 eonsprersus
1074 705 1123 761 per
1136 705 1218 746 naam
1231 689 1379 746 hebdomo·

336 781 395 836 daur
414 781 466 836 eibi
486 786 511 836 et
529 787 607 852 potus
625 781 785 838 abstinentie
803 791 956 840 maceratur.
992 783 1067 843 Tune
1083 795 1209 846 merente
1232 789 1338 861 angeio
1349 788 1381 844 ed

335 881 460 952 peiattnro
479 884 551 936 reati
568 888 594 936 et
611 881 683 935 nuiie
701 882 752 937 sibi
772 883 930 954 prohibente
951 883 984 938 ad
1005 889 1191 958 imperatoreos
1209 903 1306 960 usque
1323 905 1381 960 per·

336 981 419 1036 renit.
451 979 531 1044 Quem
550 993 606 1036 oona
625 983 768 1038 venientem
788 981 902 1052 rideret,
921 987 1015 1052 tretos,
1034 989 1096 1058 onia
1116 986 1214 1043 inisset
1234 988 1382 1055 admissus,

336 1082 360 1137 ei
379 1095 521 1152 assurgere
539 1081 638 1144 notati.
662 1080 747 1137 donee
772 1081 864 1137 setiam
888 1085 987 1156 registr
1011 1085 1079 1158 ignis
1103 1089 1226 1158 operiret
1249 1095 1278 1144 et
1299 1091 1385 1161 ipson

335 1182 518 1250 imperatorem
544 1195 561 1236 e
585 1187 660 1252 parte
684 1183 824 1251 posteriori
852 1183 922 1255 ignis
953 1185 1131 1242 suranderet.
1168 1184 1254 1242 'i'one
1288 1195 1382 1244 sareio

333 1273 457 1336 Martiae
474 1280 556 1336 iratos
581 1295 725 1353 assurgens
750 1281 868 1336 virtutem
893 1280 1059 1340 divinamus
1084 1286 1206 1340 sensisse
1231 1285 1380 1343 consessu

334 1381 557 1452 errantiumque
581 1381 665 1451 ipsum
687 1379 862 1450 compleotens
886 1381 936 1437 sibi
960 1385 1060 1451 onnia,
1086 1390 1227 1455 anoeqnaro
1255 1392 1379 1459 rogaret,

335 1482 466 1536 eoncesstt
489 1479 622 1550 mutisque
645 1491 753 1533 rnuners
776 1479 886 1546 obtulit,
909 1481 955 1536 sed
977 1481 1106 1538 Martinus
1124 1499 1176 1539 oon
1196 1489 1319 1556 aceepit.
1351 1484 1379 1540 in

334 1579 424 1637 eodern
443 1592 548 1650 quoque
565 1575 680 1651 dyaiogo
697 1577 805 1650 iegitur,
824 1579 937 1650 qusiiter
952 1585 1056 1637 tertium
1075 1588 1202 1638 mortuom
1222 1588 1377 1640 suseiterit.

334 1675 397 1737 Coro
423 1680 489 1734 eninr
514 1677 618 1748 uuidere
644 1679 752 1749 juvenis
770 1677 909 1735 deiunotus
927 1679 1022 1737 fuisset
1038 1687 1065 1738 si
1082 1687 1165 1737 mater
1183 1699 1234 1752 pru
1253 1688 1376 1740 narsei·

333 1779 434 1835 ustione
460 1771 506 1832 irttt
537 1777 641 1833 beatum
663 1777 804 1833 Martinam
836 1776 956 1850 ieeryorts
985 1787 1122 1847 exereret,
1154 1784 1207 1838 tste
1231 1784 1259 1838 in
1288 1783 1375 1838 rsedto

332 1880 431 1948 canopi,
454 1877 498 1934 uiri
525 1884 582 1934 erat
605 1876 802 1932 tononrerrbiiis
820 1877 956 1934 uruitttodo
973 1881 1125 1952 gannitura,
1143 1895 1233 1954 Quos
1250 1881 1333 1938 flexit
1349 1889 1375 1939 et

332 1981 431 2034 eunetis
455 1977 606 2033 ridentibus
631 1991 697 2048 puer
719 1979 842 2032 sonarit.
878 1976 1045 2050 Quapropter
1068 1996 1158 2035 oannes
1185 1981 1228 2036 itti
1254 1982 1374 2054 gentitus

332 2076 367 2132 ed
391 2067 467 2133 iidenr
493 2079 615 2134 eonversi
641 2083 711 2135 sunt.
745 2075 835 2133 Eidem
863 2093 968 2149 quoquo
999 2079 1055 2133 riro
1083 2087 1174 2135 saneto
1206 2079 1374 2137 obediebant

218 2207 222 2216 ·
335 2179 412 2232 etiam
437 2176 612 2242 insensibilia,
634 2177 796 2249 regeiairtiia
820 2181 847 2233 ei
865 2177 1066 2234 irrationabilis.
1100 2177 1272 2236 insensibilia
1304 2182 1375 2236 sieut

332 2279 403 2350 iguis
429 2281 456 2333 ei
477 2291 557 2349 aque.
599 2275 662 2332 Naro
690 2291 767 2349 quom
791 2278 817 2332 io
843 2277 954 2348 quodem
979 2277 1041 2332 tuno
1064 2280 1150 2351 ignens
1177 2283 1314 2348 oristssei,
1346 2283 1373 2337 in

333 2377 410 2432 donno
431 2379 552 2448 prasiana
569 2377 730 2432 adhaerente
754 2383 850 2447 egente
871 2382 947 2433 rento
965 2377 1068 2432 iarnrna
1086 2377 1257 2437 eitereistur.
1293 2381 1374 2438 Touo

331 2477 462 2534 Martinus
484 2492 568 2546 super
588 2483 683 2532 teetoro
708 2475 801 2530 domus
824 2474 989 2533 adseeodens
1013 2477 1120 2533 obviant
1139 2493 1169 2533 se
1187 2478 1301 2536 iiamnris
1321 2481 1370 2536 ad-

332 2575 497 2635 venientibus
515 2577 634 2631 inseruit.
669 2575 733 2631 Mon
751 2581 843 2631 eontra
861 2577 910 2630 rior
929 2576 1119 2632 rentiiiarnara
1139 2585 1326 2651 retorquetur,
1344 2588 1374 2637 nt

333 2675 469 2731 oondtetos
494 2673 598 2746 quidem
621 2677 848 2748 compugnantium
874 2677 944 2730 inter
965 2690 995 2732 se
1019 2675 1202 2732 elementorum
1223 2677 1371 2738 rideretur.

330 2767 412 2832 Neris
430 2777 507 2832 etiam
525 2765 652 2846 quaedam
671 2789 726 2830 soro
751 2775 958 2845 parisitiaretur‚
985 2780 1014 2829 ut
1038 2777 1064 2830 in
1088 2776 1223 2847 praedicto
1249 2779 1371 2853 dyaiogo

330 2874 444 2948 iegitur,
470 2873 573 2945 quidam
600 2875 751 2946 negotiator
775 2871 884 2929 neodorn
910 2873 1070 2930 oirristionus
1094 2875 1265 2932 exclamarit:
1297 2878 1371 2934 Deos

330 2973 439 3030 Martini
458 2975 530 3044 ertpe
548 2989 606 3040 nos,
625 2979 652 3029 et
671 2973 946 3046 statimiranqutititas
960 2990 1055 3046 aragon
1069 2977 1205 3031 suecessit.
1240 2975 1373 3035 Stratiiter

332 3073 501 3147 regetobttia.
536 3071 600 3127 iiaor
619 3087 675 3127 eaor
694 3075 720 3128 tu
739 3072 851 3144 quodam
869 3073 928 3128 ioco
947 3075 1068 3145 ieopiunr
1091 3075 1303 3146 antiquissimum
1324 3076 1368 3132 di·

331 3177 430 3229 ruisssi
454 3181 481 3230 ei
506 3173 627 3229 arboren
654 3174 709 3244 ptnt
735 3172 849 3244 dyabolo
875 3173 1020 3229 dedtoataur
1046 3173 1127 3230 reiiet
1150 3173 1291 3243 excidere,
1317 3175 1369 3231 ob-

330 3274 486 3330 sistentibus
510 3275 616 3328 rusticio
639 3279 665 3328 et
688 3272 832 3343 gentitibus
850 3289 916 3328 nous
935 3289 1022 3330 eorum
1045 3271 1125 3328 dixit:
1150 3276 1172 3328 si
1190 3272 1224 3327 de
1241 3271 1301 3330 Deo
1321 3283 1371 3332 tuo

330 3371 451 3428 iduoiaru
476 3370 575 3439 habes,
599 3387 648 3427 nos
671 3370 739 3426 hans
756 3368 877 3428 arboren
896 3372 1059 3428 suoeideurus
1082 3377 1109 3428 et
1125 3378 1153 3428 tu
1170 3387 1227 3428 eant
1247 3377 1370 3447 suscipe,

331 3479 358 3530 et
377 3475 400 3530 st
418 3481 501 3528 teourn
519 3479 560 3528 est
570 3473 638 3529 tieus
650 3478 719 3534 tuus,
740 3477 767 3526 ut
784 3457 861 3536 diois.
881 3471 987 3528 eredes.
1023 3471 1080 3536 Quo
1098 3480 1227 3529 mouente
1243 3478 1371 3533 saeuisse

330 3574 419 3630 arbori
439 3580 466 3629 et
481 3575 540 3645 jera
555 3587 647 3626 rersus
665 3586 721 3626 eonn
743 3567 838 3626 ibidem
855 3570 963 3644 ligeturn
983 3569 1087 3627 uadenti
1100 3573 1202 3644 signore
1215 3577 1305 3630 erreis
1318 3593 1370 3648 op-

329 3675 420 3744 posuit
432 3680 457 3729 ei
468 3675 494 3727 tu
507 3673 584 3727 etiarn
600 3669 944 3743 pertumrediensrortiros‚
965 3672 1007 3742 qut
1022 3671 1046 3725 in
1059 3677 1116 3727 toto
1131 3671 1188 3728 toro
1202 3678 1288 3740 erant,
1310 3673 1377 3752 iere!

329 3775 478 3843 oppressit,
500 3773 543 3844 qui
564 3773 620 3826 rtse
638 3771 764 3827 miraeato
782 3768 815 3825 sd
835 3768 909 3824 iden
926 3773 1047 3825 eonverst
1065 3777 1132 3826 sant.
1167 3770 1368 3830 irrationairttia

329 3887 434 3946 quoque
452 3870 576 3927 eninaiie
593 3870 645 3925 sibi
666 3870 766 3940 piuries
784 3868 955 3936 obedierunt,
979 3871 1047 3925 sieut
1064 3870 1161 3943 iegitur
1180 3873 1205 3926 in
1223 3873 1366 3943 praecitato

329 3971 454 4044 dyaiogo.
490 3971 552 4026 Gora
565 3971 631 4026 enirn
645 3985 724 4025 osnes
737 3969 896 4042 iepusuoiour
909 3971 1076 4042 intorquentes
1089 3972 1211 4036 vidisset,¹
1227 3972 1369 4043 imperarit

329 4070 452 4136 mnibus,
478 4076 506 4125 ut
529 4070 623 4124 antrnei
650 4071 752 4141 insequi
779 4069 945 4126 desisterent.
988 4069 1053 4127 iiior
1077 4069 1117 4123 itit
1138 4073 1312 4126 eonstiteruot
1340 4079 1368 4129 ei

327 4171 403 4240 quasi
423 4171 500 4224 vineti
519 4170 544 4223 ia
558 4171 621 4224 suis·
633 4171 752 4241 vestigiis
771 4165 815 4222 tiri
832 4175 990 4226 manserunt.
1025 4169 1143 4240 Serpens
1154 4171 1230 4225 etiarn
1244 4169 1365 4242 quiden,

326 4282 382 4324 oarn
402 4269 505 4324 iiuriurn
524 4268 651 4340 quendem
671 4269 784 4323 arundo
804 4269 936 4336 esuriret,
955 4267 1084 4324 Martinus
1096 4271 1134 4323 ait
1147 4267 1179 4323 ed
1199 4277 1365 4339 serpentem:

327 4371 353 4426 in
370 4371 474 4424 norutne
493 4367 590 4424 donnini
605 4367 688 4438 jnireo
707 4371 737 4424 te
754 4367 848 4426 redire.
882 4367 947 4426 Mer
970 4384 1000 4425 se
1023 4368 1058 4424 ad
1084 4369 1188 4425 nerium
1212 4367 1298 4424 saneti
1319 4387 1366 4428 rs·
