2866 5310
199 472 273 550 Cap.
289 469 442 530 dxxxvi.
470 469 515 530 De
530 469 674 532 nativitate
688 471 775 528 nancti
791 470 856 530 ioh.
873 470 1024 550 baptistae.
1067 466 1124 529 att

95 644 152 686 ean
176 628 254 686 dicit:
280 636 308 685 et
329 631 423 686 nrttos
446 629 556 686 ittam
572 628 654 686 iarael
672 636 808 686 oonrertet
825 637 875 686 eto.
911 628 1005 686 Tertio
1028 627 1127 685 aaut·

97 730 267 789 mnino.
286 729 312 783 td
331 737 373 786 eet
390 729 425 786 ab
444 729 602 798 inmittite,
619 731 687 784 sinat
704 744 721 785 a
740 735 815 801 patre
833 743 882 784 ano
900 731 1041 796 tiridati,
1060 728 1128 784 ande

97 826 237 885 dicebant:
261 831 337 903 qnia,
359 837 455 902 patae,
477 846 545 902 pner
560 832 611 886 tete
629 832 679 886 erit
696 835 745 886 eta.
781 829 881 894 danto
899 827 1129 900 oonpreienditor

97 927 156 984 im
180 927 309 985 inflantia
332 945 365 986 ax
393 945 505 986 nannete.
540 929 635 986 Habuit
659 933 726 986 eninr
751 946 841 986 nanno
867 933 980 984 instate
1000 931 1128 996 inatero,

98 1028 125 1082 in
144 1043 255 1100 egrotae
272 1044 305 1085 ex
322 1035 413 1097 atero,
440 1031 467 1084 in
483 1029 571 1084 nandi
588 1045 733 1102 progreean
754 1032 823 1084 etin
842 1029 929 1084 nandi
947 1045 1066 1103 ogram.
1101 1028 1129 1086 ln

97 1133 174 1183 atero
191 1125 282 1184 iaiait
298 1127 396 1199 triplex
418 1128 538 1186 mirabile
564 1145 654 1185 monna
673 1132 792 1202 gratiae,
816 1132 899 1201 prino
921 1132 1050 1203 gratian,
1077 1147 1129 1202 qen

97 1228 125 1280 tn
144 1233 220 1283 atero
242 1227 418 1284 annatiieetan
436 1228 500 1294 init,
525 1228 593 1285 node
611 1229 660 1284 init
675 1235 736 1286 ante
752 1237 859 1286 nanetus
876 1246 951 1302 nnan
968 1238 1060 1297 natna,
1081 1228 1128 1287 Je-

98 1342 161 1382 ren.
180 1329 205 1386 i:
234 1331 384 1399 prinsqua-
410 1335 438 1384 te
462 1328 601 1384 [ornarent
628 1330 655 1384 in
681 1336 770 1397 atero,
794 1332 855 1384 nori
878 1335 905 1385 te
922 1336 972 1385 eto.
1007 1329 1128 1386 Seonodo

98 1428 227 1498 gatiano,
246 1431 307 1499 qaia
327 1428 486 1499 propitiata
504 1430 610 1494 meruit,
631 1431 698 1486 nient
715 1429 820 1502 qnando
839 1432 864 1485 in
883 1437 957 1485 utero
976 1431 1066 1486 matria
1083 1445 1130 1487 ex-

98 1525 199 1582 suitans
219 1527 299 1582 dean
316 1527 413 1584 adeona
433 1530 566 1601 cognorit
601 1527 674 1585 Unde
698 1528 899 1600 chrysostome
925 1529 1016 1584 volent
1039 1537 1132 1584 natea·

99 1621 175 1692 dere,
201 1630 314 1697 qualiter
330 1627 410 1682 inerit
428 1629 487 1699 pina
507 1643 583 1700 qnam
602 1627 744 1699 propheta,
762 1629 841 1684 dioit:
860 1628 1004 1700 prophetae
1024 1635 1066 1684 eat
1082 1645 1130 1700 pro

99 1728 192 1782 nerito
213 1729 421 1783 conversationis
446 1735 473 1783 et
496 1727 555 1782 idei
574 1726 737 1800 prophetiam
754 1730 884 1799 atalpero.
919 1727 1048 1801 Nnnqnid
1067 1745 1130 1798 pro-

101 1823 196 1897 phetae
213 1824 276 1892 init,
294 1833 323 1881 nt
339 1829 412 1897 ptine
429 1826 508 1884 inerit
523 1827 667 1899 propiata,
686 1843 762 1900 nnn
781 1829 874 1896 ionio,
896 1830 1001 1898 atquin
1018 1841 1129 1882 monne·

100 1922 164 1979 tado
188 1933 259 1990 erat,
284 1933 312 1980 nt
335 1925 480 1997 prophetae
505 1930 708 2000 intingerentur,
734 1934 795 1983 inno
818 1927 923 1999 qnando
950 1927 1028 1983 beata
1055 1928 1130 2000 virgo

100 2023 237 2080 Eitzabotn
248 2025 382 2092 adnavit,
402 2027 522 2082 Ciriatna
537 2026 682 2082 Jniartnetn
695 2031 721 2080 in
734 2035 808 2081 atero
824 2029 849 2080 tn
864 2025 1016 2098 prophetant
1030 2026 1131 2080 inunxit

100 2123 242 2180 sanandam
256 2123 325 2196 qnod
340 2123 402 2178 dieii
413 2125 613 2197 Ciryeostonnne
625 2129 651 2181 tn
666 2126 732 2182 haec
746 2126 840 2182 verba:
858 2125 920 2180 ideo
935 2123 1055 2180 (innatat
1069 2125 1124 2182 Ma·

101 2226 166 2278 rian
183 2223 248 2278 ieait
265 2222 381 2280 antonne
398 2222 551 2293 diiuncti,
571 2235 599 2282 nt
616 2242 702 2282 sermo
721 2224 866 2298 procedent
885 2224 918 2282 de
935 2231 1010 2281 utero
1030 2228 1130 2290 nattis,

102 2322 147 2377 nbi
160 2321 262 2378 inabitat
276 2323 404 2390 doninus,
424 2333 454 2398 et
463 2341 511 2397 per
522 2342 601 2382 annea
611 2324 747 2383 Eitanbetir
763 2327 900 2398 tngreaana
911 2324 1086 2382 deenenderet
1098 2327 1130 2381 nd

102 2421 260 2489 londonen,
290 2428 319 2478 nt
343 2422 398 2478 iliio
429 2440 485 2479 enno
513 2432 624 2498 ungeret
647 2429 672 2481 in
697 2424 860 2497 prophetant.
894 2425 988 2481 Tertia
1009 2429 1132 2498 gratian,

102 2539 156 2592 qna
179 2525 235 2578 snit
261 2525 362 2580 neritia
387 2525 463 2579 aratri
488 2524 643 2596 prophetiae
666 2528 784 2596 apiritnn
806 2524 923 2581 tradidit.
958 2523 1032 2581 Unde
1050 2524 1132 2596 niny-

102 2629 234 2678 anstnnnn
251 2623 341 2679 rolens
359 2624 515 2692 ostendere,
534 2625 649 2696 qnaiiter
667 2626 744 2682 tuerit
763 2626 822 2696 pina
839 2640 915 2697 qnam
933 2625 1063 2697 propheta
1081 2628 1132 2681 nit:

103 2725 163 2795 qaia
180 2721 381 2794 prophetaram,
405 2739 461 2779 ann
479 2731 551 2782 eaeet
568 2723 714 2796 propheta,
738 2723 890 2797 propheten
918 2726 1006 2781 tatere
1029 2727 1134 2797 potnit?

104 2821 191 2878 tieiiaa
215 2822 320 2893 qnidam
346 2825 419 2879 anxit
440 2824 588 2880 iieitenenrn
607 2826 632 2878 in
649 2823 820 2896 propietate,
845 2843 896 2880 non
913 2832 999 2882 tannen
1018 2825 1133 2897 propine-

102 2921 174 2978 tandi
194 2924 307 2994 gratian
326 2924 446 2980 wntniit.
480 2924 533 2980 ista
552 2931 637 2980 antero
655 2924 681 2978 in
699 2929 775 2980 atero
792 2927 882 2982 nattis
904 2926 1036 2982 eutetene
1052 2925 1133 2981 divini

103 3025 225 3079 introitur
249 3026 382 3080 seientia·
407 3027 482 3081 natrt
506 3023 617 3080 donarit
641 3029 667 3080 et
696 3039 727 3078 on
755 3023 826 3080 iiiine
849 3023 929 3080 rerba
957 3023 1133 3080 oonieeaionis

103 3124 223 3195 apernit,
249 3131 292 3191 nt,
321 3125 397 3196 eajna
415 3139 467 3180 non
483 3123 592 3180 ridebat
614 3139 766 3196 personna,
790 3130 964 3196 cognosceret
981 3122 1133 3196 dignitatern

103 3222 209 3278 dieeno:
234 3224 302 3281 ande
326 3225 377 3280 too
400 3222 479 3290 nihi,
505 3232 533 3280 nt
554 3231 637 3280 nater
658 3224 756 3279 donini
780 3225 829 3278 met
854 3225 943 3279 veniat
960 3221 993 3278 nd
1011 3224 1072 3278 nei
1107 3221 1135 3278 in

102 3339 214 3396 agrem
233 3339 264 3380 ex
282 3329 356 3380 atero
375 3323 469 3380 tanen
484 3324 583 3397 triplex
600 3339 692 3379 manaa
709 3324 830 3396 gratiae,
847 3324 968 3395 quonian
986 3327 1060 3378 ortae
1077 3327 1135 3395 ejus

104 3423 154 3478 init
175 3424 364 3488 aimonium,
385 3430 492 3480 annana
517 3429 544 3480 et
561 3423 701 3496 Jnoandna.
735 3422 804 3489 Quia
829 3421 1016 3488 miraculosae,
1045 3419 1134 3476 erein-

104 3522 175 3578 ditor
192 3522 311 3579 deieotno
327 3524 506 3594 inpotentiae,
526 3526 588 3595 neta
604 3529 720 3590 uncina,
735 3527 823 3578 reatna
840 3521 943 3592 cnlpae,
964 3524 1025 3592 qnia
1040 3522 1134 3593 junan-

79 3667 82 3674 .
104 3620 163 3690 dae,
179 3621 317 3678 lanenton
332 3625 462 3680 niteriae.
497 3622 654 3680 celebrator
668 3629 752 3678 anten
767 3623 826 3693 ajat
844 3627 918 3678 ortu
936 3623 993 3676 atre
1012 3623 1136 3676 nativitas

103 3721 245 3778 netandae
263 3725 415 3796 nagietnan
433 3721 604 3780 (initietnnn
620 3721 871 3778 Altiaetodorenaenr
894 3720 995 3792 tripiici
1019 3721 1137 3776 ratione:

103 3824 186 3893 prino
212 3821 565 3879 ratiene'naaotiinationia,
577 3824 603 3878 tn
625 3829 718 3888 atero,
742 3820 859 3878 aeonndo
878 3822 980 3876 ntione
999 3819 1136 3892 dignitatis

104 3925 132 3977 in
148 3913 253 3988 aiiiio,
278 3924 336 3995 ipae
360 3925 427 3979 enirn
453 3927 577 3995 tanquan
601 3920 698 3978 irater
722 3923 792 3978 venit
815 3927 842 3976 ei
859 3927 993 3976 aeternnm
1012 3916 1135 3992 gaudina

104 4019 182 4078 nnita
205 4025 303 4093 prinae
328 4023 471 4088 nuntiarit,
501 4025 580 4078 tertio
608 4023 712 4078 ratione
739 4019 914 4093 jucunditatis
943 4021 970 4075 in
996 4025 1055 4074 orta
1079 4033 1137 4073 ean.

104 4119 213 4179 Dixerat
227 4125 293 4178 attin
310 4122 436 4196 angeina:
454 4129 480 4178 et
497 4122 569 4178 nolti
587 4124 614 4176 in
632 4123 691 4192 aina
705 4123 843 4175 nativitate
861 4118 1013 4192 gaudebunt
1033 4125 1060 4172 et
1078 4117 1138 4173 iden

106 4219 212 4294 ὤμω
228 4229 278 4290 eet,
295 4231 324 4278 at
334 4232 361 4280 et
371 4238 421 4278 nos
435 4225 460 4277 tn
474 4225 611 4278 nativitate
625 4221 684 4291 ajat
699 4219 869 4294 gaudeamus.
889 4219 914 4272 in
930 4199 1075 4290 progresso
1090 4216 1136 4270 ia·

105 4319 163 4376 ortt
179 4322 299 4379 ainttitet
315 4320 450 4394 multiplex
468 4337 573 4378 nanae:
596 4323 623 4376 in
644 4319 696 4376 iton
714 4327 799 4377 antean
823 4324 916 4390 patent
932 4319 990 4388 eiua
1009 4315 1136 4372 exneiien·
