2866 5310
301 435 363 498 278
488 436 561 516 Cap.
581 435 681 496 Llflll.
730 436 777 496 De
799 446 897 495 sancto
919 433 1005 493 l'etro
1029 435 1155 495 martire.

301 595 471 668 praedicator
492 599 613 672 exsurgit
637 603 663 653 et
687 596 721 652 de
744 597 893 651 sanctitatis
919 600 1005 650 ueruto
1027 609 1195 666 corporeque
1213 599 1340 666 corruptis

302 695 431 769 virginale
442 694 524 751 decus
538 695 697 767 proceditac
707 695 842 765 deeplnis,
855 693 933 749 idest
947 692 1340 764 aetoruoineendiodeputetie,

301 794 414 866 inclytus
432 797 524 850 martir
547 795 693 851 adscendit.
727 793 854 851 Parentes
880 808 992 865 namque
1010 808 1075 848 euos
1092 791 1217 849 infideles
1236 800 1262 850 et
1280 793 1341 848 luae-

302 897 400 949 rstieos
425 892 519 950 locatus
536 895 630 951 l’etrue
655 894 764 960 hebuit,
788 907 804 948 a
827 907 935 964 quonum
956 899 1044 948 menen
1072 907 1164 948 erroro
1188 907 1220 947 se
1241 893 1342 963 penitae

301 994 422 1049 mundum
446 997 571 1051 seruauit.
607 995 671 1050 Cum
697 1000 782 1050 aurtenr
805 991 891 1047 adhue
915 997 1016 1062 septem
1039 998 1111 1047 essct
1137 1007 1267 1047 annorum
1286 999 1345 1048 eta

301 1092 401 1148 selroiie
419 1094 526 1162 rediret,
547 1101 675 1166 apatmo
699 1110 765 1158 eoo,
790 1094 835 1162 apri
852 1090 984 1147 haeresim
1011 1091 1150 1162 sapiebat,
1177 1091 1301 1164 quidnam
1320 1095 1344 1146 iu

302 1191 402 1246 scholis
426 1191 565 1262 didicerit,
591 1196 779 1266 interrogatur.
815 1191 865 1255 Qui
890 1190 1029 1261 respondit
1045 1205 1075 1247 se
1093 1190 1240 1246 didicisse:
1267 1191 1345 1246 credo

303 1292 328 1346 in
345 1289 428 1346 Iieem
451 1300 551 1363 patrem
574 1295 777 1365 omnipotentem
801 1301 946 1347 creatorem
971 1291 1039 1344 coeli
1062 1295 1089 1347 et
1112 1296 1203 1345 terrae
1230 1297 1281 1346 etc.
1315 1289 1346 1345 Et

301 1391 363 1446 ille:
381 1391 436 1447 noli
456 1392 545 1449 dicore
562 1401 707 1449 creatorem
725 1392 792 1448 coeli
812 1398 839 1447 ct
856 1399 960 1458 terrae,
977 1405 1034 1445 euru
1045 1393 1103 1460 ipse
1115 1389 1261 1445 visibilium
1270 1404 1344 1445 crea·

302 1497 345 1545 tor
361 1508 413 1546 uou
431 1491 526 1560 fuerit,
551 1492 599 1548 sed
617 1491 746 1564 dyabolus
765 1495 853 1546 ooruia
869 1493 938 1558 ieta,
958 1505 1026 1563 quae
1044 1490 1182 1556 videntur,
1208 1491 1345 1546 creauerit.

299 1586 363 1662 lpse
387 1607 451 1646 uero
469 1607 536 1664 puer
555 1607 586 1648 ee
604 1594 692 1664 potius
710 1590 780 1646 uelle
797 1591 896 1657 dicere,
915 1593 984 1646 eleut
1001 1590 1120 1664 legerat,
1138 1588 1292 1644 affirmabat
1310 1595 1345 1656 et,

301 1693 372 1746 siout
389 1692 514 1762 seriptum
533 1697 605 1757 erat,
623 1706 654 1747 to
671 1691 759 1762 potins
777 1689 886 1746 eredere
904 1690 974 1746 uelle
992 1689 1104 1745 dicebat.
1140 1689 1218 1745 'l'unc
1238 1688 1285 1744 llle
1302 1705 1348 1759 per

302 1794 473 1847 auctoritates
492 1791 544 1847 lnoc
562 1794 587 1845 ei
606 1790 786 1862 persuadeto,
805 1796 834 1844 ut
854 1796 974 1860 poterat,
997 1789 1146 1845 nitebatur:
1173 1805 1241 1862 quas
1259 1805 1347 1845 oreore

301 1906 369 1962 puer
391 1893 487 1962 spirite
511 1898 602 1946 saneto
628 1891 743 1960 repictus
768 1891 806 1944 sic
825 1895 917 1944 eontra
936 1903 993 1945 eeu
1010 1891 1139 1944 conuertit
1155 1903 1268 1961 eumque
1286 1903 1348 1960 pro·

303 1991 361 2060 prlo
379 1990 469 2063 gladio
489 1991 634 2056 interemit,
660 1994 690 2044 nt
713 1988 774 2056 ille,
799 2005 851 2060 quo
877 1989 1038 2056 diverteret,
1065 2006 1119 2044 uon
1142 1987 1264 2044 liaberet.
1300 1987 1347 2051 tini

301 2089 411 2162 indigne
435 2090 524 2146 ferens
550 2106 567 2145 a
590 2106 674 2160 puero
700 2105 731 2145 se
752 2089 888 2144 confusum
914 2090 984 2159 patri
1009 2095 1107 2156 toturn,
1132 2086 1203 2158 quod
1228 2089 1298 2143 inter
1320 2103 1348 2143 ee

302 2196 407 2262 gestura
433 2189 534 2257 fuerat,
558 2189 649 2245 retulit
672 2197 699 2246 et
722 2195 751 2243 ut
767 2188 898 2244 Petrinum
922 2188 1055 2243 ascluolie
1074 2196 1239 2254 removeret,
1265 2187 1348 2242 modis

302 2287 424 2344 omuibus
442 2292 584 2360 persuasit.
618 2288 711 2345 Timeo
729 2291 813 2355 euim,
835 2290 891 2356 alt,
919 2303 952 2344 ne
970 2302 1026 2344 eom
1044 2286 1166 2344 Petinus
1185 2285 1254 2343 beno
1273 2289 1350 2342 luerit

304 2388 437 2455 eruditus,
462 2388 497 2444 ad
522 2389 684 2445 meretricem
712 2388 784 2442 illam
806 2388 947 2444 itomanam
974 2386 1113 2442 ecclesiam
1138 2402 1168 2442 se
1187 2385 1308 2442 conferat
1325 2393 1350 2440 ct

304 2488 344 2542 eie
363 2487 440 2543 idone
458 2494 574 2542 nostram
593 2488 713 2544 destruat
731 2494 759 2544 et
774 2486 924 2542 confundat.
960 2486 1010 2549 Qui
1027 2487 1148 2542 uesclene
1166 2500 1256 2541 reruni
1277 2484 1351 2551 dixit,

304 2585 364 2641 dom
391 2585 495 2642 Petrum
514 2587 705 2644 haeretieorum
722 2585 858 2658 perfidiam
876 2585 1067 2642 destructurum
1082 2601 1143 2640 esse
1159 2593 1291 2656 tamquam
1310 2584 1350 2638 al-

305 2691 347 2740 tor
364 2685 487 2758 Gapplras
505 2686 684 2760 prophetavit.
721 2685 775 2742 Sed
794 2687 855 2757 quale
874 2701 917 2741 res
937 2701 953 2739 a
971 2683 1028 2741 Deo
1046 2683 1141 2752 fiebat,
1165 2691 1244 2756 pater
1261 2683 1354 2738 fratris

298 2764 413 2840 ¹monitis
432 2800 569 2842 mensum
589 2802 642 2842 nou
660 2785 783 2858 praebuit
801 2800 929 2857 speruus,
954 2783 1024 2856 qood
1051 2799 1101 2855 per
1125 2782 1239 2855 aliquem
1258 2781 1354 2838 lraere·

306 2881 438 2941 oiareluaur
456 2887 490 2941 ad
500 2888 581 2942 'suano
600 2891 700 2943 sectam
712 2901 769 2942 cour
784 2884 854 2940 tralri
867 2885 977 2950 faceret,
996 2899 1053 2939 com
1068 2885 1095 2938 in
1111 2881 1355 2956 grammaticalibus

306 2983 382 3040 ficret
394 2985 521 3042 eraditus.
542 2986 640 3042 Videas
653 2989 737 3059 igitur
747 3001 813 3058 peter
822 2992 988 3040 sanctaenon
998 2999 1059 3040 esse
1073 2990 1154 3039 tntum
1163 2999 1220 3038 cunr
1231 2983 1356 3052 scorpio·

306 3083 384 3140 uibus
397 3083 529 3153 habitare,
548 3085 667 3140 mucidum
680 3093 856 3157 parentesque
869 3083 1028 3154 despiciens,
1045 3082 1156 3138 mundns
1171 3085 1230 3154 lpse
1243 3081 1355 3137 fratrum

306 3185 521 3256 praedicatorum
539 3185 656 3240 ordinem
675 3187 800 3240 introivit.
835 3183 864 3238 ln
889 3199 941 3255 qeo
961 3183 1065 3256 quidem
1086 3183 1178 3240 ordine
1198 3198 1278 3254 quen
1295 3181 1356 3238 lau-

294 3282 433 3339 ·dabiliter
459 3285 572 3352 uixerit,
597 3284 764 3340 lnuoeentiue
787 3299 859 3356 papa
888 3286 915 3338 in
942 3299 991 3339 suo
1009 3283 1125 3355 epistola
1144 3287 1230 3354 aperit
1247 3283 1357 3338 diceus:

307 3398 363 3437 eom
390 3386 457 3439 coint
482 3383 576 3439 beatus
602 3382 696 3440 Petrus
720 3399 737 3439 a
758 3384 847 3439 mendi
870 3384 984 3440 fallaciis
1012 3388 1039 3439 in
1063 3383 1262 3440 adolescentiae
1279 3385 1358 3438 aunis

307 3481 419 3553 prouida
438 3482 608 3551 declinasset,
627 3483 661 3539 ad
679 3483 797 3540 ordinem
810 3483 919 3540 fratrum
938 3483 1147 3554 praedicatorum
1167 3499 1197 3538 se
1209 3484 1357 3539 transtulit.

308 3582 338 3638 ln
357 3599 409 3655 qao
434 3577 539 3654 quiden
564 3583 659 3639 ordine
681 3586 796 3657 triginta
818 3583 875 3641 foro
894 3599 1020 3638 annorum
1038 3585 1126 3654 spatio
1144 3583 1227 3639 fultus
1249 3591 1360 3640 caterua

308 3685 440 3749 virtutum,
456 3681 508 3739 lide
523 3682 703 3754 praeambula,
722 3699 770 3754 epe
784 3683 916 3750 adstante,
935 3685 1077 3739 eomitante
1094 3686 1205 3739 caritate
1221 3686 1260 3738 eie
1278 3700 1360 3755 pras·

307 3782 394 3838 uoluit
410 3791 436 3837 et
453 3782 567 3854 profecit
586 3786 658 3838 circa
677 3781 859 3838 defensionem
879 3785 962 3854 ipsius
982 3781 1059 3849 idei,
1084 3799 1132 3854 pro
1151 3797 1203 3854 qua
1221 3789 1295 3838 totus
1313 3799 1360 3838 ar-

312 3881 402 3948 debat,
430 3881 501 3954 qood
519 3890 613 3938 contra
640 3883 712 3938 illine
734 3883 808 3938 diros
828 3882 920 3938 lrostcs
938 3891 1025 3939 mente
1042 3883 1176 3954 intrepida
1193 3881 1361 3954 ferventique

312 3983 409 4053 spiritu
426 3984 576 4037 continuum
593 3989 725 4038 certamen
743 3999 870 4039 exercens
888 3999 961 4038 suurn
978 3981 1084 4038 tarrtlcru
1101 3997 1212 4055 agonem
1232 3982 1360 4037 diutinum

311 4083 413 4137 victrici
431 4089 573 4152 soporante
590 4084 708 4138 martirio
726 4082 840 4138 feliciter
857 4084 1053 4138 consummarit.
1087 4080 1122 4138 Et
1141 4085 1178 4138 sic
1197 4081 1292 4138 Petrus
1311 4083 1358 4138 fru-

312 4197 368 4235 ruue
387 4183 413 4236 iu
431 4187 506 4253 petra
523 4180 584 4239 liei
611 4192 688 4254 petra
708 4181 810 4238 demum
832 4184 966 4253 passionis
986 4182 1080 4237 allisos
1096 4181 1130 4238 ad
1144 4189 1245 4254 petram
1261 4182 1362 4239 Christi

313 4280 394 4352 digne
406 4279 567 4337 laureandus
585 4281 732 4338 adscendit
765 4281 951 4355 Virginitatem
966 4299 1071 4356 quoquo
1085 4285 1178 4338 meotis
1195 4290 1222 4339 ct
1239 4289 1362 4357 corporis

314 4397 419 4451 semper
443 4381 571 4436 illibatam
594 4384 726 4448 seruerit,
757 4397 808 4439 nee
828 4383 940 4455 mteuujus
963 4383 1085 4440 mortalis
1109 4387 1225 4440 criminis
1246 4400 1361 4458 uuquam
