2842 5286
320 496 391 574 Cep.
414 491 500 552 tvtt.
542 491 585 548 De
606 500 703 548 saneto
726 485 883 544 Ambrosio.
1055 480 1116 544 255

74 661 159 720 rent,
186 652 233 706 lile
258 649 292 704 ab
313 652 347 704 iis
365 649 446 722 longe
462 649 566 718 pesitus
584 646 664 702 tertio
684 643 852 700 euelemarit:
877 655 974 706 senex,
999 642 1045 698 sed
1067 641 1117 696 be-

76 772 142 812 nus.
178 748 254 815 Quod
276 750 413 805 audientes
430 747 516 802 territi
534 746 657 816 ingerunt
686 751 713 798 et
736 743 839 796 nonrrisi
864 740 935 795 illurn
970 749 1030 810 post
1060 745 1117 810 ejus

78 853 185 907 ebitum
203 850 348 920 elegerunt,
367 849 393 902 in
409 845 470 901 loeo
489 855 584 910 autern,
603 845 628 896 in
642 857 693 915 quo
709 841 826 913 jacebat,
846 839 910 892 vidit
928 839 1015 896 losum
1035 841 1069 894 ad
1089 858 1117 898 se

80 950 230 1004 venientem
249 956 275 1002 et
293 947 345 1001 sibi
363 945 433 1000 uultu
452 945 534 999 alanni
553 944 720 998 arridentem.
763 940 909 994 Honoratus
930 956 990 996 vero
1011 942 1116 1010 episeo-

80 1061 134 1116 pus
153 1042 345 1108 vercellensis,
371 1045 416 1114 qui
432 1043 504 1099 beati
523 1041 654 1097 Ambrosii
679 1041 776 1095 ebitum
798 1040 982 1109 exspectabat,
1007 1055 1062 1094 cnm
1087 1057 1118 1095 se

81 1147 176 1210 sopori
197 1143 330 1208 dedisset,
365 1158 453 1197 rocem
477 1144 556 1198 tertio
574 1157 603 1196 se
630 1141 765 1195 elementis
790 1138 903 1196 audiuit:
934 1153 1029 1212 surge,
1057 1143 1119 1212 quia

81 1259 144 1296 rnorr
166 1249 208 1296 est
231 1257 393 1298 recessurus.
438 1242 486 1302 Qui
512 1257 675 1311 consurgens
699 1239 877 1294 Mediolanum
908 1241 1025 1294 concitus
1050 1243 1120 1294 uenit

81 1345 109 1396 el
141 1343 165 1397 ei
191 1341 314 1396 dominini
339 1344 457 1411 corporis
482 1328 672 1394 sacramentum
696 1337 770 1393 dedit
787 1353 898 1408 moxque
918 1337 963 1392 ille
983 1354 1073 1394 manus
1093 1343 1118 1396 in

80 1440 188 1494 nendum
207 1443 291 1494 erneis
311 1439 437 1509 expandit
455 1451 480 1495 et
499 1439 614 1494 ultimum
627 1440 745 1508 spiritum
762 1437 830 1491 inter
846 1436 991 1491 verbanria
1010 1437 1118 1494 artavit.

81 1539 185 1594 Flornit
202 1542 274 1596 eirea
290 1554 373 1592 annos
395 1538 490 1593 domini
511 1536 694 1598 ccclxxiii.
739 1535 801 1590 (lum
820 1542 905 1590 autern
931 1538 957 1590 in
976 1546 1052 1595 noete
1071 1553 1118 1608 fre·

80 1639 166 1692 sebae
197 1653 291 1708 eorpus
316 1639 373 1709 ejus
395 1636 430 1692 ad
448 1637 588 1692 eeclesiam
608 1636 702 1692 inisset
723 1635 854 1700 delatum,
878 1636 979 1705 plurimi
1005 1639 1118 1694 inientes

81 1736 211 1807 baptizati
238 1753 293 1790 eum
319 1736 456 1794 viderunt.
486 1738 526 1792 ita
550 1745 578 1791 ut
602 1737 685 1808 aliqui
705 1751 763 1792 eum
781 1734 917 1790 sedente·
943 1739 968 1790 in
991 1736 1120 1793 cathedra

81 1835 209 1890 tribunali
227 1835 359 1898 dicerent,
376 1836 423 1890 elii
441 1834 644 1892 adscendentem
659 1834 742 1906 digito
761 1836 816 1889 suis
837 1835 990 1904 perentibus
1009 1834 1117 1891 demon-

79 1943 216 2002 strarent,
233 1935 350 1990 nonnulli
367 1951 431 1992 rere
451 1935 553 1990 stellam
572 1950 653 2004 super
668 1949 763 2004 eorpus
787 1931 845 2002 ejus
865 1949 895 1990 se
920 1934 1009 1988 ridere
1027 1952 1119 1990 nerra-

81 2043 150 2090 rent.
187 2033 296 2096 Quidanr
317 2037 449 2102 presbiter
467 2049 524 2089 eum
542 2039 569 2088 in
594 2037 713 2090 eenririo
742 2049 797 2086 eum
818 2034 903 2086 multis
923 2034 984 2088 aliis
1003 2043 1074 2094 esset
1093 2041 1121 2092 et

80 2141 178 2188 saneto
192 2134 332 2190 Ambrosio
353 2133 494 2190 detrabere
514 2134 662 2206 coepisset,
698 2137 723 2204 ¹)
741 2150 798 2189 eum
817 2134 940 2186 continno
958 2134 1040 2204 plaga
1058 2149 1118 2202 ner-

82 2233 149 2286 eulit
168 2239 196 2289 el
212 2231 246 2288 de
265 2239 385 2288 conuiuio
402 2232 435 2287 ad
454 2233 549 2292 laetum
568 2233 661 2288 duetus
687 2235 763 2290 uitam
789 2229 879 2286 linivit.
916 2231 944 2286 lu
968 2233 1035 2288 urbe
1054 2233 1120 2288 Gar·

82 2331 244 2404 tbaginienei
278 2347 334 2386 eurr
360 2340 414 2386 tres
442 2334 561 2402 episcopi
587 2333 662 2386 simiel
688 2335 856 2388 eonrirarent
881 2340 908 2387 et
931 2346 998 2386 unus
1030 2349 1118 2388 eorum

82 2429 163 2484 beato
181 2429 324 2485 Ambrosio
344 2430 519 2497 detraxisset,
539 2431 648 2486 relatum
669 2439 721 2496 est,
742 2430 805 2500 quid
824 2430 863 2484 illi
882 2431 1045 2502 presbitero,
1074 2435 1119 2504 qui

83 2529 137 2582 sibi
162 2529 330 2598 detraxerat,
361 2532 510 2588 astitisset.
553 2529 638 2591 Quod
658 2545 713 2584 cunr
738 2529 782 2584 ille
808 2529 997 2599 vilipenderet,
1030 2531 1119 2588 subito

82 2629 164 2684 letale
182 2629 274 2683 rulnue
299 2632 403 2698 aceepit
426 2636 451 2684 et
471 2638 612 2684 extremum
636 2630 758 2683 continue
777 2628 845 2684 diem
864 2627 967 2686 clausit.
980 2661 1022 2673 -
1036 2661 1072 2673 -
1086 2657 1121 2674 -··

83 2731 113 2784 2.
131 2725 289 2794 Notandum,
307 2729 375 2800 quod
389 2727 482 2784 beatus
493 2728 649 2784 Ambrosius
661 2731 686 2783 in
705 2729 792 2784 multia
809 2729 1024 2786 commendabilis
1036 2730 1121 2788 luisse

84 2823 205 2894 ridetur,
223 2829 307 2897 primu
329 2829 354 2882 in
372 2828 550 2894 liberalitate,
568 2830 629 2898 quia
645 2829 747 2894 onnia,
771 2843 840 2900 quae
857 2827 989 2897 tenebar,
1019 2845 1121 2900 paupe-

85 2941 140 2978 runr
161 2929 251 2992 erant,
273 2927 343 2982 unde
360 2927 443 2982 relert
460 2927 494 2980 de.
512 2943 543 2982 se
563 2929 639 2996 ipso,
665 2926 734 2998 quod
759 2929 911 2997 imperatori
928 2929 1030 2997 petenti
1046 2927 1121 2984 basi-

85 3025 163 3078 licam
181 3026 221 3078 sle
240 3025 378 3094 respondit
392 3035 418 3080 et
436 3035 476 3081 est
492 3029 517 3082 in
533 3026 639 3082 decreto
653 3023 739 3080 xxiii
758 3041 800 3096 qu.
818 3023 888 3080 vttt:
902 3031 1045 3082 eonvenior
1059 3035 1121 3093 ete,

84 3125 110 3176 si
128 3137 145 3177 a
162 3139 203 3178 une
220 3130 339 3195 peteret,
365 3124 433 3196 quod
454 3141 537 3180 menni
555 3133 643 3190 esset,
670 3123 697 3178 ld
716 3132 757 3180 est
776 3123 882 3180 lundam
900 3141 998 3193 menn,
1022 3121 1121 3201 argen-
1142 3137 1146 3148 ·

86 3229 138 3276 tum
157 3237 240 3276 meum
260 3230 287 3277 et
303 3223 452 3295 hujusmodi
472 3241 570 3290 nereum,
589 3235 640 3279 nen
659 3223 826 3295 refragarer,
851 3241 1006 3296 quemquern
1026 3229 1121 3295 omnia,

85 3337 154 3392 quae
180 3337 238 3377 mea
263 3329 338 3386 sunt,
365 3338 508 3394 pannonum
532 3331 602 3378 sunt.
636 3321 757 3380 Serundo
782 3323 807 3377 io
830 3324 973 3379 munditiae
992 3327 1121 3395 punitam

86 3420 136 3473 luit
151 3421 218 3476 enim
238 3423 323 3492 virge.
359 3420 432 3478 Unde
452 3423 531 3480 refert
550 3423 718 3492 'Hieronymus
738 3438 795 3476 eum
814 3423 928 3478 dixisse:
947 3426 1122 3496 virginitatem

86 3534 137 3574 non
158 3520 240 3574 solum
257 3520 403 3590 eterianus,
422 3521 565 3578 sedetiam
581 3537 725 3577 servamus.
760 3522 854 3578 'lertio
869 3523 896 3577 ln
914 3521 975 3580 lidet
993 3522 1122 3590 firmitate.

87 3617 158 3674 nude
176 3618 256 3684 dixit,
275 3635 332 3676 eum
350 3622 493 3691 imperator
508 3627 612 3692 peteret
628 3620 773 3686 basiliano,
792 3629 818 3678 et
835 3627 877 3677 eut
894 3626 920 3676 te
939 3621 1030 3679 eodem
1049 3625 1123 3692 oepi-

88 3717 159 3773 tulo:
184 3719 258 3787 prius
278 3723 333 3782 est,
349 3724 382 3772 ut
399 3722 508 3774 animam
530 3720 592 3774 mibi
611 3735 687 3790 quan
706 3719 795 3776 eedem
820 3720 930 3777 auferet.
980 3719 1079 3784 Quane
1097 3723 1122 3774 in

88 3819 196 3871 martirii
216 3816 358 3884 ariditate,
377 3817 447 3873 unde
467 3820 565 3892 legitur
583 3822 608 3874 in
627 3819 743 3889 epistola
759 3835 808 3875 sue
822 3819 855 3876 de
873 3819 985 3874 basilica
997 3836 1049 3874 non
1068 3826 1123 3874 tra·

90 3914 194 3972 denda.
220 3915 290 3987 qnod
313 3921 481 3988 praepositus
509 3917 683 3974 Valentiniani
706 3919 845 3976 Ambrosio
863 3918 995 3974 mandavit
1018 3918 1123 3974 dicens:

89 4022 115 4072 tu
135 4017 279 4072 contemnis
298 4013 514 4085 Valentinianum,
531 4028 611 4089 erepat
624 4021 671 4074 tibi
692 4017 765 4073 tello.
800 4005 846 4072 Cui
864 4016 1034 4072 Ambrosius:
1052 4016 1123 4072 Deus

88 4116 224 4184 permittat
245 4113 302 4178 tibi,
320 4121 348 4170 ut
367 4115 467 4184 lenias,
485 4117 556 4189 qued
572 4119 697 4186 minaris,
716 4123 798 4188 atque
817 4118 913 4172 utinen
933 4115 1003 4172 neus
1022 4120 1124 4172 auertat

141 4351 161 4417 ,)
174 4349 216 4396 Ed.
229 4355 262 4396 Pr.
276 4349 379 4397 brevium
399 4363 432 4396 eo
449 4352 589 4397 continno
603 4353 638 4396 ed
653 4353 758 4396 lecturo
772 4349 865 4396 duero.
