2918 5302
182 480 434 562 cipecxxxvt.
474 480 520 541 Do
544 479 648 540 sanctie
668 477 777 550 Prodro
798 487 829 539 et
847 478 984 538 Jeciucto.
1037 479 1100 542 003

66 643 197 710 domiuum
214 635 255 700 me
274 642 363 700 uerile
374 646 503 714 uuurpetu
520 647 649 713 polentae,
667 655 784 696 sorerem
802 655 865 697 roro
883 640 1014 711 eupieutlu
1026 639 1100 708 teuit,

66 746 147 801 eimue
158 760 224 816 engo
235 743 331 799 irutree
345 748 371 798 et
383 740 671 813 Christoneequunur.
695 737 786 796 Plooet
796 742 933 796 consilium
944 746 971 795 et
983 747 1099 796 munnio

66 843 159 900 habitu
178 845 229 899 riri
247 843 281 898 erl
300 843 502 908 monesterium,
527 844 570 898 oui
592 841 705 898 Helenus
732 843 772 896 eir
788 839 838 896 Ilei
856 846 994 912 praeerat,
1019 844 1100 909 uenit,

66 947 112 1016 qul
129 943 226 998 nullum
244 942 277 998 orl
297 959 326 998 ue
345 943 465 999 teninun
485 945 576 998 uenire
595 941 707 1000 einobol.
743 939 794 1005 Qui
812 943 890 997 etium
908 941 1020 1012 quodem
1044 943 1101 998 uiue

65 1061 123 1101 eum
141 1043 278 1100 haeretico
296 1043 450 1114 disputans,
470 1057 527 1097 oum
545 1041 594 1096 vin
612 1047 822 1113 argumentorum
840 1039 912 1097 ierre
930 1056 981 1096 non
1000 1047 1102 1112 posset,

66 1161 188 1218 uuegnum
207 1145 295 1218 ignem
314 1141 518 1208 accendimur,
536 1146 565 1197 ut
582 1141 637 1208 ille,
657 1144 702 1212 qui
719 1156 771 1197 uon
788 1139 994 1210 combureretur,
1014 1156 1101 1198 verum

67 1245 144 1302 sudem
169 1247 327 1318 probaretur
349 1241 458 1299 hebere.
493 1240 569 1306 Quod
593 1255 650 1296 oum
670 1241 766 1296 leolum
785 1247 871 1306 oeeet,
895 1241 969 1312 prior
993 1242 1104 1298 tutruvlt

68 1351 95 1402 et
112 1346 220 1400 illueuos
240 1347 321 1413 exiit,
339 1341 489 1400 haereticus
507 1347 610 1410 eutem,
627 1357 684 1396 oum
704 1341 802 1396 intrare
821 1339 911 1407 uellet,
929 1339 963 1395 uin
981 1342 1101 1398 omnibus

68 1446 193 1517 eupoleos
212 1451 261 1502 eet
296 1443 338 1499 nu
356 1443 423 1498 huno
443 1443 526 1515 igilur
548 1457 604 1498 oum
623 1442 781 1496 accessisset
798 1447 825 1496 et
842 1455 871 1496 uo
891 1442 973 1496 uirum
992 1441 1102 1510 uiueret,

67 1549 118 1603 eit:
142 1553 212 1602 reete
230 1547 272 1601 eir
288 1545 400 1610 diceris,
426 1544 501 1617 quio,
527 1557 583 1608 oum
607 1543 646 1596 uie
664 1540 777 1609 lemine,
803 1540 916 1596 uiriliter
931 1544 1001 1614 egis.
1035 1541 1101 1598 Num

66 1645 120 1703 eibi
137 1648 195 1719 ejus
218 1646 335 1702 oouditio
356 1659 374 1699 u
398 1645 455 1700 Deo
482 1644 532 1698 tuit
550 1642 677 1699 rerelelu.
710 1639 752 1695 Ab
772 1642 905 1713 eo-igilor
927 1656 984 1696 oum
1002 1641 1101 1698 Prolluo

68 1752 94 1803 et
115 1745 233 1804 Juelnotu
256 1747 426 1802 monosticum
449 1743 569 1800 hobitum
592 1743 710 1813 suscepit
732 1745 759 1798 et
783 1757 812 1797 ee
832 1741 939 1797 trutuem
956 1739 1101 1815 Eugenium

66 1844 101 1902 ui
120 1846 240 1901 omnibue
257 1845 387 1916 appellen
406 1844 478 1903 teuit.
511 1842 591 1900 Peter
609 1848 695 1899 eutem
715 1847 742 1898 el
759 1847 843 1898 muter
861 1841 981 1900 rirleutee
999 1857 1102 1899 ourrum

65 1944 203 2019 Eugenioe
220 1945 324 2000 domum
341 1959 449 2000 ruouum
468 1944 591 2013 rediture,
610 1949 758 1999 moerentes
773 1941 889 2015 undique
908 1941 987 1998 ilium
1006 1944 1103 2016 inquiri

67 2045 200 2112 leoenuut,
222 2043 271 2100 red
296 2045 399 2109 minime
417 2047 535 2104 lnrenire
553 2050 702 2116 potuerunt.
736 2040 904 2116 interrogent
923 2049 1014 2111 rutee,
1039 2043 1102 2116 quid

68 2144 101 2201 ule
121 2143 176 2200 iliu
193 2144 288 2200 loetum
305 2147 355 2214 elt,
378 2147 422 2218 qul
440 2143 617 2216 respondent,
641 2158 697 2200 eum
723 2143 816 2200 uillis
835 2145 995 2199 interestne
1014 2150 1102 2201 trenu-

67 2243 154 2301 leun.
190 2242 320 2308 Quoulrou
336 2252 412 2316 puter
430 2245 570 2317 imaginem
594 2243 665 2300 filino
690 2243 754 2300 ieolt
777 2252 803 2300 et
826 2244 910 2314 lpoum
929 2241 964 2300 ub
983 2245 1103 2300 omnibus

67 2343 175 2400 eiorurl
199 2345 347 2412 munierit,
371 2346 432 2416 ipso
455 2361 519 2402 uero
542 2360 600 2401 eum
625 2345 706 2400 eociie
728 2344 756 2400 lu
780 2343 830 2400 Dei
849 2346 943 2420 tinore
960 2347 1106 2416 permonuit

68 2449 96 2502 el
119 2451 221 2500 mortuo
244 2447 402 2517 praeposite
417 2445 478 2518 lpeu
499 2443 657 2516 praeficitur.
692 2442 756 2500 Erul
773 2451 834 2500 tuno
851 2444 1030 2502 Alexandriae
1048 2460 1104 2500 uue-

67 2550 145 2600 tronu
166 2543 295 2616 queeduuu
318 2544 393 2602 eliree
417 2550 445 2602 et
468 2545 565 2601 nobilis
587 2534 723 2604 Melunoiu
751 2546 872 2613 nomine,
902 2560 980 2616 quem
1010 2553 1104 2602 renutu
1188 2583 1189 2588 η

67 2641 189 2715 Eugeulu
207 2643 268 2701 oleo
288 2661 438 2718 perungens
456 2661 473 2702 e
487 2625 617 2719 quartano
627 2643 752 2700 libereril
764 2647 790 2700 ln
803 2645 906 2701 nomine
918 2643 983 2703 Jeeo
996 2643 1105 2716 illiniunt,

69 2743 139 2800 unrle
162 2745 244 2799 mullo
268 2746 295 2800 ei
319 2748 390 2800 mieit
412 2759 536 2812 munere,
567 2745 615 2801 eei
639 2761 691 2801 uon
718 2746 828 2816 ruuepit.
862 2743 1004 2802 Prueeliotu
1024 2745 1106 2820 igitur

68 2842 319 2902 metronelrutrem
340 2843 485 2918 Eugenium
509 2845 639 2904 honinem
662 2859 722 2902 eeee
747 2844 880 2900 arbitrans
910 2847 1018 2917 eoopiue
1046 2862 1105 2904 eum

70 2941 198 3000 rieitubot
226 2943 370 3017 rielenequo
403 2945 561 3018 elegantium
583 2947 730 3018 juventutis
753 2950 781 3000 et
801 2943 1022 3016 puiolurltudlnem
1045 2962 1106 3003 eor-

68 3045 142 3114 porie
161 3044 186 3098 lo
210 3045 269 3117 ejue
286 3059 400 3102 umorem
419 3044 587 3102 uehementer
603 3047 713 3112 exeruit,
731 3052 758 3102 et
775 3045 890 3118 uueliter
906 3060 963 3102 oum
982 3063 1014 3103 eu
1032 3061 1105 3104 com-

69 3143 175 3200 nteren
199 3146 300 3216 possit,
324 3147 405 3201 eurio
428 3147 548 3219 cogitare
570 3148 666 3218 eoepit.
703 3146 835 3204 Simulune
854 3147 936 3218 igitur
952 3147 1107 3220 languorem

68 3243 156 3312 uiuit,
180 3250 210 3298 ul
233 3244 267 3299 ed
293 3259 350 3302 eum
371 3246 472 3302 reniret
490 3253 517 3302 et
534 3260 565 3301 ee
584 3247 699 3302 lurieere
715 3245 879 3320 dignaretur.
916 3245 967 3310 Qui
983 3261 1041 3302 eum
1059 3263 1106 3304 ee-

69 3343 168 3411 nluuet,
191 3345 296 3414 operuit
317 3344 385 3410 nihl,
408 3345 524 3416 qualiter
545 3345 605 3418 elue
630 3361 720 3402 umore
746 3352 827 3417 euplo
849 3352 924 3403 eeeet
949 3351 976 3401 et
993 3346 1108 3418 qualiter

70 3439 98 3495 ln
114 3442 174 3513 elue
192 3444 407 3514 oonoupleoentie
424 3450 574 3513 aestuaret,
596 3460 704 3517 repone,
723 3450 752 3500 ut
769 3459 856 3501 eeoum
875 3445 1019 3502 uernuliter
1036 3460 1107 3501 eom-

69 3541 241 3609 noceretur,
266 3545 406 3613 etuti-que
436 3559 494 3598 eum
515 3543 719 3617 apprehendum
741 3544 910 3616 empleutitur
928 3552 956 3601 et
973 3544 1109 3602 oueulutur

71 3640 149 3696 eled
166 3641 265 3696 crimen
282 3642 410 3699 luortutur.
447 3642 523 3706 Quod
542 3643 639 3700 loetum
656 3644 740 3700 freter
756 3642 890 3717 Eugenium
908 3642 1048 3701 eunomii
1065 3643 1108 3700 uli·

69 3755 132 3796 eene
156 3743 197 3796 eir
221 3744 293 3797 reete
317 3757 422 3798 uomen-
436 3742 594 3800 Melonelem
617 3741 718 3800 iuuere
742 3745 931 3816 oognonmrtn,
960 3744 1109 3818 nigrelloiu

70 3842 138 3898 enlm
151 3839 254 3911 repleto
264 3841 377 3912 perillo
388 3844 468 3916 nigro
480 3842 578 3898 dioerie
597 3849 624 3898 et
637 3842 752 3898 olueeure
765 3843 821 3898 ullo
834 3844 1009 3912 tenebrarum,
1025 3846 1111 3900 umloo

71 3936 194 4012 epolonii,
212 3939 265 3996 uiuu
282 3941 454 4013 pollutionis,
471 3943 613 4000 tomentum
631 3941 768 4012 libidinis,
791 3958 869 4006 eoror
886 3943 1030 4002 unuletotle
1049 3962 1111 4018 per·

71 4047 167 4112 putueo
193 4047 221 4096 et
243 4042 335 4096 monio
358 4039 414 4098 ilie
438 4044 622 4113 uemplteruue.
657 4041 707 4096 illu
730 4057 795 4100 reru
813 4058 845 4099 ue
865 4042 999 4114 uleoeplum
1018 4045 1110 4102 videno

71 4144 99 4196 et
121 4141 232 4208 umere,
258 4155 292 4196 ne
318 4140 387 4198 lorle
406 4139 496 4200 eoeluo
516 4141 681 4214 pollicerer,
706 4141 790 4198 noluit
811 4143 872 4214 ipen
889 4145 964 4215 prior
984 4142 1111 4218 detegere

71 4239 238 4312 clamoreque
268 4242 372 4313 eoepit,
401 4240 473 4314 quorl
501 4238 637 4314 Eugenluu
666 4243 751 4313 iprum
776 4237 862 4298 noluit
892 4242 1002 4300 liotore.
1037 4241 1113 4302 tuin

72 4342 155 4412 igitur
175 4340 211 4396 ed
235 4339 384 4414 Philippum
408 4337 570 4412 preelectum
593 4347 620 4398 et
645 4348 791 4413 conquestu
812 4347 853 4398 eut
878 4341 985 4398 dicens:
1005 4342 1112 4415 iuuenis

73 4437 180 4511 quidum
204 4439 320 4512 peritus
347 4440 507 4498 oirietimuuo
530 4440 564 4496 ml
589 4457 629 4498 ruo
656 4439 778 4500 medendi
809 4456 890 4500 raom
919 4447 1056 4518 ingreeuue
1084 4444 1112 4498 lu
