2828 5302
276 485 337 550 150
496 487 570 568 Gap.
593 485 723 545 xxxttt.
767 484 812 544 De
834 485 1081 564 quinquagesimo.

274 652 399 724 quattuor
415 643 482 703 elles.
516 643 550 702 itt
566 648 659 702 lterum
676 642 765 701 elertul
783 639 916 711 ridentes,
941 642 1011 715 qnod
1031 646 1098 700 sieut
1116 642 1311 717 praecedebant

277 746 399 821 pupulum
417 744 525 814 ordine,
550 747 588 800 lta
606 741 766 818 praesedere
783 740 910 800 deberent
926 745 1081 812 sanctitate,
1111 760 1159 817 per
1176 743 1244 800 dnos
1262 747 1312 802 lte·

277 863 332 902 rmn
354 844 412 903 dies
435 849 497 902 onte
521 845 582 902 illue
606 849 731 919 quattuor
753 841 887 900 abstinere
905 847 932 899 et
944 843 1068 916 jejunare
1085 846 1212 917 insipient
1229 853 1257 902 et
1275 847 1314 901 ele

279 961 331 1002 una
347 947 493 1018 septimana
509 944 601 1001 adulte
614 948 665 1014 est,
680 958 749 1018 quae
764 951 792 998 et
809 944 1027 1018 quinquagesima
1045 947 1202 1015 nominatur,
1220 955 1247 1002 et
1265 945 1314 1002 boe

278 1063 350 1120 pape
367 1045 549 1118 Telesplrurns
566 1043 714 1110 onltnartt,
733 1047 762 1099 ιι
779 1044 819 1099 sit
835 1041 999 1102 Ambrosius.
1028 1045 1089 1102 illis
1107 1049 1175 1103 ratio
1193 1054 1235 1103 est
1251 1062 1315 1118 pro·

279 1155 339 1220 pter
354 1147 588 1222 signllieatlonem,
606 1144 727 1216 quonlam
746 1145 936 1217 qninquaginta
954 1145 1085 1219 signifieat
1101 1154 1204 1219 tempus
1222 1149 1300 1204 neuls

278 1249 373 1316 elenle,
389 1245 418 1304 tt
435 1252 487 1316 est,
504 1251 606 1317 tempos
622 1245 808 1317 poenitentiae,
828 1246 856 1298 ln
873 1260 925 1315 qua
941 1246 1028 1302 osenla
1045 1249 1218 1317 remittuntur,
1239 1250 1315 1321 quin-

281 1350 451 1420 quagesimus
467 1347 535 1402 enlm
553 1359 637 1401 annus
655 1349 714 1401 erat
725 1342 877 1416 jubilaeus,
902 1347 947 1418 pul
964 1352 1023 1402 erat
1039 1363 1123 1404 annus
1141 1349 1316 1416 remissionis,

281 1450 345 1520 qnia
363 1454 423 1504 tune
441 1444 532 1502 debita
549 1443 756 1511 remittebantur,
773 1445 844 1498 seret
857 1442 1037 1503 liberabantur
1054 1455 1081 1504 ot
1098 1464 1188 1504 omnes
1205 1449 1241 1506 ut
1253 1463 1317 1504 suas

281 1549 466 1618 possessiones
481 1543 687 1602 revertebantur.
722 1542 774 1600 l’er
790 1543 860 1616 quod
879 1543 1085 1618 elgnlieabntur,
1105 1547 1175 1621 quud
1193 1563 1317 1621 perpos-

282 1649 417 1703 niteutlarn
436 1647 597 1702 dimittmttnr
620 1643 708 1700 debita
728 1649 892 1715 peecatorum
911 1650 938 1701 et
953 1644 1099 1703 liberantur
1116 1665 1206 1705 omues
1225 1664 1242 1704 a
1259 1665 1317 1705 eer-

284 1749 365 1804 ritnte
390 1746 543 1803 daemonnm
567 1753 595 1802 et
618 1749 784 1801 revertuntur
808 1743 842 1800 ad
860 1747 1053 1818 possessiouem
1072 1748 1224 1806 coelestium
1244 1764 1318 1805 man-

283 1847 393 1904 sionum.
427 1846 521 1904 'lertla
538 1847 607 1902 estio
624 1849 666 1902 est
684 1850 793 1917 prepter
809 1849 1092 1917 repraesentationem,
1110 1863 1169 1904 nam
1187 1853 1319 1922 qninqua-

283 1949 386 2020 gesinra
400 1963 452 2004 non
469 1947 554 2003 solnm
571 1952 672 2017 tempus
690 1947 866 2014 remissionis,
902 1945 949 2003 setl
967 1951 1045 2004 etiam
1064 1954 1159 2004 statum
1175 1949 1320 2006 beatitudi-

284 2048 326 2103 nis
352 2052 542 2121 repraesentat.
585 2045 651 2102 Nam
675 2047 702 2100 iu
726 2047 943 2119 quinquagesimo
963 2063 1032 2103 anne
1049 2051 1120 2104 serti
1137 2049 1322 2107 eltieiebantnr

286 2146 379 2216 libert,
404 2151 432 2203 in
451 2149 668 2220 quinquagesimo
687 2145 729 2202 dle
747 2161 763 2200 a
780 2144 823 2202 elie
841 2149 904 2221 ngni
922 2147 1047 2204 immolati
1065 2148 1109 2204 lex
1128 2150 1192 2205 elata
1208 2157 1265 2220 est,
1291 2153 1319 2207 tn

286 2250 503 2323 quinquagesimo
520 2243 594 2301 elles
612 2244 712 2318 paselun
728 2245 806 2303 latus
824 2253 865 2303 est
882 2250 991 2319 spiritns
1006 2255 1128 2317 sanetus,
1146 2255 1173 2305 et
1191 2249 1252 2307 ideo
1270 2268 1320 2306 nu-

287 2364 374 2405 merus
390 2343 576 2404 beatitudinem
593 2351 785 2418 repraesentat,
805 2346 850 2402 nbi
869 2353 926 2404 erat
943 2347 1049 2421 adeptio
1067 2348 1209 2418 libertatis,
1227 2353 1322 2424 cugni-

287 2451 325 2505 tio
352 2449 470 2506 veritatis
492 2452 519 2504 et
545 2445 672 2519 perlootio
695 2448 822 2502 ueritatis.
876 2445 941 2506 Tria
963 2454 1049 2504 autem
1074 2456 1135 2505 smtt
1159 2455 1322 2520 necessaria,

287 2564 356 2622 quae
378 2553 559 2622 presumuntur
581 2546 658 2602 nobis
675 2550 702 2602 in
719 2546 833 2619 epistola
852 2553 878 2604 et
895 2550 921 2602 ie
945 2549 1083 2624 eeartgelto
1103 2550 1136 2605 nel
1155 2549 1222 2618 hoo,
1249 2552 1319 2624 qnod

287 2664 372 2722 opera
388 2649 564 2720 poenitentiae
583 2653 643 2702 sunt
660 2647 795 2717 pertenta,
821 2649 921 2704 seilieet
938 2651 1053 2718 soritas,
1077 2666 1146 2722 qnae
1163 2641 1328 2724 proponitur

288 2753 315 2805 in
331 2747 460 2820 epistola,
479 2750 603 2803 memoria
620 2746 765 2803 dominicae
783 2749 916 2820 passienis
934 2755 961 2805 et
979 2748 1059 2820 bles,
1078 2766 1146 2822 quae
1163 2752 1323 2826 intelligitur

265 2899 269 2908 .
288 2865 337 2920 per
352 2849 565 2904 illuminationem
583 2849 664 2904 ossei.
697 2844 733 2902 Et
748 2845 814 2903 lraee
827 2855 957 2920 ponuntur
974 2851 999 2904 tn
1016 2851 1166 2925 erarrgellu,
1185 2852 1322 2910 seniles

289 2952 349 3021 ipsa
366 2963 449 3021 opera
460 2945 707 3018 luettseeeptabllia
723 2953 750 3003 et
762 2947 913 3018 placabilia,
933 2951 996 3021 qnia
1012 2952 1069 3007 sine
1089 2951 1141 3010 tide
1158 2953 1323 3023 inpossibile

288 3048 444 3121 estplaeene
453 3048 518 3115 lieo,
538 3049 664 3103 memoris
681 3046 826 3104 elomtnteee
838 3051 971 3119 passionis
981 3049 1044 3106 lacit
1054 3065 1114 3108 esse
1126 3051 1224 3109 inullis.
1248 3052 1323 3110 Untle

288 3148 448 3223 Gregorius:
467 3151 491 3204 si
508 3149 599 3222 passio
610 3146 708 3203 Giristl
724 3145 758 3202 at
776 3150 923 3204 memoriam
942 3149 1082 3219 reduntur,
1101 3151 1165 3207 nibil
1183 3158 1233 3220 est,
1252 3153 1323 3225 qnod

289 3264 340 3304 nun
359 3263 445 3321 aeque
461 3249 548 3304 animo
565 3247 700 3305 toleretur.
733 3247 838 3305 llarltae
857 3249 922 3305 laeit
940 3265 1000 3308 esse
1014 3253 1147 3319 comunes,
1166 3255 1238 3324 quia,
1255 3255 1325 3307 sieut

290 3351 353 3406 tteit
371 3347 526 3422 Gregorius,
544 3361 619 3404 emer
635 3347 684 3403 Ilei
702 3363 753 3402 rnen
772 3355 938 3420 potestesse
957 3353 1075 3421 otiosus,
1094 3359 1220 3424 speratur
1236 3358 1324 3408 eutem

289 3464 402 3523 magna,
420 3450 444 3504 si
462 3453 516 3516 est,
541 3450 565 3504 ei
583 3453 669 3503 eutem
688 3451 794 3518 operari
811 3449 940 3526 negligit,
965 3465 1038 3506 umor
1055 3468 1106 3507 neu
1123 3459 1173 3509 est.
1207 3451 1241 3510 Et
1256 3455 1326 3508 sieut

289 3552 316 3605 ln
341 3551 470 3622 prinelpio
488 3549 601 3606 ecelesia
624 3549 700 3620 qnasi
724 3546 868 3621 desperans
893 3551 1066 3609 clamaverat:
1100 3551 1325 3608 eirenrneletlernnt

290 3666 330 3708 me
348 3654 397 3708 ete.
418 3655 445 3705 et
461 3650 623 3722 postmodnm
642 3647 677 3702 ael
696 3663 726 3704 se
743 3648 848 3705 rediens
866 3650 987 3724 aljusari
1006 3651 1130 3724 petebat,
1154 3655 1192 3707 tta
1208 3651 1250 3708 bio
1266 3653 1325 3724 jam

288 3755 417 3822 euneepta
438 3749 534 3804 idueia
556 3756 583 3804 et
602 3764 651 3821 spe
674 3751 767 3804 reniae
792 3757 901 3821 propter
920 3754 1105 3822 poenitentiam
1124 3759 1185 3807 erat
1201 3760 1229 3807 et
1246 3751 1325 3808 elicit:

289 3857 348 3909 este
367 3849 430 3906 mill
448 3853 475 3904 tn
488 3849 568 3905 Deum
588 3853 760 3921 protectorem
778 3854 838 3918 ete,
857 3849 900 3905 ubi
919 3858 1042 3924 quattuor
1061 3855 1135 3925 petit,
1151 3853 1251 3908 scilieet
1261 3869 1326 3925 pru·

291 3954 444 4018 tectionem,
482 3949 684 4016 firmamentum,
720 3948 850 4022 relegitur
865 3958 893 4006 et
909 3949 1037 4008 ducatum.
1080 3951 1175 4009 Omnes
1194 3955 1261 4010 enim
1278 3953 1325 4008 lilii

289 4055 331 4108 sul
349 4057 395 4106 ιιι
412 4057 473 4106 sunt
489 4052 516 4104 ln
534 4051 624 4124 gratia
640 4055 686 4104 aut
705 4056 765 4104 sunt
783 4050 808 4105 in
825 4050 903 4123 eulpa
920 4054 1009 4108 autin
1026 4052 1146 4109 aduersis
1163 4059 1208 4108 ant
1226 4056 1251 4108 in
1262 4069 1323 4125 pro-

289 4154 387 4224 speris.
411 4149 476 4218 lllis,
495 4150 539 4222 qul
557 4155 618 4204 sunt
629 4152 762 4224 ingratia,
785 4153 851 4221 petit
865 4149 1060 4219 firmamentum,
1079 4159 1107 4208 ut
1117 4154 1218 4209 scilieet
1228 4157 1253 4208 in
1267 4155 1326 4224 ipsa

288 4255 378 4326 gratie
392 4251 590 4317 eornirmentm
609 4250 680 4320 illis,
698 4251 742 4324 pul
760 4254 820 4305 ιιιιι
837 4251 863 4305 iu
882 4252 974 4324 eulpa,
994 4255 1074 4324 petit,
1095 4259 1122 4309 nt
1140 4254 1211 4310 llere
1228 4253 1263 4308 sit
1280 4269 1326 4310 eo-

289 4369 344 4408 rum
363 4350 508 4423 retugium
526 4350 589 4418 illis,
609 4352 652 4422 pot
671 4355 732 4406 sunt
749 4351 775 4404 in
789 4349 925 4422 alnensis,
944 4355 1010 4424 petit
1030 4356 1233 4426 protectionem,
1253 4361 1283 4408 ut
1299 4355 1327 4408 in

288 4451 354 4523 ipsis
362 4447 769 4524 tribulationibusprotegentem
782 4449 845 4519 illie,
857 4451 901 4523 qui
910 4457 970 4508 sent
978 4453 1157 4526 inprosperis,
1169 4455 1234 4526 petit
1243 4453 1326 4512 duea-
