2828 5302
317 479 390 559 cip.
413 479 488 538 XVi.
531 479 576 538 De
597 488 695 537 sancto
718 476 860 556 Remigio.
1065 474 1106 542 95

66 638 235 694 eremieoisrn
253 640 399 711 rogitaret,
433 637 575 694 insomnis
599 636 678 691 elium
697 652 727 692 se
745 637 824 692 mutto
842 635 974 692 meliorent
994 651 1106 691 eremum

67 737 158 793 eoierr
175 737 309 794 edocetur.
351 735 479 802 Quidum
499 753 556 792 eum
575 751 623 806 per
639 727 722 790 siluis
740 737 898 806 inquireret,
935 733 1040 790 obvium
1059 735 1106 791 na-

69 834 127 890 bsit
142 835 392 906 hippocentaurum,
418 836 546 892 hominem
564 851 632 906 equo
650 837 772 900 mixtum,
797 835 843 905 qui
861 837 885 889 ei
902 836 969 888 riam
989 833 1107 890 deutrum

68 933 267 989 demonstravit.
321 933 486 991 Postmodum
505 934 609 989 obuium
630 932 722 988 inbuit
737 933 853 1001 enimsi,
895 933 982 990 serens
1006 934 1106 992 iruutus

69 1033 225 1104 primumn,
245 1048 325 1104 supro
340 1036 463 1106 ymagine
484 1032 594 1088 iromiuie
612 1035 772 1104 insignitum,
791 1032 911 1088 deorsum
933 1049 995 1089 vero
1009 1049 1107 1106 oeprtte

69 1133 172 1188 ior-mae
188 1130 297 1187 itabens.
341 1132 390 1197 Qui
408 1134 467 1187 dum
485 1135 570 1204 ipsum
588 1147 637 1202 per
652 1130 732 1186 Deum
751 1133 915 1203 conjuraret,
951 1139 979 1187 ut
997 1132 1047 1187 sibi
1067 1133 1104 1190 di·

68 1237 152 1297 reret,
172 1232 230 1302 quis
248 1237 329 1297 esset,
348 1232 485 1303 respondit
501 1247 531 1288 se
543 1247 607 1288 ‚esre
626 1229 758 1302 Satyrum,
775 1229 855 1286 Deum
873 1232 997 1286 siluerunt
1014 1247 1106 1289 seeun-

68 1332 130 1386 dum
149 1345 263 1387 errorem
281 1330 426 1402 gentilium.
474 1329 609 1386 Postremo
627 1329 746 1385 obvierit
764 1333 788 1385 ei
807 1329 900 1401 iupus,
936 1332 980 1402 qui
998 1347 1055 1387 euin
1073 1333 1107 1388 ed

68 1430 164 1486 eeiiunr
181 1430 264 1483 suneti
284 1427 358 1484 Pauli
376 1429 506 1500 perduxit.
547 1428 645 1485 Paulus
666 1437 753 1486 autern
773 1430 913 1484 Antonium
926 1435 1108 1500 praesentiens

68 1531 167 1583 ostium
183 1542 244 1584 seru
261 1527 366 1583 clausit.
390 1528 518 1584 Antonine
537 1543 599 1585 vero
619 1536 708 1600 roget,
726 1537 755 1586 ut
772 1529 823 1583 sibi
843 1531 956 1599 operiat,
974 1545 1107 1599 maerens,

68 1642 102 1684 se
119 1642 249 1698 nunqnam
267 1626 328 1681 inde
347 1639 525 1695 reuersurum,
561 1627 668 1683 sediti
692 1631 780 1699 potius
805 1630 965 1685 moriturum.
1018 1629 1108 1686 Victus

69 1726 168 1782 Puutus
185 1727 210 1782 ri
227 1727 346 1797 speruit,
384 1727 524 1797 statimque
541 1726 619 1782 ambo
644 1728 669 1780 in
696 1727 831 1798 ampiexus
854 1735 940 1784 ruunt.
993 1730 1109 1802 Cumque

69 1825 138 1880 horu
156 1824 262 1896 prendit
279 1823 395 1892 adesset,
413 1840 508 1881 currus
527 1825 686 1896 dupiinotum
705 1828 782 1898 ponis
801 1832 901 1898 portem
918 1828 1017 1896 uttuiit,
1037 1844 1108 1884 nunr-

69 1941 122 1997 que
143 1924 176 1980 de
193 1923 242 1981 hoe
260 1925 390 1981 Antonius
408 1927 562 1992 miraretur,
588 1925 725 1997 respondit
742 1924 855 1992 Paulus,
881 1927 951 1998 quod
968 1927 1039 1984 Deus
1057 1929 1108 1984 sibi

68 2027 141 2080 omni
159 2024 201 2080 dir
216 2024 307 2080 tutrror
323 2023 490 2078 ministrabat
507 2032 535 2080 et
557 2025 734 2096 praebendum
750 2032 861 2097 propter
877 2025 1006 2098 hospitem
1022 2028 1107 2100 dupii-

68 2129 188 2182 esreret.
221 2121 270 2179 rra
287 2123 321 2178 lis
338 2125 437 2190 oritur,
474 2125 534 2196 quis
557 2127 642 2198 iungis
666 2126 761 2199 diguus
780 2133 852 2181 esset
869 2139 961 2196 punem
980 2126 1107 2188 diuidere.
1205 2115 1206 2118 ¹

67 2225 163 2282 Deiert
178 2222 275 2278 Paulus
293 2222 392 2294 hospiti
411 2228 439 2278 et
454 2223 584 2281 Antonius
601 2227 708 2281 seniori.
744 2224 862 2281 Tunderu
881 2231 992 2296 uterque
1002 2241 1105 2284 mentun

69 2330 207 2396 apponunt
223 2329 250 2378 et
267 2326 295 2378 iu
310 2337 412 2395 seques
430 2327 520 2393 peries
540 2338 634 2394 penem
651 2323 777 2379 disidunt.
830 2322 894 2380 Cum
920 2333 1005 2381 eutem
1024 2327 1105 2382 Anto-

70 2429 129 2481 nius
148 2423 253 2480 rediens
266 2425 322 2495 jem
340 2409 424 2478 oeiiee
448 2437 513 2477 suste
538 2426 781 2495 appropinquaret,
819 2423 884 2480 vidit
905 2424 1017 2496 augelus
1032 2424 1107 2482 Psuii

71 2525 182 2580 suimem
201 2522 366 2586 deferentes,
384 2523 429 2593 qui
446 2521 573 2576 roioeiter
588 2521 692 2578 rediens
709 2525 808 2578 inuenit
827 2538 922 2594 eorpus
940 2523 1014 2579 Penii
1033 2525 1108 2580 desis

70 2623 192 2697 genubus
212 2627 238 2676 in
257 2620 358 2675 modum
375 2623 476 2675 orontis
493 2628 616 2688 erectum,
636 2624 674 2676 itu
694 2629 721 2677 ιιι
739 2625 823 2692 ipsunr
842 2626 930 2678 virere
949 2626 1109 2680 aestimaret.

71 2722 125 2779 Sed
142 2739 199 2778 oum
216 2724 300 2793 ipsum
319 2725 444 2775 nortuum
461 2719 607 2782 didicisset,
623 2723 674 2775 nit:
692 2737 707 2776 o
725 2728 818 2777 saneto
835 2725 930 2789 enims,
949 2722 1019 2795 quod
1030 2739 1109 2796 gero-

71 2821 165 2886 besin
189 2824 258 2887 ritu,
292 2823 319 2874 in
339 2825 422 2874 morte
441 2821 600 2874 monstrasti.
636 2818 699 2876 Cum
718 2826 804 2876 sutem
822 2837 873 2876 non
891 2819 1016 2887 heberet,
1041 2820 1109 2877 unde

70 2921 232 2991 sepuitorem
251 2921 360 2982 inerret,
387 2932 448 2973 enee
465 2917 517 2971 duo
534 2916 625 2974 leones
643 2919 807 2976 advenerunt
824 2926 850 2976 et
870 2919 972 2975 ioreum
993 2933 1104 2990 parere·

71 3027 131 3074 runt
148 3020 303 3092 sepultoque
321 3034 353 3077 eo
373 3018 407 3094 sd
425 3017 519 3072 siirern
537 3017 681 3076 redierunt.
734 3020 863 3074 Antonius
889 3025 974 3074 eutem
996 3021 1109 3075 tunicam

69 3118 145 3198 Pauli
165 3118 309 3190 exprimis
331 3121 480 3173 oontextsnr
504 3120 642 3184 assumsit,
680 3132 733 3189 qne
760 3116 921 3188 postmodum
942 3119 968 3172 in
985 3118 1110 3174 solemni-

70 3217 170 3272 tstiitus
188 3215 317 3273 ιιιιιιιιιιι.
354 3215 427 3272 obiit
445 3222 531 3272 utem
548 3217 619 3272 eires
635 3231 719 3271 onnus
736 3213 934 3272 cctxxxvtt.

481 3709 574 3805 tir.
615 3709 699 3805 tii.

318 3861 394 3930 De
422 3862 589 3932 semoto
615 3857 860 3948 neonisio.

135 4024 268 4100 Remigius
285 4025 381 4082 dieitur
399 4041 415 4082 e
434 4029 512 4093 renti,
531 4025 600 4097 quod
619 4032 661 4080 est
679 4039 807 4097 possent,
826 4029 854 4081 ιι
870 4039 953 4097 gros,
981 4023 1051 4095 quod
1067 4030 1109 4080 est

69 4131 151 4192 terro,
172 4127 248 4198 quusi
264 4141 376 4196 poscens
395 4131 515 4181 terrenos
533 4124 660 4180 doetrins.
695 4125 744 4181 Vei
753 4125 887 4197 Remigius
900 4123 1107 4189 dieitururemi,

69 4224 140 4296 quod
151 4230 192 4280 ost
210 4231 312 4294 pastor,
331 4231 359 4280 et
368 4240 448 4296 aun,
467 4223 537 4297 quod
549 4229 588 4281 est
600 4224 719 4291 luctatio,
739 4226 814 4295 quest
832 4228 925 4293 portur
942 4229 968 4278 ιι
985 4222 1106 4278 iuotutor.

68 4321 145 4377 Puuit
154 4323 220 4377 enin
232 4337 340 4396 gregem
352 4337 426 4377 suum
439 4323 520 4378 uerbo
532 4321 747 4394 praedicationis,
760 4319 879 4391 exemplo
887 4323 1107 4388 conuersationis,

67 4421 196 4493 suiirogio
215 4423 352 4476 orationis.
372 4419 420 4477 Est
439 4423 518 4477 etium
535 4421 632 4492 tripteu
649 4436 733 4493 genus
744 4434 883 4485 armorum,
903 4419 1003 4474 soiiioot
1015 4419 1105 4477 deien-
