2984 5302
337 435 401 500 654
544 439 617 520 Cap.
639 437 766 501 CXXiV.
786 441 854 502 'De
877 453 976 502 sancto
1000 439 1169 523 Augustino.

335 569 509 672 ejasubiqsa
527 598 724 656 diffundebatur
747 607 775 658 ct
798 605 825 658 in
845 602 966 658 cunibus
984 602 1061 660 tibris
1081 604 1138 660 suis
1160 611 1187 661 et
1205 602 1312 660 actibus
1330 603 1384 658 ad-

333 698 463 755 rairsbiiia
488 697 644 757 habebatur.
678 700 839 774 irrugiebat
863 710 950 758 auten
978 703 1013 758 nd
1040 703 1155 776 aliquan
1177 705 1313 760 civitatens
1331 719 1382 760 ac-

332 799 443 870 cedere,
469 817 538 874 quae
560 801 687 874 episcopo
715 809 834 872 careret,
859 819 893 860 ue
913 804 999 876 ipsunt
1018 805 1044 858 in
1062 803 1200 875 praedicto
1220 803 1310 860 ciirclc
1328 807 1381 859 iss·

331 904 419 977 pediri
437 903 612 974 contingeret.
647 899 747 958 Eodem
774 909 893 974 ternpore
917 903 989 975 apud
1009 899 1161 976 iipppuueus
1185 910 1244 958 erat
1268 903 1380 976 quidun

331 1007 372 1062 vir
387 1017 538 1075 uquarum
557 1016 653 1072 opuse,
673 1002 718 1072 qui
736 1000 886 1076 Augustino
902 1005 991 1072 arisit,
1016 1003 1102 1076 guod,
1123 1007 1149 1060 si
1167 1003 1202 1059 ad
1220 1019 1279 1060 ausu
1297 1019 1378 1060 acce·

331 1106 406 1162 deret
426 1110 454 1162 et
478 1100 587 1158 rerbura
610 1116 644 1157 es
669 1116 716 1157 ure
740 1116 790 1157 suo
809 1101 930 1170 audiret,
961 1103 1070 1160 saecuto
1094 1105 1245 1162 montius
1271 1112 1377 1176 posset.

329 1203 405 1270 Quod
429 1202 594 1275 Augustinus
620 1199 665 1256 ubi
688 1203 833 1273 comperit,
860 1202 925 1258 iiiuc
942 1207 1060 1261 concitus
1076 1205 1140 1275 isit,
1154 1205 1267 1262 audiens
1285 1211 1377 1260 asten

328 1305 451 1363 Valerius
470 1301 652 1374 iiypponensis
671 1304 813 1374 episcopus
831 1303 927 1358 tanaus
945 1306 1015 1376 ejus,
1038 1308 1124 1377 ipsura
1142 1304 1282 1376 piurtutusn
1300 1307 1376 1362 reai-

327 1407 424 1464 teutera
449 1407 476 1459 iu
501 1401 617 1460 ecclesia
643 1417 694 1459 sua
716 1401 892 1475 presbiterum
920 1403 1068 1474 ordinarit,
1099 1405 1233 1462 uomuiiis
1264 1405 1376 1478 quiden

327 1508 455 1578 iacrymas
480 1517 543 1561 suns
565 1503 680 1573 superbo
703 1505 939 1575 interpretantibus
956 1512 985 1563 et
1002 1513 1134 1580 tanguam
1151 1522 1210 1564 eunt
1228 1505 1375 1561 cumulan-

327 1605 398 1664 tibus
423 1603 637 1672 attinentibus,
661 1607 724 1676 quia
749 1610 776 1659 et
797 1603 873 1660 iocus
899 1605 1072 1677 presbiterii,
1104 1607 1168 1663 iicet
1192 1611 1250 1680 ipse
1275 1609 1375 1678 majori

326 1709 424 1781 dignus
449 1713 536 1770 esset,
560 1706 788 1776 appropinquaret
813 1711 902 1762 taurea
926 1707 1101 1779 episooputui
1137 1707 1186 1772 Qui
1204 1710 1294 1764 statiua
1312 1723 1373 1762 rao-

325 1808 470 1864 nasteriuur
495 1803 649 1860 clericorum
672 1806 789 1860 instituit
812 1812 839 1862 ct
863 1810 953 1878 coepit
973 1811 1063 1864 virere
1088 1807 1230 1864 secundant
1248 1807 1372 1881 reguiam
1426 1813 1429 1818 '

324 1925 343 1964 a
359 1907 459 1964 sanctis
476 1905 608 1975 spectetis
625 1907 805 1972 constitutam,
822 1904 855 1962 da
871 1907 948 1978 orius
963 1911 1125 1965 monastario
1141 1908 1197 1965 iera
1210 1907 1236 1962 Χ
1248 1911 1373 1981 episcopi

324 2015 387 2066 sunt
403 2007 489 2065 eiecti.
523 2003 558 2061 Et
574 2007 638 2077 quia
655 2003 806 2076 praedictus
826 2007 968 2077 episcopus
986 2015 1045 2064 erat
1061 2023 1175 2081 graecus
1194 2015 1222 2065 et
1237 2011 1324 2064 uinus
1342 2011 1372 2064 iu

324 2109 409 2165 iatiua
432 2107 526 2180 lingua
549 2111 576 2161 et
599 2106 696 2160 titteris
721 2104 831 2173 doctus,
854 2105 1005 2180 Augustino
1029 2115 1188 2179 potestaten
1203 2108 1315 2178 tribuit,
1341 2117 1372 2166 ut

323 2215 418 2265 contra
434 2221 532 2263 noran
550 2205 689 2261 edentulis
709 2206 840 2262 ecciesiae
859 2222 948 2263 corant
965 2223 995 2262 se
1011 2205 1039 2262 iu
1058 2209 1174 2264 ecciesie
1190 2208 1370 2280 praedicaret.

321 2308 397 2366 iiude
421 2323 478 2363 eun
503 2306 577 2362 suuiti
603 2307 724 2377 episcopi
746 2304 924 2379 derogarent,
953 2307 1000 2364 ttie
1031 2306 1065 2365 de
1093 2307 1145 2364 boc
1168 2325 1221 2365 non
1245 2309 1370 2378 curabat,

323 2407 463 2466 dummodo
481 2423 530 2478 per
548 2421 605 2462 eun
624 2405 715 2473 ieret,
739 2405 808 2478 quod
827 2423 877 2478 per
897 2424 928 2464 se
946 2407 1004 2464 iiari
1020 2423 1074 2464 uon
1092 2408 1207 2466 valebat
1241 2407 1282 2466 Eo
1299 2415 1368 2468 te·-
1397 2461 1399 2466 .

321 2525 388 2582 pore
403 2507 575 2564 Fortunatam
592 2504 768 2577 presbiterum
785 2505 969 2565 Maniciaauu
987 2514 1015 2565 et
1031 2508 1101 2565 aiios
1119 2507 1269 2566 baereticae
1287 2526 1368 2583 praa-

322 2613 400 2681 cipua
419 2606 664 2677 ¹)rabaptisatcres
676 2603 831 2662 Donatistae
845 2614 872 2663 et
883 2607 1056 2665 Manichacus
1072 2611 1194 2676 couricit,
1212 2609 1324 2668 ubstuiit
1341 2621 1369 2670 at

321 2709 479 2768 confutarit,
513 2704 609 2776 Coepit
631 2711 717 2761 autera
734 2704 858 2762 Valerius
877 2707 1035 2776 terniones,
1063 2725 1097 2766 us
1120 2709 1174 2766 sibi
1198 2712 1367 2784 Argustana

320 2809 461 2864 tolleretur
480 2809 508 2863 et
523 2803 558 2861 ab
580 2805 635 2860 aiis
656 2805 765 2862 ciuitate
777 2807 804 2861 in
816 2809 969 2880 episcopatu
982 2816 1126 2882 pateretur.
1161 2809 1225 2866 Nam
1240 2810 1294 2866 sibi
1312 2811 1366 2869 aii-

320 2906 427 2980 quandc
444 2906 550 2962 abiutus
562 2904 666 2972 ruisset,
684 2907 738 2961 nisi
749 2922 806 2962 auu
818 2907 854 2962 ad
866 2908 952 2964 iosuae
966 2917 1096 2966 sacratarn
1108 2912 1223 2966 transire
1233 2918 1366 2979 eurasm,

319 3010 359 3062 ita
375 3012 404 3062 ut
420 3006 533 3061 tnreuiri
551 3007 657 3060 uiniue
674 3008 815 3076 potuisset
850 3004 1004 3080 inpetravit
1014 3009 1098 3082 igitur
1111 3009 1147 3066 ab
1159 3007 1365 3083 antiepiscopo

319 3105 545 3178 Genbagtnienst
562 3111 592 3160 ut
608 3106 669 3177 ipse
686 3104 795 3162 cederet
812 3113 840 3163 et
850 3106 1026 3180 Augustinus
1043 3107 1211 3180 ilppponensi
1230 3108 1365 3168 ecciesiae

318 3211 345 3263 tn
364 3208 515 3276 episcopuu
532 3210 708 3275 pronoraret
743 3203 797 3260 Sed
814 3220 872 3261 uun
890 3205 942 3263 isou
959 3208 1126 3280 Augustinus
1150 3209 1299 3268 annuos
1318 3226 1364 3268 re-

318 3310 440 3370 cusarat,
469 3303 622 3375 eeupuisas
651 3310 740 3361 naseu
767 3311 796 3361 at
824 3315 931 3363 coenus
960 3307 1100 3364 succubuit
1130 3315 1158 3365 at
1190 3311 1363 3382 episcopatus

316 3419 406 3462 aaran
430 3403 556 3473 suscepit.
592 3402 669 3466 Quod
691 3405 719 3466 tn
748 3419 780 3461 se
805 3403 862 3461 fieri
888 3422 941 3462 nou
963 3406 1104 3476 debuisse,
1134 3416 1165 3465 ut
1186 3425 1235 3465 suc
1255 3410 1362 3470 strenae

317 3507 446 3577 episcopo
472 3500 655 3571 ordinaretur,
683 3510 780 3574 postea
801 3512 829 3562 ct
853 3505 921 3561 disit
943 3514 969 3562 ct
992 3510 1102 3578 scripsit
1125 3515 1235 3581 propter
1253 3511 1361 3567 concilii

316 3601 492 3661 universatem
512 3601 731 3672 prohibitionem,
750 3618 828 3676 quan
847 3607 1011 3676 postmodun
1031 3609 1169 3664 ordinatus
1192 3608 1293 3676 didicit,
1310 3626 1361 3667 nec

317 3703 389 3776 quod
410 3700 463 3758 sibi
488 3700 585 3756 tsuun
619 3717 679 3759 cass
711 3703 812 3772 doluit,
846 3705 941 3776 'taliis
966 3705 1024 3763 dari
1050 3709 1143 3766 votuit.
1176 3707 1251 3765 Unde
1278 3709 1359 3766 etiass

316 3806 425 3878 sategit,
443 3808 472 3856 ut
490 3802 516 3854 in
533 3800 655 3856 conoiiiis
673 3805 857 3875 episcoporum
875 3809 1089 3875 constitueretur,
1107 3813 1137 3863 ut
1152 3811 1240 3863 onnia
1257 3815 1361 3866 statuta

318 3911 420 3976 patruus
437 3900 593 3956 ordinandis
611 3899 741 3958 deberent
759 3901 793 3957 ab
818 3904 1016 3962 ordinatoribus
1033 3909 1156 3962 inttrnari.
1191 3905 1253 3979 ipae
1269 3916 1359 3966 autera

316 4004 351 4057 de
369 3999 518 4057 audiuisse
536 4000 702 4071 postmodun
720 4001 832 4074 iegitur:
858 4007 883 4059 in
901 4005 975 4060 uuita
991 4019 1020 4062 re
1038 4005 1103 4061 niitt
1121 4007 1253 4063 tonina·
1270 4013 1359 4065 sentio

315 4105 357 4158 sic
375 4103 485 4165 iratum,
509 4102 580 4154 sicut
596 4102 623 4155 iu
641 4098 706 4169 irco,
725 4101 811 4174 quod,
834 4119 912 4176 quun
931 4120 982 4160 non
1000 4119 1086 4162 essent
1104 4105 1216 4180 dignus,
1242 4110 1306 4180 puni
1321 4110 1359 4166 ad

315 4216 425 4267 seusun,
443 4200 534 4269 posuit
546 4215 587 4255 uta
605 4198 639 4254 ad
657 4193 801 4272 anpiuttre
815 4203 842 4258 ia
856 4206 933 4275 apice
945 4206 1082 4276 regiminis
1096 4207 1234 4262 ecciesiae.
1268 4207 1359 4264 Vesti-

316 4307 403 4356 ssenta
420 4301 479 4371 ejus
497 4305 524 4354 et
540 4299 720 4356 caicaauenta
737 4307 765 4357 et
782 4309 937 4360 eructuante
953 4303 1008 4360 aiis
1026 4319 1076 4361 neo
1092 4304 1177 4361 nitida
1190 4307 1296 4363 niutan
1308 4324 1359 4368 aes

312 4389 689 4406 m

365 4419 389 4474 1)
401 4419 442 4466 bd
456 4423 490 4465 rr.
503 4419 740 4476 rebaptizandos
753 4419 860 4478 praefert.
936 4423 960 4476 a)
972 4425 1033 4469 ilaec
1046 4421 1131 4471 emittis
1144 4421 1186 4469 Ed.
1198 4425 1232 4471 rs.
