2984 5302
118 462 192 544 Cep.
206 461 322 522 CXXV.
363 462 409 524 De
433 462 626 523 decollatione
644 462 734 524 saneti
747 461 886 522 lobannis
900 463 1050 542 baptistae.
1092 459 1153 524 act

121 623 272 681 bociestnn
284 621 351 678 titud
360 619 538 693 equibusdam
546 619 885 689 ituantnodenoninsur,
897 619 1153 690 scillcetdecciiatlo,
1187 675 1190 684 ,

116 723 252 790 collectio,
270 722 387 778 inventio
406 736 438 778 ao
459 719 618 777 dedicatio.
634 718 723 777 Primo
737 722 818 793 igitur
828 719 979 776 celebratur
990 719 1041 776 boo
1057 713 1152 779 ‘testum

114 831 225 895 propter
246 825 330 892 ipsius
354 820 573 888 decollationem,
600 831 670 891 quae
694 819 798 891 quidem
823 818 876 875 boo
898 819 976 874 modo
1002 821 1073 876 iacta
1102 827 1150 878 est.

113 921 194 989 llam,
220 931 248 976 ut
271 919 384 976 babetur
409 922 436 974 in
459 919 578 990 hystoria
603 917 781 986 scholastica,
805 918 923 975 llerodes
946 919 1059 991 Antipas
1081 919 1150 976 iliius

112 1023 201 1094 magni
219 1019 331 1076 llerodls
348 1019 454 1076 Romam
471 1018 642 1090 proficiscens
666 1022 693 1074 ot
715 1033 763 1089 per
784 1017 892 1074 tratrem
910 1033 983 1075 auum
1001 1017 1149 1091 Philippum

111 1123 249 1175 transitum
273 1118 389 1186 iaciens,
416 1135 472 1174 cum
497 1116 648 1174 ilerodiaile
667 1133 750 1173 uxore
767 1115 881 1188 Philippi
901 1126 927 1175 et
944 1117 1084 1174 secandum
1101 1119 1149 1177 lc·

112 1218 222 1290 eepboro
250 1235 344 1275 sorore
362 1217 476 1273 ilerodis
501 1219 640 1290 Agrippae
659 1223 762 1272 secreto
781 1218 905 1289 pepegit,
930 1217 999 1290 qaod
1020 1219 1046 1273 in
1065 1219 1148 1276 reditu

111 1334 160 1373 suo
177 1333 285 1375 uxorem
310 1317 465 1390 repudiaret
481 1327 509 1374 et
525 1320 609 1388 ipsam
635 1317 660 1370 in
678 1318 816 1388 conjugem
837 1315 953 1373 duceret.
988 1317 1062 1384 Quod
1082 1337 1148 1375 uuo-

112 1433 165 1472 rem
184 1431 257 1472 enan
275 1417 379 1476 seilicet
397 1417 476 1473 iliam
496 1415 614 1473 Aretbae
632 1419 706 1488 regis
722 1415 941 1471 Damascenorum
954 1419 1057 1474 minime
1071 1419 1149 1476 latuit

110 1521 137 1572 et
154 1516 215 1573 ideo
232 1533 285 1572 non
303 1523 457 1588 exspectato
476 1515 526 1573 riri
545 1515 633 1572 reditu
651 1513 687 1570 ed
705 1517 816 1586 patriam
833 1517 989 1587 quantocius
1003 1503 1148 1575 festinarit.

109 1615 225 1672 Rediens
244 1624 331 1672 autem
350 1615 469 1671 Herodes
486 1614 661 1671 ilcrcdiadcm
678 1613 802 1684 Philippo
823 1613 966 1681 ¹)abstolit
980 1622 1007 1672 ct
1022 1615 1146 1672 Aretham

109 1729 198 1787 regem
216 1721 242 1771 at
259 1713 386 1772 lierodcor
397 1715 543 1787 Agrippam
554 1721 580 1770 et
590 1713 737 1784 Philippum
749 1715 774 1766 in
787 1714 830 1768 soi
841 1715 1002 1769 inimicitiam
1020 1719 1146 1786 incitavit,

107 1813 243 1871 lobanuea
266 1819 353 1870 autom
377 1830 434 1870 ean
453 1813 486 1870 dc
506 1811 556 1868 boc
573 1811 721 1885 arguebat,
746 1813 869 1884 quonlam
891 1812 1032 1869 secundom
1049 1815 1146 1890 legam,

108 1929 185 1986 quam
202 1920 356 1985 receperat,
375 1913 467 1969 iratris
484 1915 525 1968 sni
545 1917 656 1984 uxorem
671 1914 730 1981 ipso
751 1912 854 1967 uiuente
868 1912 920 1966 sibi
932 1914 1036 1968 minimo
1047 1913 1146 1972 babere

107 2012 213 2072 licebat.
248 2013 347 2071 Videas
365 2011 499 2082 Herodes,
524 2010 595 2084 quod
612 2009 746 2067 lebannes
762 2015 815 2064 ῖοοι
836 2009 901 2066 dure
920 2027 978 2067 earn
996 2027 1076 2082 super
1094 2012 1146 2070 irco

107 2110 294 2184 redargueret,
328 2117 355 2168 ct
377 2112 439 2184 qnia
463 2109 497 2166 ub
521 2111 744 2182 praedicationem
773 2117 799 2166 et
819 2109 976 2182 baptismum
1003 2111 1144 2167 emendum

104 2209 249 2281 loscpbom
272 2226 392 2283 namnam
414 2209 540 2282 populum
565 2215 760 2282 congregaret,
782 2211 867 2282 lpsum
885 2213 911 2266 in
929 2223 1036 2266 carcere
1056 2197 1148 2267 rincu‘ss

106 2308 181 2376 ierit,
206 2312 282 2365 uxori
301 2311 407 2382 placere
426 2311 535 2381 cupiens
554 2317 581 2365 et
597 2309 689 2381 populi
712 2307 898 2380 subsequentis
921 2308 1065 2366 iohannem
1088 2307 1144 2366 dts-

104 2408 228 2480 pendium
252 2411 450 2480 pertimescens.
484 2407 573 2479 ipsum
590 2415 652 2463 anie
678 2407 798 2463 occidere
822 2408 924 2476 votuit,
947 2408 995 2466 sed
1020 2409 1143 2481 populum

103 2510 198 2564 timuit.
233 2508 423 2566 Desiderantea
440 2514 527 2563 autem
545 2506 676 2564 iiorodias
694 2505 853 2564 ot'llcrcdes
865 2511 966 2580 pariter
977 2512 1142 2566 occasionem

103 2607 221 2679 aliquam
238 2609 371 2674 invenire,
391 2613 421 2662 ut
436 2606 583 2664 iohannem
600 2605 724 2662 occidere
741 2613 866 2678 possent,
892 2607 1012 2663 ridentur
1028 2609 1097 2664 inter
1111 2624 1143 2665 aa

103 2713 208 2763 secreto
236 2707 406 2776 condixisse,
433 2713 463 2764 ut
492 2704 611 2762 lierodcs
640 2705 739 2761 natalis
770 2707 810 2760 sui
841 2705 909 2761 dien
937 2721 1024 2762 coram
1049 2710 1142 2778 primis

106 2810 133 2881 ²)
142 2804 278 2863 Galilaeae
295 2808 404 2877 suisque
421 2805 586 2877 principiano
605 2805 754 2862 celebraret
778 2810 805 2860 ct
821 2805 927 2876 puellae
945 2806 1053 2861 saltanti
1072 2807 1142 2864 littae

105 2903 278 2976 lierodiadis,
296 2903 425 2980 quidquid
446 2907 566 2976 petierit,
591 2920 625 2961 se
640 2903 693 2960 sibi
713 2904 831 2961 datorem
847 2906 998 2977 juramento
1018 2905 1141 2973 firmaret,

103 3009 130 3062 et
148 3005 208 3076 ipsa
225 3013 304 3077 caput
320 3006 451 3064 lobannis
468 3013 574 3078 petente
592 3004 657 3061 iilud
676 3005 726 3060 sibi
741 3010 851 3074 propter
859 3006 1033 3075 juramentum
1045 3005 1140 3060 lactum

101 3105 220 3162 tribuere
236 3113 387 3177 oporteret,
406 3106 453 3162 sed
472 3105 505 3162 de
519 3107 670 3177 juramento
689 3103 759 3158 iacto
778 3119 808 3159 se
826 3105 976 3158 contristari
996 3104 1141 3163 simularet.

102 3203 177 3267 Quod
196 3207 263 3261 enim
281 3204 350 3261 banc
369 3207 509 3261 tenatiam
527 3211 555 3260 et
573 3203 765 3260 simulationem
784 3201 922 3268 babuerit,
948 3202 1051 3259 ridetur
1069 3205 1141 3258 innui

101 3304 129 3358 in
152 3303 272 3375 iiystoria
298 3303 473 3372 scholastica,
498 3304 545 3360 ubi
567 3306 608 3360 sic
632 3303 740 3358 dicitur:
766 3301 895 3360 credibile
919 3309 976 3371 sat,
1000 3301 1070 3375 qood
1089 3301 1140 3358 lie-

60 3441 63 3448 ·
101 3401 182 3458 rodes
212 3419 270 3457 cum
300 3419 382 3460 uxore
406 3403 440 3459 de
466 3419 530 3460 nece
555 3401 685 3461 lobannis
709 3401 758 3458 sub
778 3395 832 3457 'tali
855 3405 994 3458 occasione
1019 3401 1138 3458 iacienda

100 3505 174 3575 prius
199 3508 301 3559 secreto
325 3504 488 3558 tractaverit.
522 3501 585 3559 item
610 3501 782 3572 iiicroupmas
806 3505 832 3557 ln
857 3501 967 3559 Glosoa:
990 3501 1051 3557 idco
1071 3501 1139 3557 iorte

96 3605 213 3675 jurant,
234 3609 263 3657 ut
280 3603 447 3657 occasionem
467 3605 596 3660 inucmret
614 3601 768 3672 occidendl;
802 3616 861 3656 uam
884 3604 907 3656 ei
927 3603 975 3657 illa
991 3603 1076 3672 patris
1094 3605 1140 3655 aut

100 3704 191 3758 nabis
219 3703 352 3757 interitum
383 3701 563 3772 postulasset,
599 3701 716 3759 llorodes
747 3717 800 3756 non
827 3703 919 3773 ntique
949 3703 1139 3756 consensisset.

100 3801 228 3858 Ordinato
246 3802 329 3874 igitar
345 3803 465 3857 concisio
484 3801 575 3874 postia
592 3802 685 3870 adest,
703 3816 790 3858 coram
803 3799 925 3862 omnibus
937 3801 1031 3866 saltat,
1049 3798 1138 3871 piacet

99 3903 218 3968 cunctis,
241 3916 271 3956 ae
288 3899 359 3967 eibi,
383 3899 511 3973 quidquid
537 3905 658 3974 petierit,
689 3901 808 3957 daturum
832 3901 907 3973 Jrrrat
929 3915 990 3968 rex,
1015 3914 1033 3954 a
1055 3906 1138 3954 moire

98 4002 263 4072 praemonita
293 4005 373 4072 caput
400 3998 530 4056 lobannis
561 4001 728 4074 expostulat,
762 4000 812 4058 aad
841 3999 991 4072 uersipoiils
1020 3997 1150 4054 liciados

97 4104 207 4172 propter
220 4099 405 4174 jusjurandum
424 4114 454 4156 ee
477 4101 658 4158 contristatam
682 4101 829 4171 simulauit,
852 4115 884 4157 eo
908 4099 995 4172 quod,
1021 4105 1050 4157 ut
1074 4099 1138 4156 dicit

96 4197 231 4267 Rabanus,
245 4199 375 4272 jurasset,
394 4197 464 4271 qued
476 4215 534 4257 eum
547 4201 636 4258 iacere
652 4209 794 4274 oporteret.
837 4200 890 4257 Sed
907 4202 1041 4257 tristitiam
1059 4217 1136 4273 praa·

111 4353 167 4461 πῖ)
181 4349 220 4397 cri.
234 4355 267 4396 i'r.
281 4350 364 4394 verber
378 4347 507 4412 abstulit
521 4373 547 4384 ·-
560 4349 602 4396 eui
616 4351 707 4398 omittit.
783 4353 806 4408 2)
822 4349 863 4400 Ed.
876 4357 909 4399 l'r.
928 4350 1065 4397 Gallicae
1078 4349 1136 4394 male

96 4429 110 4462 ο
128 4425 168 4460 erl.
