2984 5302
329 473 392 537 536
564 475 637 552 Cup.
661 471 748 532 CXX.
792 472 835 530 De
856 481 953 529 sencio
976 469 1132 530 Bernnrdo.

328 634 364 690 Et
382 633 442 690 ille:
472 647 528 688 euru
554 631 678 688 luoiiero
701 633 773 687 nulii
799 629 947 687 cecidimus.
983 626 1054 684 lluee
1082 632 1168 682 nutent
1192 627 1280 682 omnis
1303 637 1372 679 reue

329 733 437 807 lugubri
459 748 508 802 per
532 748 563 787 os
588 731 693 787 retulne
716 728 836 785 onniltns
860 727 1028 784 audientibus
1053 725 1228 797 loquebatur,
1247 722 1372 794 dixitque

330 835 356 888 el
375 833 415 886 rin
431 829 494 886 liei:
517 828 641 902 nunquid
666 831 692 883 in
717 827 788 883 illem
812 827 924 901 gloriere
943 826 1031 882 redire
1049 825 1151 882 rolleni
1185 824 1222 878 dt
1238 823 1285 879 ille
1301 824 1372 877 niro

331 929 408 985 rnodo
423 927 581 984 cachinnans
594 931 645 982 nii:
665 927 742 983 unedo
755 925 831 981 isrde
841 931 890 982 est
925 923 999 980 'lune
1012 931 1105 980 orente
1122 925 1180 978 ntro
1192 922 1240 978 liet
1256 920 1374 980 deenen

332 1029 365 1084 de
376 1025 486 1084 muliere
504 1029 577 1094 exiit,
595 1025 642 1082 sed
663 1041 719 1082 euru
739 1027 780 1080 eir
798 1023 846 1079 liei
866 1023 926 1079 inde
944 1024 1110 1091 revestisset,
1128 1023 1257 1095 dpnlrolus
1276 1026 1371 1078 iterun

331 1129 415 1198 ipssnr
436 1126 545 1188 investi,
565 1127 606 1180 ιιι
622 1130 708 1181 autern
727 1125 785 1194 ejne
800 1129 864 1194 post
881 1137 937 1178 een
955 1137 1113 1188 uoourrens,
1136 1120 1208 1195 quod
1226 1113 1374 1187 assideret,

331 1225 466 1280 indtosrit.
500 1222 548 1279 lile
577 1229 663 1279 sutern
693 1221 762 1278 eollo
790 1223 848 1292 ejus
882 1219 989 1294 siligeri
1021 1221 1166 1278 ιιιιιιιιιιιι
1193 1222 1372 1276 eontinentere

332 1325 399 1380 leue
418 1323 501 1378 uerbo
518 1324 669 1393 prueoopit:
696 1322 722 1377 ln
746 1323 848 1375 nomine
867 1318 966 1376 donnini
991 1325 1074 1376 neutri
1091 1319 1155 1377 lesu
1173 1317 1273 1376 lllnristi
1292 1334 1374 1391 prue-

331 1425 402 1494 eipio
419 1423 468 1477 tilst
497 1421 617 1487 daemon,
635 1435 667 1476 ne
687 1418 755 1476 huno
772 1418 905 1474 nutteren
922 1418 1017 1474 unedo
1033 1421 1187 1492 oontingere
1205 1432 1373 1488 preesurnse.

334 1521 410 1586 Quod
430 1536 487 1576 eune
507 1521 605 1576 notun
623 1518 734 1587 luisset,
759 1518 792 1574 ed
817 1533 874 1574 eun
892 1526 1055 1587 postennon
1074 1525 1213 1574 ostensus
1233 1517 1373 1574 eueedere.

333 1618 411 1692 dpnd
430 1620 597 1691 innitentem
615 1618 741 1690 qnnednn
760 1617 853 1673 mulier
870 1615 1029 1672 ninereblliu
1046 1624 1119 1685 erut,
1137 1619 1206 1689 quse
1223 1631 1238 1672 n
1257 1616 1374 1688 quodenr

334 1718 462 1775 deenone
484 1719 619 1790 petulante
645 1726 672 1774 et
697 1715 793 1772 ineuito
811 1714 965 1771 reueletur.
1002 1717 1056 1772 Sex
1079 1719 1146 1773 enirn
1171 1718 1247 1773 uenis
1271 1715 1374 1772 nliusns

335 1825 378 1876 eut
394 1833 428 1874 ee
445 1823 472 1873 et
489 1815 639 1872 inonedllrtli
657 1818 763 1872 rexerit
779 1813 899 1870 libidine.
934 1811 1099 1872 Adueniente
1121 1824 1207 1873 nutent
1234 1815 1297 1872 illue
1313 1818 1374 1872 niro

334 1917 383 1974 liei
408 1917 519 1973 duernnn
541 1915 657 1978 mulieri,
683 1930 717 1971 ne
739 1913 774 1970 nd
798 1929 855 1970 eurn
881 1911 1038 1981 desederet,
1063 1914 1233 1973 uehementer
1248 1917 1373 1979 missine,

336 2019 398 2089 quin
415 2016 452 2071 nil
469 2019 492 2072 el
515 2014 645 2087 prodesse
669 2020 777 2084 posset,
805 2019 831 2070 et
858 2011 997 2068 resedente
1020 2027 1053 2067 ee
1075 2017 1149 2085 ipse,
1173 2016 1219 2088 qut
1240 2013 1291 2069 luti
1312 2014 1374 2084 eius

336 2121 453 2180 aneton.
480 2113 677 2170 erudelisslnus
700 2114 774 2172 tieret
799 2118 961 2184 perseeutor.
997 2111 1034 2167 itt
1054 2113 1104 2169 ille
1121 2128 1215 2171 seoure
1235 2112 1270 2168 ed
1289 2113 1373 2168 riruru

337 2214 386 2271 liet
405 2216 520 2270 necessit
536 2219 561 2269 et
579 2228 648 2284 pune
666 2220 815 2284 peteretur,
839 2225 895 2265 eun
923 2209 1003 2266 unulto
1023 2215 1122 2284 genitu
1147 2215 1287 2268 ensnrsrli.
1323 2211 1374 2268 cni

336 2313 395 2369 ilie:
419 2312 484 2368 totle
507 2310 575 2368 hune
597 2326 680 2369 rneun
704 2311 825 2367 bueulnnr
847 2316 874 2368 et
900 2312 927 2366 iu
952 2316 998 2366 tuo
1017 2310 1115 2368 lentulo
1132 2328 1202 2382 pone
1223 2320 1251 2369 et
1265 2314 1290 2368 sl
1309 2312 1374 2384 qnid

335 2428 418 2486 ogere
436 2417 540 2483 potest,
559 2417 630 2484 eget
665 2409 741 2474 Quod
761 2411 816 2466 eun
837 2409 944 2466 ieelssot
961 2417 988 2466 et
1009 2413 1035 2465 in
1054 2411 1151 2467 leetnlu
1169 2427 1217 2467 suo
1235 2411 1374 2468 renuntie-

336 2517 393 2578 ret,
412 2509 489 2566 odest
506 2511 551 2565 lile
570 2511 707 2575 continno,
730 2508 779 2567 sed
797 2523 845 2564 nee
861 2507 895 2564 ed
912 2516 1065 2565 eonsuetnnr
1084 2525 1151 2581 opus
1169 2526 1217 2566 nee
1234 2509 1268 2566 ed
1287 2513 1374 2581 ipsunt

335 2608 423 2666 nubile
448 2609 593 2680 preesunit
614 2608 757 2676 secedere,
783 2607 830 2662 sed
848 2609 976 2664 euerrinre
992 2611 1119 2677 uniuntur,
1143 2610 1213 2682 quod
1231 2609 1277 2665 lllo
1295 2623 1375 2666 reue-

336 2707 414 2763 dente
437 2720 467 2762 se
491 2706 525 2762 de
541 2721 574 2760 eu
595 2709 722 2762 utroeiter
743 2707 894 2763 vindicabit.
931 2706 1007 2770 Quod
1027 2723 1084 2764 enin
1112 2708 1159 2764 ille
1176 2707 1311 2764 Bernerdo
1328 2724 1375 2765 re-

334 2808 451 2875 tulisset,
471 2805 517 2862 ille
528 2805 652 2877 populun
664 2810 821 2863 eonroenrit
832 2813 860 2864 et
873 2822 964 2863 onnes
976 2806 1102 2864 oendelus
1117 2811 1142 2863 tn
1156 2822 1233 2864 rnsnu
1245 2821 1375 2865 eeuenrss

335 2905 436 2963 lubere
459 2908 594 2977 prseeeptt
616 2903 822 2980 dnenouennqne
845 2910 1066 2974 senoniense,
1090 2908 1136 2978 qui
1159 2907 1267 2976 ederet,
1296 2913 1376 2963 eoetu

336 3007 569 3061 eneennnnnienrit
592 3019 625 3059 ne
647 3021 680 3060 ne
702 3004 736 3060 ed
764 3007 834 3062 tlleun
860 3007 903 3064 rel
929 3007 1007 3062 elisur
1026 3005 1151 3077 deinceps
1170 3019 1306 3070 ueueesuun
1323 3004 1375 3061 lte-

335 3103 425 3172 ieret‚
451 3103 591 3159 interdixit
611 3106 703 3176 sieque
727 3103 775 3159 ille
798 3120 815 3161 ι
841 3104 890 3160 teli
913 3104 1037 3161 illusione
1059 3107 1164 3176 penitus
1189 3105 1305 3160 litterate
1323 3111 1375 3162 est.

336 3203 398 3259 (lune
411 3204 437 3257 iu
453 3201 545 3258 eudon
560 3204 695 3272 provinein
713 3205 753 3258 rin
768 3210 876 3260 sanetus
894 3203 1029 3276 legatione
1048 3203 1217 3280 iungeretur,
1236 3210 1266 3258 ut
1282 3202 1376 3259 duee·

335 3299 494 3373 Aquitaniae
512 3301 643 3356 eeuiosine
661 3303 848 3374 reconetlinret
864 3308 891 3358 et
908 3301 956 3356 llle
972 3301 1056 3356 nodis
1074 3301 1193 3356 omnibus
1208 3301 1378 3358 renoneiliurt

335 3403 471 3466 renueret,
497 3401 537 3453 riu·
558 3398 608 3454 liei
630 3399 663 3454 nd
682 3400 767 3474 eitnre
791 3399 972 3456 eelebruturne
991 3402 1120 3470 neeesslt,
1144 3403 1203 3470 ipso
1221 3399 1288 3456 dnoo
1317 3415 1375 3456 ern-

336 3511 413 3568 quun
436 3499 658 3552 eneorunnnnionto
683 3513 750 3569 pree
774 3498 877 3554 loribus
902 3505 1083 3570 enspeotente.
1119 3498 1182 3554 cun
1210 3504 1296 3554 nutent
1321 3511 1375 3571 pes

335 3596 432 3651 donini
456 3594 539 3659 dixit,
568 3610 664 3667 οοιριιι
693 3596 848 3652 ιιοιιιιιιιιιιι
879 3611 960 3668 snper
989 3603 1110 3663 petenen
1135 3599 1210 3669 pontt
1233 3603 1261 3653 et
1284 3612 1375 3654 neuun

334 3692 406 3748 tollit
421 3699 501 3762 etque
518 3695 599 3766 ignea
616 3693 685 3752 leole
704 3701 731 3750 et
748 3694 873 3751 detunsis
892 3695 977 3750 usulis
998 3694 1071 3752 iores
1091 3695 1228 3770 egreditur
1245 3703 1272 3752 et
1284 3697 1375 3752 rerltls

334 3791 499 3847 terribilibus
518 3793 638 3846 conitere
657 3793 823 3866 aggreditur.
858 3791 1020 3867 Rognrinnr
1037 3801 1079 3860 te,
1095 3796 1189 3867 lnquit,
1206 3802 1234 3851 et
1250 3797 1375 3866 sprevisti

333 3905 392 3945 nos.
426 3885 497 3944 liene
515 3889 549 3944 nd
567 3896 594 3946 te
612 3894 744 3961 prooessit
761 3891 873 3963 uirginis
891 3889 970 3956 ilius,
988 3894 1031 3963 qut
1045 3899 1087 3949 est
1098 3887 1219 3949 dontinus
1232 3893 1374 3962 eueleeiue,

334 4001 410 4060 qnare
435 3995 464 4043 tu
487 3992 667 4061 persequeris.
701 3988 787 4044 Adest
805 3987 891 4061 judex
915 3995 993 4057 tuus,
1019 3992 1047 4045 tn
1070 3992 1146 4063 cuju
1168 3993 1272 4048 nonin
1296 4006 1375 4047 nuens

333 4099 404 4157 genn
422 4093 554 4142 curretur.
588 4085 674 4142 Adest
686 4085 769 4158 ludex
787 4093 863 4154 tnus,
882 4088 908 4142 in
924 4089 1002 4159 eules
1020 4087 1140 4145 neniltns
1158 4089 1206 4144 ille
1223 4091 1375 4146 uetustus

334 4183 466 4240 deveniet.
499 4183 630 4256 Numquid
647 4191 676 4240 et
691 4187 775 4256 ipsunt
791 4188 861 4242 siout
877 4201 970 4244 serres
989 4188 1048 4258 ejus
1066 4189 1236 4246 eontenneei
1268 4187 1374 4246 lleslste

335 4281 374 4347 ei,
401 4283 426 4334 sl
450 4281 535 4337 noles.
571 4281 717 4356 Stetlnque
738 4283 792 4338 dun
814 4290 886 4340 totus
908 4287 1015 4358 irriguit
1046 4292 1074 4342 et
1104 4287 1226 4343 inernbris
1252 4286 1374 4343 οιιιιιιι

335 4377 472 4436 dissolutis
489 4379 524 4434 ed
542 4381 624 4452 pedes
644 4383 702 4454 ejus
720 4383 842 4455 protinus
860 4375 993 4454 prosiluit,
1029 4384 1110 4450 tinen
1122 4389 1163 4442 rir
1177 4392 1283 4443 ιιιοιιι
1299 4386 1374 4442 niue
