2842 5286
281 454 351 534 Cap.
374 453 477 512 xiva
520 453 564 512 De
587 463 686 511 sancto
709 449 861 530 Gregorio.
907 455 910 460 '
1029 449 1085 511 eei

49 609 196 682 pericnlum
216 609 372 683 compulisti.
401 609 435 667 lit
452 610 675 666 statlmrevolutis
694 607 849 666 terribiliter
865 607 950 665 oculis
968 610 1089 680 cnsprira-

50 712 97 765 uit.
149 707 215 767 Erat
231 717 316 766 autent
332 712 358 764 io
374 710 440 766 urbe
458 709 562 783 quidam
581 711 684 765 nomine
700 706 839 776 Andreas,
857 711 903 780 qui
921 707 1013 763 codem
1032 723 1088 762 rno-

51 816 155 878 mento,
187 827 239 884 quo
259 811 285 866 ri
302 807 443 864 monachus
463 812 577 866 moriens
595 806 737 881 periculum
761 806 850 862 luerat·
865 808 1037 879 imprecatus,
1064 811 1091 864 in

51 915 107 964 turn
124 924 232 982 greum
244 909 358 964 morbum
375 907 482 976 decidit,
492 915 524 962 ut
534 908 708 964 defluentibus
722 907 845 963 carnibus
859 910 975 962 consumi
989 917 1089 978 posset,

52 1011 121 1064 mori
139 1017 225 1065 autem
242 1026 294 1064 oon
311 1015 411 1080 posset.
446 1008 522 1064 Turro
538 1007 672 1063 monacbis
689 1008 842 1062 monasterii
866 1011 949 1062 sancti
969 1005 1091 1082 Gregorii

51 1112 206 1164 convocatis
224 1108 361 1165 couieseus
387 1115 443 1174 est,
481 1108 551 1182 qnod
568 1123 625 1164 cum
648 1106 784 1178 praedicto
809 1105 936 1162 monacho
964 1109 1090 1180 quasdam

53 1209 211 1262 monasterii
229 1207 344 1262 caudas
371 1210 504 1278 rapuisset
523 1223 554 1263 ac
576 1207 707 1278 susceptis
732 1208 825 1278 pretiis
850 1209 983 1263 extraneis
1007 1209 1090 1264 tradi-

54 1306 158 1374 disset,
182 1323 292 1379 mosque
316 1309 339 1362 is
360 1306 519 1379 quidudum
537 1309 601 1362 mori
621 1314 808 1378 computarat,
835 1307 904 1362 iotrr
929 1307 1010 1363 verba
1026 1324 1092 1366 suae

54 1405 234 1462 confessionis
243 1409 362 1477 spiritum
371 1407 593 1463 eubalarit.--
611 1411 664 1468 18.
672 1403 711 1462 Εο
719 1414 846 1478 tempore,
867 1413 895 1460 nt
908 1408 1090 1465 tnuiusencrt

54 1503 170 1579 Bugomil
179 1504 286 1578 iegitur,
297 1505 356 1561 duro
367 1505 658 1564 adbucAmbrosiauum
674 1505 786 1562 oideium
801 1507 885 1578 magis
898 1522 975 1579 quam
988 1507 1091 1582 Grego-

55 1607 159 1661 rianum
178 1603 212 1660 ab
231 1604 350 1661 ecclesiis
368 1612 535 1672 servaretur,
558 1605 689 1661 Romanus
703 1605 822 1677 pontifex
839 1608 943 1662 nomine
961 1607 1093 1664 Adrianus

56 1704 196 1762 oorrciliuru
213 1707 374 1770 conuocauit,
392 1704 438 1760 nbi
455 1711 578 1760 statutum
598 1712 647 1771 est,
665 1712 694 1761 ut
707 1704 895 1777 Gregoriauuun
914 1707 1026 1762 elicium
1045 1708 1092 1766 do·

57 1803 135 1859 beret
153 1803 336 1859 uniuersaliter
352 1803 497 1860 obseruari.
534 1804 614 1877 Cujus
633 1808 671 1861 rei
691 1804 801 1860 Carolus
823 1807 967 1877 imperator·
984 1823 1091 1864 exsecu-

55 1911 102 1958 tor
118 1905 250 1959 exsistenu
268 1919 317 1974 por
338 1903 458 1960 diuersas
477 1905 627 1960 discurrens
645 1906 794 1976 prouincias
817 1908 892 1960 mitris
916 1912 942 1960 ot
958 1907 1094 1979 suppliciis

57 2018 152 2059 omncs
169 2001 281 2058 elericos
299 2001 334 2058 ad
357 2002 409 2060 boc
432 2007 517 2075 ipsum
534 2002 649 2076 cogebat
672 2011 698 2060 et
722 2003 806 2059 libros
823 2003 991 2061 Ambrosiaui
1015 2005 1095 2062 cilicii

57 2091 159 2173 ubique
174 2100 345 2158 comburebat
362 2104 509 2176 multosque
535 2103 645 2160 clericos
670 2103 784 2160 rebelles
802 2105 993 2161 incarcerebat.
1028 2104 1093 2161 Pro-

59 2199 180 2256 ficiscens
212 2209 297 2258 antem
316 2202 412 2259 beatus
435 2203 569 2277 Eugenius
600 2205 741 2275 opiscopus
772 2203 807 2258 ad
831 2203 968 2258 concilium
998 2206 1097 2260 inuenit

60 2303 147 2374 ipsum
164 2302 300 2357 concilium
318 2318 366 2373 per
391 2303 503 2358 mianum
519 2305 575 2376 jam
593 2301 705 2358 solutum
730 2317 830 2375 suaque
855 2302 994 2374 prudentia
1012 2303 1096 2358 domi-

59 2417 121 2457 ιιιιιιι
138 2417 234 2474 papam
254 2403 292 2482 sio
307 2400 426 2469 induxit,
457 2402 527 2475 qnod
546 2419 636 2459 omnes
653 2401 803 2475 praelator,
824 2404 867 2474 qul
884 2402 997 2458 concilio
1014 2399 1095 2460 luter-

61 2501 168 2557 iuerant
193 2507 220 2556 et
240 2501 296 2572 iam
320 2508 439 2574 perires
458 2502 560 2559 diaetas
584 2502 769 2569 decesserant,
794 2503 935 2557 reuocauit.
980 2497 1097 2557 concilio

61 2602 144 2673 igitur
159 2608 302 2656 conuocato
320 2603 431 2657 omnium
446 2609 547 2674 patrum
564 2603 631 2658 baec
647 2604 777 2657 sententia
793 2616 845 2656 una
863 2601 927 2669 luit,
947 2609 975 2657 ut
992 2603 1099 2657 missale

60 2699 261 2756 Ambrosianum
280 2706 305 2755 ct
324 2698 512 2773 Gregoriannn
532 2690 614 2774 super
630 2700 715 2757 altare
739 2700 812 2758 beati
829 2700 901 2757 Petri
916 2700 1031 2773 apostoli
1049 2718 1098 2772 po-

61 2806 188 2860 nerentur
212 2807 238 2856 et
264 2799 337 2856 iores
368 2798 497 2857 eeclesiae
528 2805 626 2874 optimc
650 2800 836 2857 clauderentur
869 2816 901 2856 ac
931 2801 1098 2872 plurimorum

62 2901 245 2972 episcoporum
261 2899 360 2973 sigiliis
370 2899 574 2973 'diligentissime
590 2903 751 2956 munirentur
762 2907 789 2956 et
805 2901 858 2972 ipsi
869 2906 927 2955 tota
945 2907 1021 2956 noete
1037 2914 1098 2960 oro.-

60 3001 129 3054 tioni
147 3000 314 3065 insisterent,
336 3007 370 3056 'ut
387 2999 506 3056 dominns
529 3017 578 3072 por
602 3003 706 3074 siguum
729 2999 836 3072 aliquod
861 2999 1005 3066 revelaret,
1031 2996 1101 3070 qnod

61 3097 155 3152 borum
174 3098 207 3154 ab
227 3099 346 3154 ecclesiis
363 3101 448 3172 magis
466 3101 567 3155 serrari
587 3099 674 3156 vellet.
709 3099 805 3172 sicque
822 3117 871 3171 per
888 3101 990 3165 omnia,
1008 3105 1037 3154 ut
1056 3114 1099 3152 or-

63 3196 232 3264 dinaverant,
251 3196 376 3255 iacientes
394 3213 470 3254 mane
484 3199 580 3270 januas
598 3199 726 3256 ecclesiae
747 3203 904 3272 aperueruut
922 3206 948 3253 et
966 3203 1102 3269 utrumque

62 3297 172 3353 missale
188 3314 269 3370 super
286 3297 370 3354 altare
386 3305 503 3368 opertum
521 3300 682 3354 inuenerunt.
717 3299 765 3355 Vel
781 3305 810 3354 ut
826 3297 873 3353 alii
890 3303 1020 3362 macconi,
1039 3297 1101 3350 mis-

62 3397 122 3453 tale
140 3395 329 3472 Gregorlauum
346 3401 450 3469 penitus
469 3396 623 3453 dissolutum
648 3407 674 3455 et
691 3399 741 3454 huc
759 3398 874 3470 illucque
893 3396 1039 3467 dispersum
1061 3398 1101 3449 irr-

63 3503 206 3564 renerum,
242 3495 442 3552 Ambrosianum
465 3504 551 3552 autem
578 3498 740 3553 solummodo
762 3505 879 3568 apertum
910 3511 990 3567 super
1018 3495 1103 3549 altare

64 3596 157 3652 eodem
175 3597 249 3663 loco,
281 3613 332 3668 qno
351 3605 503 3668 posuerant,
533 3604 702 3670 repererunt3
729 3613 780 3670 quo
805 3599 883 3670 signo
897 3593 1025 3650 ‘diuinitus
1044 3599 1105 3648 sumt

64 3695 167 3760 edocti,
194 3703 223 3750 ut
247 3694 437 3769 Gregoriauurn
462 3697 576 3753 oilicium
604 3697 714 3753 deberet
737 3711 787 3768 per
811 3702 893 3751 totum
917 3693 1037 3750 mnrrdurn
1061 3692 1103 3747 di·

64 3795 170 3867 spergl,
194 3793 395 3852 Ambrosianum
428 3805 515 3852 autern
545 3803 643 3852 mutum
676 3797 701 3850 in
731 3810 781 3850 sua
814 3793 928 3850 ecclesia
959 3792 1105 3856 obseruari,

64 3897 156 3966 sieque
175 3896 259 3950 uncti
278 3903 384 3967 patres,
411 3903 440 3951 ut
458 3896 582 3950 diuinitus
603 3894 691 3950 edocti
709 3894 827 3961 inerant,
858 3898 1004 3948 statuerunt
1024 3896 1051 3945 et
1068 3891 1107 3945 sio

63 4010 150 4066 ιιιιιιιο
166 3993 246 4050 bodie
261 3996 425 4051 observatur.
441 3984 476 4036 ὲ
491 4025 525 4036 -
559 3999 617 4054 19.
636 3993 732 4049 Narrat
749 3993 882 4049 lohannes
902 3992 1043 4064 dpaconns,
1062 3993 1107 4063 qui

65 4095 144 4149 uitam
162 4095 234 4153 beati
254 4092 375 4168 Gregorii
393 4095 558 4166 compilarit,
577 4092 662 4165 quoti,
687 4093 746 4148 dum
765 4095 841 4148 vitatu
857 4093 916 4170 ejus
930 4090 1109 4146 coruscriberet

64 4200 95 4250 et
108 4193 277 4265 complicaret,
314 4189 418 4265 quidam
437 4195 477 4248 uir
492 4193 693 4249 sacerdotaliter
717 4193 857 4266 insignitus
883 4193 907 4246 ei
926 4190 1065 4246 dorrnieuti
1083 4195 1110 4244 ot

65 4292 101 4348 ad
119 4292 261 4358 laternam,
281 4300 309 4347 nt
324 4293 377 4348 sibi
395 4292 545 4359 uidebatur,
567 4287 692 4348 scribenti
711 4291 827 4358 adstitit,
852 4291 893 4345 cni
912 4289 1027 4360 desuper
1046 4303 1107 4343 carr-

65 4390 207 4447 didisuinra
225 4397 253 4447 et
269 4391 337 4448 adeo
355 4393 510 4449 tenuissima
527 4393 610 4448 vestis
630 4397 703 4458 crat,
729 4397 758 4447 ut
782 4391 840 4463 ejus
864 4390 974 4446 raritate
998 4386 1109 4462 nigredo
