2798 5302
173 453 174 456 '
239 453 280 519 54
475 461 548 538 Cap.
571 460 644 519 Vlll.
686 461 730 520 De
752 468 850 519 sancto
872 457 1030 537 Stephano.

238 619 264 672 in
283 632 335 672 una
351 620 466 686 ciuitate,
486 618 570 692 lugito
585 621 611 674 iu
629 617 767 674 uliam-
787 649 817 660 -
840 625 873 679 4.
892 616 983 674 llclert
1000 619 1165 691 Augustinus
1181 619 1273 676 doctor

240 720 369 790 egregius
390 716 494 776 cusum
518 717 677 791 Stephanum
701 720 842 776 innumeris
860 718 993 774 miraculis
1010 718 1140 774 claruisse
1157 726 1186 775 et
1203 736 1273 776 mur·
1304 727 1310 742 '

240 823 298 872 tuos
316 833 363 872 sex
380 819 436 872 suis
452 821 552 876 meritis
570 821 709 885 excitasse,
727 817 822 873 multos
840 832 856 872 c
873 819 954 874 uariis
971 816 1144 890 languoribus
1154 834 1272 876 ιιιιιιι.

242 915 348 972 Praeter
365 916 430 973 lracc
447 926 532 974 autem
550 919 605 974 alis
621 917 703 974 relcrt
720 917 861 984 miracula,
890 917 969 990 digne
985 920 1127 974 memorias
1144 933 1273 976 commou-

241 1015 335 1072 danda.
388 1020 433 1073 llit
449 1021 532 1085 cums,
568 1017 637 1090 quod
656 1016 736 1072 liores
757 1033 837 1088 super
855 1015 940 1074 altaro
956 1016 1028 1074 beati
1046 1017 1175 1090 suspirari
1192 1035 1273 1091 poue-

243 1115 337 1172 lnautur
363 1119 473 1175 atinde
505 1118 587 1174 oblati
619 1134 700 1190 sopor
730 1119 844 1174 infirmus
874 1117 1054 1190 ponebantur,
1091 1121 1171 1191 panni
1195 1123 1272 1176 elium

243 1217 275 1274 le
292 1221 350 1291 ojus
369 1220 447 1275 altari
464 1221 542 1275 sumti
559 1227 586 1276 st
607 1234 687 1292 supcr
704 1231 800 1292 aspum
817 1221 932 1290 impositi
951 1217 1038 1274 multis
1055 1221 1214 1278 exstiterunt
1233 1223 1272 1276 iu-

244 1319 404 1376 iirmantilnus
429 1322 454 1377 iu
481 1321 623 1388 modelam,
659 1335 718 1376 num
743 1322 812 1375 sicut
833 1322 871 1376 sit
887 1322 913 1375 in
932 1318 1000 1375 lliro
1018 1317 1093 1376 xiiii
1112 1317 1146 1376 dc
1165 1323 1273 1378 uirtute

243 1417 309 1485 lici,
346 1419 426 1476 florus
449 1423 501 1492 ipsi
520 1421 552 1477 dc
570 1423 647 1477 altcrl
665 1422 773 1476 assumti
790 1419 925 1492 cujusdam
943 1419 1058 1476 mulieris
1077 1431 1174 1478 caecae
1192 1421 1274 1477 oculis

134 1559 143 1577 .
244 1519 361 1589 impositi
380 1527 441 1576 sunt
458 1528 484 1577 et
499 1521 547 1578 illa
562 1523 685 1577 continuo
702 1520 788 1577 lumen
805 1524 914 1592 recapit.
954 1519 1044 1577 Rclort
1061 1536 1166 1594 quoque
1184 1524 1210 1578 iu
1229 1537 1274 1577 so-

244 1615 403 1688 lcm'iiiro,
422 1622 506 1693 quod,
524 1637 580 1678 cuin
599 1621 704 1693 quidam
721 1623 762 1676 vir
778 1623 918 1694 primarius
935 1621 1064 1689 ciuitatis,
1081 1624 1185 1679 nomine
1201 1621 1274 1680 llar-

244 1718 332 1785 tislis,
351 1721 462 1778 infidelis
481 1731 553 1779 essct
569 1729 597 1778 et
612 1736 775 1795 nequequam
793 1724 911 1779 conveni
929 1721 1022 1788 velet,
1037 1736 1094 1776 cum
1112 1729 1200 1778 tumen
1216 1722 1274 1795 plu-

245 1821 334 1875 rimum
353 1827 515 1895 aegrotsrct,
533 1837 616 1896 gener
632 1839 694 1877 suus
712 1821 790 1879 ualde
808 1821 893 1878 idelis
909 1823 943 1879 nd
961 1820 1099 1877 occlusis!
1116 1825 1202 1878 sancti
1216 1822 1275 1880 Stc-

245 1918 323 1990 pliani
344 1925 413 1978 scnlt
429 1928 456 1978 ot
472 1923 505 1978 de
522 1925 589 1995 ipsis
606 1923 729 1988 duribus,
759 1925 803 1994 qui
822 1938 902 1993 super
921 1921 1000 1984 altari
1024 1929 1117 1989 crant,
1143 1925 1275 2002 nccipicus

245 2020 323 2074 etad
343 2028 422 2092 capnt
445 2025 486 2078 sui
508 2027 594 2080 soceri
618 2024 697 2079 lloreu
720 2025 793 2094 ipsos
817 2023 930 2078 latentur
954 2022 1050 2093 posuit.
1104 2021 1191 2094 Supcr
1210 2037 1275 2092 quot

245 2131 301 2173 cum
319 2119 364 2176 ille
383 2121 548 2191 dormiisset,
574 2123 692 2196 protimus
710 2130 773 2179 ante
789 2121 927 2178 diluculum
945 2121 1084 2188 clamarit,
1104 2128 1134 2175 ut
1151 2121 1186 2178 ad
1204 2125 1274 2194 epis-

245 2233 337 2288 copum
354 2223 507 2279 mitteretur.
542 2225 606 2281 cum
623 2230 709 2279 autsru
728 2225 869 2294 opiscopus
884 2222 1005 2288 abesset,
1023 2222 1148 2278 sacerdos
1166 2222 1200 2277 sd
1217 2237 1274 2280 cum

248 2320 317 2374 vonit
331 2326 358 2375 ct
374 2324 474 2392 ipsum,
500 2340 555 2380 eum
573 2331 601 2380 ct
616 2323 724 2379 credere
741 2322 857 2387 dicerct,
879 2321 1034 2392 iraptlssrlt.
1088 2320 1134 2376 llic
1154 2323 1277 2395 quamdiu

248 2421 328 2486 uiuit,
347 2418 397 2476 hoc
416 2422 521 2480 uerbum
537 2439 640 2495 scurpcc
658 2425 820 2478 lucratione
839 2420 942 2476 habuit:
968 2418 1071 2476 Clirislo
1088 2424 1179 2492 accipe
1197 2427 1274 2494 spiri·

246 2524 300 2573 tum
321 2536 420 2588 inemo,
454 2539 511 2580 eum
534 2530 620 2581 umen
644 2523 686 2580 lrlu
709 2522 781 2580 locuti
800 2521 928 2594 Stephani
948 2521 1038 2575 ultima
1055 2521 1138 2577 rurba
1155 2525 1275 2578 nesciret

248 2649 280 2660 -
301 2651 329 2662 -
347 2626 382 2682 ὅ.
402 2622 480 2680 siud
498 2624 617 2681 similiter
633 2627 660 2678 in
676 2623 766 2680 codem
785 2623 865 2679 relcrt
883 2620 1041 2686 miraculum,
1060 2621 1129 2693 quod
1147 2622 1275 2695 quasdam

248 2727 374 2788 rustronc,
394 2726 495 2782 conrine
511 2723 649 2792 Potionis,
665 2739 722 2779 curn
739 2723 783 2778 diu
800 2724 948 2778 iridnnltute
964 2722 1123 2794 gravissimu
1141 2727 1275 2792 torquere·

247 2826 290 2876 tur
314 2830 342 2877 at
366 2823 447 2881 oculta
471 2823 599 2880 adhibens
623 2825 739 2882 remudis
760 2824 857 2880 nullum
881 2824 991 2878 scntlrct
1013 2820 1177 2878 lilrorstiocic
1195 2826 1278 2879 resti-

247 2921 333 2992 giun,
359 2923 461 2980 tradem
483 2924 619 2997 quemdum
636 2924 764 2983 Judaeum
781 2922 926 2990 consuluit,
945 2924 989 2995 qui
1007 2922 1128 2978 annulum
1147 2922 1277 2994 quendam

247 3036 303 3076 curn
321 3022 432 3093 quodcin
449 3024 538 3096 lapide
556 3028 580 3080 ei
596 3024 704 3092 tribuit,
723 3032 751 3079 ut
770 3027 830 3096 ipso
848 3023 943 3079 annulo
962 3038 1019 3077 cum
1036 3021 1137 3077 chorda
1155 3023 1190 3078 ad
1206 3023 1278 3078 nuda

247 3125 365 3190 eorporis
382 3125 546 3195 cingeretur,
582 3131 610 3180 ut
629 3141 662 3182 cx
680 3127 776 3180 uirtute
795 3124 864 3180 illius
887 3122 1040 3178 bencicium
1058 3125 1188 3195 reciperet
1205 3123 1272 3178 suni·

247 3222 318 3276 tutin
352 3221 405 3280 Sed
424 3222 482 3278 duur
500 3224 549 3280 ltoc
566 3224 618 3280 sibi
635 3222 672 3279 ull
690 3223 778 3280 ualere
795 3228 973 3296 conspiceret,
1007 3223 1042 3279 sd
1060 3221 1197 3278 ecclcsiam
1215 3238 1276 3295 pro-

247 3322 390 3376 tomartiris
414 3326 566 3395 properauit
589 3331 617 3380 ot
640 3340 688 3397 pro
712 3324 798 3380 salute
819 3340 868 3380 sua
883 3325 1023 3380 instantius
1041 3322 1145 3378 lncatum
1164 3320 1275 3392 Stepha-

248 3434 307 3474 num
332 3425 460 3478 uocauit.
510 3421 583 3481 Tunc
600 3423 689 3480 suiico
711 3424 827 3479 insoluta
844 3423 943 3479 chorda
960 3430 987 3480 ct
1004 3421 1099 3478 illaeso
1117 3421 1213 3477 uunqu
1234 3437 1274 3476 rs-

247 3526 367 3600 mauentc
384 3522 493 3580 nuilus
511 3525 537 3578 in
554 3530 649 3581 torraru
666 3522 781 3595 prosiliit
798 3530 825 3580 ct
840 3527 962 3580 contiuuo
979 3522 1096 3595 perlecto
1113 3527 1233 3577 sanaim
1247 3537 1276 3578 se

249 3621 340 3676 sensit.
366 3651 400 3664 -
424 3653 457 3664 -
480 3622 753 3683 anticlaudiani
775 3621 1080 3679 innodemnonminus
1098 3619 1217 3676 mirabile
1234 3636 1276 3676 re-

247 3717 300 3773 lert
322 3721 478 3778 miraculum.
529 3723 606 3797 Apud
638 3739 749 3796 mirque
774 3723 929 3778 (laccuronru
957 3721 1123 3794 capadociae
1149 3720 1275 3792 quaedam

248 3817 345 3875 mobilis
362 3827 481 3877 matrona
500 3830 567 3890 ersi,
584 3823 633 3879 ulrl
652 3823 756 3895 quidem
774 3823 901 3879 destituta
917 3822 1030 3888 solatio,
1048 3821 1095 3878 scd
1115 3820 1196 3879 nobili
1221 3821 1277 3876 ral-

248 3915 303 3973 latu
320 3919 483 3978 multitudine
501 3922 622 3989 liliorum,
640 3937 699 3978 nam
717 3922 805 3978 decem
825 3921 892 3977 illos
910 3921 1033 3978 isium
1047 3921 1151 3988 dicitur,
1168 3935 1276 3992 quorum

247 4024 346 4088 septem
369 4033 454 4078 mures
479 4027 505 4078 st
527 4029 582 4077 tros
601 4021 713 4078 lemicae
732 4021 813 4078 luissc
831 4021 1006 4094 perhibentur.
1061 4019 1177 4085 Quadam
1197 4021 1279 4093 igitur

249 4120 304 4173 vice
322 4119 381 4175 dum
399 4129 481 4178 muter
496 4121 531 4177 uli
551 4125 584 4177 iis
603 4121 758 4189 offenditur,
790 4121 996 4178 maledictionem
1013 4135 1086 4177 cuam
1103 4120 1164 4174 iliis
1182 4121 1278 4192 irnpre-

247 4223 334 4284 catur,
357 4219 444 4276 subito
462 4230 547 4278 sutem
566 4221 772 4278 malodictloucnr
790 4223 880 4276 matris
898 4221 987 4276 dirius
1007 4219 1122 4276 uindicta
1137 4219 1278 4290 subsequi-

246 4323 302 4382 tur,
328 4327 354 4374 et
371 4335 459 4376 omncs
480 4336 567 4392 poena
583 4320 660 4375 simili
681 4327 707 4375 ct
726 4319 845 4376 liorrlblli
863 4320 998 4377 icciuutur.
1032 4320 1097 4376 Nuus
1114 4335 1204 4375 omucs
1224 4325 1278 4375 luc-
