2918 5302
329 414 392 478 646
454 420 528 498 Cap.
550 419 663 480 CXLV.
706 422 750 482 De
771 433 871 482 sancto
891 421 1034 483 blichaele
1059 425 1252 502 archangelo.

330 580 404 633 bone
424 577 525 635 median
543 586 570 637 et
587 579 693 637 uitiosae
710 583 738 638 ln
758 581 863 639 duobus
881 580 1034 646 ordinibus,
1057 580 1163 636 scillcet
1179 582 1338 654 principatu
1355 586 1381 638 et

332 679 438 742 virtute,
467 676 610 733 dissentire
629 678 759 736 ridentur.
802 678 947 754 Gregorius
973 681 1040 734 enirn
1065 686 1092 735 et
1114 678 1273 736 Beruurdus
1300 681 1379 736 alian

332 775 570 832 considerationem
589 775 745 845 habuerunt,
762 787 843 853 prout
861 779 963 836 scillcet
979 777 1067 834 medlo
1084 777 1231 852 gerarchia
1249 781 1380 850 accipitur

333 867 415 945 pones
432 874 638 944 praelationem,
667 877 758 932 ultima
775 894 858 948 penes
875 879 1100 934 ministrationem.
1136 876 1276 934 Praelatio
1292 887 1376 934 auten

334 977 360 1028 iu
378 975 482 1048 auugclis
500 975 597 1046 triplex
619 983 675 1032 est:
699 984 827 1048 praesunt
845 980 912 1035 euim
930 977 1019 1050 angeli
1040 978 1169 1049 angelicis
1187 977 1334 1048 spiritibus
1353 985 1378 1034 el

333 1063 360 1128 hi
384 1073 577 1130 dominationes
601 1073 736 1145 dicuutur,
759 1085 886 1148 praesunt
911 1080 990 1133 eliasu
1013 1075 1103 1148 angeli
1128 1073 1206 1131 bonis
1226 1076 1378 1134 homiuibus

334 1179 361 1229 et
385 1172 413 1228 hl
436 1174 558 1228 dicuutur
582 1176 760 1246 principatus;
790 1181 918 1246 praesunt
934 1173 1122 1243 daemonibus,
1151 1173 1232 1238 ethi
1258 1175 1380 1232 dicuutur

332 1280 490 1344 potestates.
523 1269 557 1328 Et
580 1273 646 1329 ordo
672 1281 699 1330 et
719 1273 821 1348 gradus
845 1273 984 1346 dignitatis
1009 1276 1036 1328 in
1060 1273 1102 1329 biu
1128 1280 1210 1345 putet.
1253 1273 1378 1332 Ministe-

284 1411 285 1414 ,
334 1372 400 1428 rium
427 1378 514 1427 auteur
537 1372 635 1443 triplex
659 1381 715 1440 eut;
749 1372 894 1447 quoddam,
926 1373 996 1445 quod
1029 1374 1153 1429 conuelli
1175 1375 1202 1427 in
1226 1373 1377 1444 operando,

332 1470 465 1543 quoddam
483 1472 510 1526 ln
528 1470 647 1528 docendo
664 1479 710 1528 aut
728 1473 831 1544 majora
848 1477 895 1529 aul
912 1474 1022 1528 minora.
1057 1472 1169 1529 l’rirnurn
1185 1480 1227 1528 est
1241 1467 1378 1540 uirtutum,

332 1569 733 1644 secunduuurchangolornn,
769 1573 872 1628 tertium
905 1571 1068 1644 angelorum.
1112 1569 1210 1634 Quinta
1239 1574 1377 1642 apparitio

334 1675 390 1734 cst,
410 1666 443 1723 sla
461 1683 515 1740 qua
532 1669 633 1741 legitur
651 1672 677 1724 ln
696 1669 814 1741 hystoria
832 1672 976 1742 tripartita.
1011 1669 1075 1726 Nam
1089 1673 1167 1742 juxta
1185 1668 1378 1726 Constantino·

333 1767 413 1838 polluo
434 1775 476 1822 est
493 1767 567 1823 locus
587 1767 710 1841 quidum,
733 1769 780 1824 ubi
803 1769 865 1825 olim
883 1769 940 1826 llea
958 1768 1039 1826 Vesta
1056 1769 1211 1836 colebatur,
1239 1769 1289 1824 sed
1308 1785 1378 1826 nunc

334 1865 449 1922 ecclesia
466 1870 492 1921 in
510 1867 611 1923 lronuro
629 1869 713 1924 sancti
731 1867 871 1924 Michaelis
890 1867 1021 1923 fabricata
1044 1877 1101 1935 est,
1126 1869 1173 1939 qui
1196 1869 1276 1925 etiam
1301 1867 1377 1924 locus

332 1963 513 2022 llichselluuu¹
529 1973 701 2037 nuncapatur.
737 1966 800 2022 cunr
830 1969 912 2040 igliur
939 1963 1071 2038 quendaru
1096 1968 1200 2022 nomine
1221 1967 1376 2038 Aquilinum

333 2063 563 2121 vehementissima
601 2065 684 2122 lebrls
721 2065 811 2120 rubeis
845 2063 982 2120 coloribus
1017 2073 1088 2120 mota
1119 2064 1377 2136 conprehendisset,

334 2167 467 2220 aestuanti
484 2165 604 2236 poculum
623 2163 717 2218 uredici
735 2163 880 2232 dederunt,
904 2163 974 2235 quod
994 2167 1125 2233 euomuit,
1146 2165 1215 2222 adeo
1242 2172 1274 2221 ut
1298 2173 1376 2237 post-

332 2261 451 2330 modum,
478 2261 607 2334 quidquid
636 2253 787 2318 comederet
810 2262 854 2319 sel
878 2262 995 2330 biberet,
1019 2271 1161 2320 evomeret.
1197 2263 1263 2319 cun
1287 2272 1375 2320 auten

330 2363 386 2433 janu
405 2365 483 2418 rnorti
504 2363 603 2420 vicinus
622 2368 710 2428 esset,
733 2361 767 2416 ud
787 2362 872 2418 locun
895 2359 964 2419 huno
981 2377 1011 2417 ue
1030 2361 1187 2430 destinuit,
1210 2361 1325 2420 credens
1344 2380 1376 2422 so

333 2461 397 2516 illuc
420 2469 466 2518 aut
487 2467 554 2518 ruori
575 2467 626 2518 aaut
649 2460 778 2532 languore
796 2463 903 2531 privari.
941 2459 988 2516 cut
1005 2461 1122 2518 hilcbael
1140 2477 1274 2534 apparens
1296 2462 1376 2532 diuis,

333 2565 362 2614 ut
379 2559 569 2618 coniectionem
587 2561 639 2616 sliri
662 2573 695 2614 es
718 2559 795 2615 melle
819 2567 847 2616 et
870 2563 930 2615 rino
955 2567 983 2616 et
999 2563 1091 2633 pipere
1110 2560 1213 2618 laceret
1228 2569 1256 2616 et
1274 2566 1374 2628 oruuia,

334 2672 403 2731 quae
422 2659 586 2727 comederet,
611 2660 648 2714 lbi
668 2661 825 2730 intingeret,
849 2666 877 2714 ct
893 2660 934 2713 oio
951 2658 1053 2730 plenam
1073 2661 1211 2717 sanitatem
1230 2663 1373 2732 reciperet.

333 2757 484 2820 Quodnam
504 2758 627 2826 lenisset,
646 2758 725 2829 plere
743 2755 872 2812 liberatus
893 2763 948 2824 est,
975 2771 1032 2812 curn
1052 2764 1140 2813 tanuen
1156 2759 1299 2814 secuudum
1317 2775 1374 2816 ure·

334 2855 437 2912 dieioae
463 2860 591 2914 rationem
615 2859 774 2912 contrarium
793 2871 854 2912 esse
874 2855 1009 2923 rideatur,
1028 2855 1117 2914 calida
1136 2855 1232 2928 pocula
1247 2857 1373 2915 colericis

333 2953 468 3012 exhihere.
504 2955 574 3012 llaec
600 2957 627 3010 in
656 2955 776 3025 hystoria
800 2958 942 3025 tripartita.
978 2955 1100 3011 Secundo
1126 2955 1223 3012 dicitur
1248 2959 1372 3014 uictoria.

330 3052 472 3123 hlultlples
490 3062 576 3112 antero
595 3054 707 3110 victoria
724 3055 808 3124 ipsius
827 3053 980 3128 archangeli
997 3051 1141 3111 Michaelis
1164 3063 1192 3111 et
1214 3057 1373 3132 angeloru-

330 3153 469 3208 inrenitur.
504 3153 592 3210 Prima
608 3161 664 3220 est,
683 3167 760 3224 quarn
778 3151 956 3226 archangelus
972 3151 1089 3209 hlichaei
1107 3154 1249 3224 praedictis
1267 3155 1373 3226 Sppou·

331 3253 401 3306 tanis
426 3251 478 3307 boo
500 3254 578 3309 ruodo
602 3255 744 3324 praestitit.
780 3249 846 3306 Post
868 3250 979 3323 aliquod
1002 3255 1070 3308 errius
1088 3259 1190 3324 ternpus
1208 3253 1242 3309 ab
1261 3255 1378 3311 lureuto·

330 3352 390 3407 loco
407 3350 565 3422 Neapolitae
582 3352 669 3407 adhuc
686 3351 800 3424 gentiles
819 3358 913 3406 contra
931 3351 1099 3422 Sppourauou
1117 3360 1145 3408 et
1156 3350 1372 3422 beneventanos,

330 3453 377 3524 qui
400 3453 592 3525 quinquaginta
616 3451 775 3506 milliaribus
799 3449 950 3520 usyponto
978 3448 1088 3518 treuna
1105 3451 1230 3508 ordinato
1250 3456 1372 3509 merdis

330 3549 433 3606 bellare
447 3558 599 3621 coeperunt.
627 3549 678 3613 unt
690 3547 724 3605 de
736 3551 855 3620 episcopi
865 3548 978 3604 consilio
991 3549 1080 3604 triduo
1095 3551 1214 3606 inducias
1226 3553 1370 3622 petierant,v

232 3684 236 3692 ·
329 3655 359 3706 ut
372 3651 477 3723 jejunio
499 3650 623 3706 triduano
643 3656 768 3706 uacarent
787 3653 815 3704 et
837 3653 977 3719 putrouunr
1000 3663 1076 3704 suun
1094 3648 1250 3708 blichaelern
1275 3653 1302 3706 in
1327 3655 1370 3710 sut

329 3749 455 3805 uxilium
472 3750 652 3821 implorarent.
689 3748 782 3804 Tertia
799 3753 886 3804 auteur
903 3753 981 3804 nocte
997 3745 1114 3804 hliobael
1137 3751 1265 3820 episcopo
1282 3765 1375 3822 appa-v

328 3855 384 3912 ret.
408 3863 502 3920 preces
521 3848 586 3904 dicit
603 3844 752 3915 exauditas,
771 3848 906 3902 ιιιιιιίιιι
925 3849 1053 3918 promittit
1070 3848 1209 3904 aucturam
1232 3857 1259 3906 et
1273 3857 1370 3922 quartu

329 3947 385 4004 illel
402 3950 469 4004 hora
482 3947 561 4020 jubet
577 3945 700 4004 hostibus
718 3945 916 4002 occurrendum.
952 3944 1052 4010 Quibus
1076 3949 1276 4004 occurrentibus
1293 3965 1368 4006 noas

330 4045 469 4121 Garganus
492 4051 618 4102 inmenso
637 4052 750 4101 tremore
770 4044 934 4112 concutitur,
959 4046 1066 4118 fulgura
1084 4062 1189 4118 qnoque
1205 4049 1301 4104 erebra
1319 4063 1368 4104 ru·

328 4148 384 4202 lant
406 4155 434 4202 et
456 4148 544 4219 caligo
568 4143 712 4202 tenebrosa
736 4151 818 4199 totum
845 4146 942 4200 montis
972 4161 1093 4202 ιιιιιιιιι
1119 4145 1244 4214 obduruit,
1271 4149 1309 4202 lta
1338 4155 1369 4204 ut

328 4244 372 4302 lic
397 4247 446 4302 riri
469 4246 502 4302 de
525 4245 688 4304 aduersarius
713 4251 765 4300 tuns
793 4259 826 4298 eu
844 4243 915 4300 lerro
939 4244 1067 4312 hostium,
1099 4259 1175 4318 quatu
1201 4261 1234 4302 ex
1260 4248 1368 4320 sagittis

330 4346 406 4417 gnels
434 4347 580 4402 interirent.
617 4343 722 4415 Reliqui
749 4359 811 4399 uero
839 4347 935 4402 uirtute
952 4343 1108 4418 archangeli
1126 4325 1259 4416 comperte
1275 4345 1367 4416 pdole-
