2828 5302
253 449 327 528 Cap.
350 446 534 509 CLXXXVI.
580 445 625 508 De
647 453 745 506 sancto
768 441 913 502 Conrado.
1037 435 1098 498 868

364 791 460 890 tlt.
486 789 679 888 otttttt.
703 788 818 888 (185.)

213 947 302 1020 Dc
355 945 588 1018 scnoto
643 938 947 1015 conrado.

139 1109 354 1156 senctnsconrndns
367 1109 397 1153 ds
408 1108 525 1154 nobilibus
537 1107 670 1167 potestibus
683 1105 845 1153 indlemnnnin
857 1105 944 1158 renitor
955 1110 977 1148 et
991 1101 1098 1148 ednodus

64 1187 106 1226 est.
132 1180 186 1233 llic,
198 1179 250 1233 quin
263 1171 300 1224 vir
312 1180 396 1224 mnltne
409 1175 533 1221 honestatis
547 1183 570 1220 et
584 1178 693 1220 bonornnr
707 1188 794 1218 morum
806 1172 863 1227 tuit,
882 1173 1005 1218 sdroostns
1023 1187 1035 1215 e
1054 1176 1098 1216 do·

64 1249 141 1299 thiodo
162 1247 270 1291 occlesise
288 1244 495 1300 llconstsntiensis
515 1245 623 1301 episcopo
641 1243 684 1288 toti
703 1241 844 1299 episcopstni
863 1241 954 1284 enditor
971 1239 1100 1297 proelioitur

64 1330 188 1362 ceussnms.
215 1316 354 1359 Ssrccedente
368 1321 442 1358 sutem
455 1320 557 1369 tempore
571 1311 595 1356 in
607 1311 762 1368 praepositum
775 1309 866 1366 rnsjoris
878 1309 988 1354 ecclesiae
1001 1308 1099 1360 eligitur.

63 1386 175 1436 ltotlringo
188 1390 262 1426 sutem
276 1383 384 1438 episcopo
397 1382 458 1425 virm
471 1381 591 1425 nniversse
604 1379 676 1422 cernis
695 1378 795 1430 ingresso
813 1384 908 1421 rocstnr
927 1386 1017 1422 :anctos
1029 1375 1099 1421 Udnl·

64 1452 124 1496 ricns
137 1449 246 1496 ecclesiae
259 1448 406 1502 Aopnstensis
420 1447 541 1506 episcopus
555 1454 577 1492 et
589 1448 619 1491 sb
633 1447 683 1502 ipso
697 1459 778 1502 corpns
791 1444 892 1488 defuncti
910 1445 1014 1502 episcopi
1032 1459 1099 1502 sepe·

63 1519 130 1572 litnr,
148 1521 187 1573 qni
206 1518 266 1562 clero
286 1525 310 1562 et
327 1517 414 1574 popolo
432 1516 562 1560 triduanum
580 1515 662 1560 indixit
680 1513 799 1569 jejunium,
820 1521 847 1556 nt
865 1513 992 1566 benignitas
1004 1513 1045 1558 Dei
1064 1512 1098 1557 illi

64 1586 173 1632 ecelesias
186 1586 250 1630 deret
263 1585 389 1642 placentem
403 1583 448 1628 sibi
461 1583 592 1630 antistitem.
618 1587 706 1628 Strtnto
720 1581 787 1634 irtrnr
800 1581 850 1634 die,
864 1595 909 1635 qno
922 1582 951 1626 sd
965 1581 1098 1625 electionem

62 1655 102 1698 vel
121 1654 197 1712 potins
216 1667 357 1698 communem
373 1652 543 1709 inspirstionem
560 1652 590 1694 de
609 1652 718 1706 episcopo
736 1649 903 1706 providendum
926 1647 982 1702 snit,
1008 1656 1099 1694 sanctos
1157 1677 1161 1684 -

63 1722 182 1768 Udolricns
195 1721 303 1766 describit
317 1721 391 1778 ipsum
405 1721 559 1777 praepositum
574 1721 663 1762 tessun
677 1718 803 1762 conrardum
815 1717 883 1762 tnlesn
897 1730 957 1771 esse,
970 1717 1029 1762 sicot
1041 1729 1098 1773 spo·

63 1791 136 1835 stolus
159 1789 190 1832 sd
208 1787 352 1832 Timotbemn
374 1795 395 1830 et
420 1786 506 1830 Titum:
531 1793 620 1842 oportet
644 1787 776 1842 episcopum
799 1799 850 1830 esse
871 1784 1098 1840 irreprebensibilem,

63 1859 130 1902 unios
142 1855 219 1900 uxoris
232 1855 316 1908 cinon,
330 1854 441 1908 sobmon,
455 1863 565 1908 ornatum,
578 1856 723 1912 pnsdentem‚
735 1853 851 1912 pudicum,
863 1852 1006 1909 hospitalem,
1019 1853 1099 1898 docto-

63 1940 124 1977 rem,
142 1937 189 1968 non
205 1923 359 1975 vinolentum,
377 1936 423 1966 non
440 1937 607 1978 permissorem,
624 1923 665 1968 sed
683 1923 822 1975 modestum,
840 1934 885 1966 non
903 1920 1036 1974 litigiosum,
1052 1934 1099 1964 non

64 1993 184 2048 cupidum,
196 2004 250 2036 sose
263 1989 341 2034 domni
359 1991 418 2036 bene
437 1991 603 2048 prsepositnm‚
625 1991 686 2036 lilios
704 1992 825 2036 hebentesn
843 1989 948 2036 subditos
967 2003 1017 2034 com
1037 1989 1099 2032 omni

64 2063 176 2107 csstitste.
201 2057 226 2103 si
239 2058 289 2114 ipsis
302 2059 364 2102 domi
376 2071 430 2102 sose
443 2072 548 2114 proeesse
560 2059 639 2112 nescit,
655 2059 769 2113 quomodo
783 2057 892 2103 ecclesius
904 2059 946 2102 nei
959 2057 1098 2110 diligentiam

64 2128 172 2173 lmbcbitt
195 2131 245 2172 tton
262 2126 409 2184 neophytum,
428 2139 473 2170 non
492 2127 516 2172 in
534 2127 663 2184 superbiam
683 2126 780 2180 elotum,
799 2142 828 2172 ne
844 2128 867 2172 in
884 2126 992 2182 p'rsdicinsn
1008 2125 1100 2170 decidet

65 2195 165 2252 dyaboli.
190 2198 284 2250 oportet
299 2202 373 2238 entem
387 2201 409 2237 et
422 2195 576 2239 testimoninm
590 2196 673 2239 bsbrrc
691 2195 775 2238 bonnm
793 2197 822 2239 nb
841 2195 889 2249 bis,
909 2193 948 2250 qni
966 2193 1021 2237 loris
1038 2198 1099 2244 sunt,

64 2272 91 2309 nt
109 2261 133 2308 in
150 2263 299 2320 opprobrium
319 2275 364 2306 non
383 2261 468 2306 inoidnt
481 2271 504 2308 et
517 2263 539 2306 in
553 2263 658 2317 laqueum
672 2262 770 2317 dysboli.
797 2270 853 2308 item
866 2265 895 2307 sd
909 2263 1053 2308 Timotheum
1066 2261 1100 2306 sio

64 2333 109 2376 sits
121 2337 212 2388 oportet
225 2329 285 2374 enirn
298 2330 430 2386 episcopum
449 2331 498 2376 sine
515 2331 607 2376 crimine
626 2345 688 2385 esse,
708 2331 766 2376 sicut
784 2329 826 2375 Dei
845 2331 1035 2388 dispensatorem,
1054 2344 1099 2374 non

65 2399 200 2458 superbum,
213 2412 257 2441 non
270 2397 415 2454 irsonndrun,
427 2414 473 2444 non
485 2399 638 2450 vinolentum,
655 2411 701 2442 non
714 2413 881 2454 percussorem,
899 2413 945 2458 non
958 2399 1030 2456 turpis
1043 2400 1099 2444 lucri

65 2467 185 2524 cupidum,
204 2465 245 2510 sed
262 2465 411 2521 hospitatem,
424 2469 557 2521 brunnum,
574 2467 722 2524 prodentem,
742 2466 854 2521 sobrium,
872 2469 968 2523 jnstnsn,
990 2474 1099 2520 mammo,

64 2537 229 2587 continentem,
249 2534 421 2590 amplectentem
435 2551 499 2590 eom,
518 2534 556 2591 qni
574 2535 696 2580 secssndnrn
710 2534 834 2580 doctrinsm
848 2543 894 2588 est,
910 2535 1002 2579 fidelem
1014 2547 1099 2579 senno·

64 2618 129 2656 nem,
154 2609 179 2646 nt
203 2609 284 2658 potens
304 2603 333 2648 sit
352 2603 507 2650 exhortatione
525 2605 549 2648 in
567 2603 669 2648 doctrine
688 2617 742 2648 term
766 2610 858 2656 eleos,
880 2604 918 2658 spii
937 2602 1099 2656 contradicunt,
1160 2599 1162 2602 ’

65 2685 164 2724 uerrere.
190 2670 229 2716 ttis
248 2671 353 2716 omnibns
372 2686 448 2718 ocrem
466 2671 609 2716 multitudine
628 2686 641 2715 n
660 2679 738 2716 sencto
756 2671 861 2716 Udslrico
885 2673 914 2716 de
930 2672 982 2727 ipsc
1000 2671 1100 2716 recitatis

65 2752 144 2783 omnes
163 2738 248 2782 ibidem
267 2747 435 2788 consenserunt.
460 2741 524 2784 Unde
542 2739 628 2784 ibidem
643 2740 742 2794 rspitor,
758 2741 853 2784 trslritnr
871 2748 894 2784 et
912 2739 1015 2794 quemvis
1028 2739 1100 2796 pluri·

65 2821 126 2850 rnnm
139 2806 238 2850 renitens
251 2807 373 2863 episcopos
385 2807 516 2853 instituitur.
543 2813 569 2853 In
582 2807 706 2852 cntbedrsli
718 2821 770 2860 erpo
782 2805 1001 2854 inlnls'sublitnstns
1009 2815 1099 2854 sanctus

65 2873 180 2918 conrados
193 2875 341 2930 principalem
354 2882 445 2920 snnotse
459 2875 499 2920 ort
512 2874 625 2927 {enitricis
639 2875 758 2920 ecolesimo
775 2876 857 2921 ditnrit
873 2875 974 2931 reliqniis
994 2874 1099 2931 pretiosis

65 2949 88 2986 et
101 2950 181 2986 ornatu
193 2943 298 2992 onesimo.
324 2943 419 3000 lnsttper
434 2949 480 2988 tros
499 2943 756 2998 commutamnus,
773 2961 841 2990 onnm
860 2945 884 2990 in
901 2943 994 2989 civitate
1012 2945 1099 2997 Μου-

65 3010 193 3064 mutiensi,
207 3011 263 3056 dnns
277 3019 347 3058 extre.
371 3017 398 3056 ln
412 3025 505 3064 querum
518 3026 573 3064 nnn,
590 3011 698 3056 videlicet
715 3012 738 3057 in
756 3013 828 3071 prime
841 3011 936 3059 ecclesis
949 3011 1021 3058 scncti
1035 3017 1099 3058 idon·

63 3078 111 3122 ritii
125 3077 267 3136 sepolcbrnm
281 3079 368 3124 domini
380 3079 450 3124 nostri
464 3083 517 3123 Jesn
531 3079 612 3125 cbristi
624 3078 764 3126 simillimum
775 3081 823 3135 illi,
835 3081 896 3136 quod
909 3086 945 3126 est
957 3079 979 3124 in
993 3081 1100 3128 nicrum-

63 3147 120 3200 lem,
145 3161 195 3191 corn
214 3148 284 3192 mults
303 3147 418 3200 diligentis
437 3147 536 3193 construi
560 3149 696 3206 procuravit.
728 3148 773 3194 obi
797 3150 865 3194 etism
889 3154 933 3194 Xll
955 3151 1097 3205 prsebendss

64 3213 151 3258 clericis
164 3213 251 3260 ibidem
265 3217 352 3261 cbristo
369 3215 532 3263 somniantibus
549 3219 572 3262 in
591 3226 726 3276 perpetnnsn
743 3217 853 3270 institnit,
871 3217 935 3263 suxit
952 3216 1099 3266 nibilominus

64 3283 222 3328 canonicorom
238 3300 354 3330 numerum
371 3285 463 3340 majoris
482 3287 590 3333 ecclesise
615 3302 665 3332 cnm
684 3286 770 3331 allodio
788 3286 873 3344 proprii
892 3284 1029 3343 pntrimonii.
1055 3292 1099 3333 Gn·

63 3349 129 3407 piens
147 3351 214 3394 etiem
231 3352 292 3398 idem
308 3353 345 3396 vir
363 3361 453 3400 sanctos
470 3370 520 3400 cnm
539 3355 644 3413 sportolo
663 3368 744 3412 corpus
763 3370 828 3401 snum
846 3355 968 3400 eltiosciter
981 3356 1097 3412 castigare,

63 3417 136 3462 tribon
148 3418 239 3464 sioibns
252 3421 400 3466 trsnslretsns
420 3435 501 3467 rersns
518 3422 634 3468 oiritstern
652 3431 752 3468 senctsrn
771 3423 910 3469 ltierosslern
926 3423 994 3476 sctit,
1011 3423 1035 3468 in
1053 3440 1098 3480 qne

63 3485 139 3532 locnrn
151 3489 265 3544 passionis
279 3490 359 3536 christi
372 3496 396 3534 et
409 3491 538 3550 sepnltnrse
551 3498 574 3534 et
587 3491 755 3538 resurrectionis
769 3491 873 3536 similiter
885 3499 907 3536 et
922 3491 1060 3537 ascensionis
1073 3493 1098 3538 in

64 3554 187 3599 devotione
212 3556 309 3602 tnuinm
326 3558 436 3602 visitavit.
466 3558 613 3604 Postmodum
635 3560 696 3616 spud
720 3567 817 3603 castrum
840 3559 925 3603 Lsnlen
947 3575 998 3604 cnm
1018 3569 1097 3607 ssnoto

63 3623 169 3670 Udslrico
182 3625 305 3679 exsistens,
324 3640 374 3670 cnm
386 3626 483 3672 vidisset
496 3627 519 3672 in
532 3629 582 3685 ipss
595 3629 685 3673 turbine
697 3642 769 3682 sqnse
782 3627 889 3684 procellis
900 3627 953 3672 bins
971 3628 1025 3673 inde
1042 3642 1097 3686 spn-

62 3693 178 3738 rnentibns
191 3707 246 3738 eres
263 3693 403 3740 introeuntes
421 3695 492 3749 mersi
505 3703 529 3740 et
540 3705 662 3751 exeuntes,
678 3695 792 3744 intellesit
810 3695 847 3739 vir
864 3703 954 3742 sanctus
972 3696 997 3742 in
1014 3697 1097 3754 spiritn

63 3761 120 3805 rlnss
133 3761 219 3804 enimes
233 3757 282 3806 lore
295 3763 337 3806 snb
351 3763 427 3820 specie
439 3763 529 3810 illenim
543 3767 632 3820 enimn,
650 3780 708 3821 qnae
725 3763 811 3809 ibidem
830 3764 861 3808 ob
878 3763 988 3810 scelernm
1004 3779 1097 3811 snorosn

63 3829 184 3884 sliqssndo
209 3828 379 3876 commissorum
402 3831 569 3879 multitudinem
587 3849 651 3880 sunm
670 3832 822 3890 pnrnstoriom
842 3832 985 3879 sustinerent.
1015 3839 1096 3888 ltsqne

63 3898 130 3942 smbo
147 3897 274 3944 visceribus
289 3898 457 3945 misericordiae
475 3902 544 3958 moti,
560 3902 677 3950 udelricus
695 3902 792 3958 primns
813 3901 905 3945 missam
921 3913 963 3958 pro
982 3901 1096 3948 defunctis

62 3965 177 4010 celebrere
189 3979 235 4009 non
247 3965 348 4021 distulit,
365 3969 479 4016 conrndns
496 3978 570 4016 entem
582 3971 633 4028 ipss
647 3970 684 4016 die
698 3969 820 4014 secundnm
833 3968 924 4014 missnsn
937 3969 1041 4015 similiter
1052 3984 1095 4028 pro

62 4032 177 4080 deiunctis
189 4032 303 4090 complere
316 4049 361 4080 son
374 4037 494 4096 pinritntns
506 4047 549 4088 est,
574 4045 602 4084 Et
621 4037 695 4084 sicin
713 4051 790 4082 eornm
808 4035 931 4082 devotione
950 4045 973 4082 et
989 4039 1096 4084 sollemni

62 4101 139 4152 sltssis
153 4101 269 4146 oblatione
281 4101 371 4150 illerum
383 4105 460 4150 evitem
474 4107 561 4163 species
574 4106 672 4164 nrnplins
681 4119 728 4150 ncn
738 4106 851 4154 viderunt.
877 4106 998 4151 orbtnrdc
1007 4106 1095 4164 optimo

61 4169 211 4223 sdolesoenti,
224 4169 262 4226 qni
276 4185 330 4216 csso
342 4185 410 4228 snper
422 4174 575 4232 episcopnlesn
589 4175 667 4222 sedern
680 4174 825 4227 consederet,
845 4174 966 4230 propbetas
980 4175 1094 4220 conrados

61 4238 148 4284 dicensi
162 4245 304 4295 prsemstnre
317 4239 395 4284 sedern
406 4256 491 4297 rocem,
504 4242 636 4296 Geblmrde‚
649 4243 772 4300 occnpssti,
785 4242 840 4288 mibi
856 4243 968 4297 snmedet,
981 4243 1020 4298 spsi
1031 4243 1095 4300 prior

76 4421 81 4434 ⁸
110 4372 735 4433 indmconstantinopolitanorumlesit.
797 4376 1094 4432 tndrnzconstss·

60 4421 330 4479 tsnopolltsnornm
344 4423 405 4478 legit.
