2918 5302
340 473 401 540 liiii
469 479 542 557 Cup.
570 476 725 536 cxxxvi.
775 478 818 536 De
841 476 945 534 concils
968 473 1074 534 Proilro
1097 486 1125 536 et
1145 476 1286 535 locincto.

338 655 379 696 mc
405 642 507 694 irruens
531 637 694 709 impudenter
717 653 757 693 mc
786 636 868 692 voluit
895 635 1007 702 violare,
1033 640 1060 690 el
1082 635 1134 688 nisi
1158 637 1235 692 onius
1253 635 1377 698 ancillae,

337 751 405 814 quse
428 740 496 792 intra
518 737 664 793 cubiculum
691 742 764 803 crat,
789 736 897 792 luisecm
920 734 1049 790 liberatos
1073 734 1219 808 eringio,
1244 749 1314 791 suns
1337 750 1377 790 no

336 825 437 896 libidini
457 838 599 894 sociasset.
632 837 750 892 Audiens
769 838 850 908 igitur
868 833 1018 908 praefectus
1037 837 1076 890 ira
1088 835 1241 890 accenditur
1254 840 1280 890 ct
1295 838 1377 889 missu

335 943 515 1013 apparitorum
534 937 699 994 multitudine
718 935 862 1008 Eugenium
878 941 1052 1007 caeterosque
1070 950 1163 991 servos
1183 933 1284 992 Christi
1305 935 1375 990 terro

336 1043 439 1095 uinctos
457 1037 551 1094 adduci
570 1038 635 1094 lecit
653 1037 774 1107 diemque
791 1039 898 1103 statuit,
923 1037 949 1090 in
972 1049 1024 1107 quo
1048 1035 1227 1090 omnestrudi
1246 1033 1376 1089 deberent

336 1141 467 1196 morsibus
493 1139 645 1196 bestiarum.
678 1137 823 1192 accersitis
849 1139 928 1193 etiem
952 1137 985 1190 iis
1010 1150 1098 1191 coram
1123 1150 1153 1191 so
1170 1133 1239 1190 dixit
1261 1132 1298 1190 ad
1322 1131 1372 1189 Eu-

334 1243 454 1314 genien:
483 1237 526 1293 dic
546 1238 640 1304 nobis,
668 1237 891 1304 sceleratissime,
921 1250 955 1291 sn
983 1219 1035 1292 boo
1064 1251 1112 1291 ros
1137 1233 1260 1292 Christus
1287 1242 1375 1290 vester

335 1339 438 1405 docuit,
464 1344 492 1393 ut
516 1351 623 1408 operum
647 1337 860 1407 corruptionibus
879 1334 948 1392 detis
967 1345 993 1391 ct
1011 1342 1144 1391 matronas
1162 1334 1310 1408 impudenti
1328 1350 1372 1389 ro-

334 1442 410 1494 sanis
434 1437 548 1492 violetis.
584 1437 632 1492 Cui
657 1435 778 1510 lingente
797 1435 913 1490 demissa
936 1437 1021 1502 lucie,
1046 1452 1081 1492 ne
1097 1441 1307 1508 agnosceretur,
1332 1452 1373 1490 rr-

333 1539 455 1608 spondit:
475 1537 594 1592 dominus
613 1543 705 1592 noster
717 1539 864 1591 castitatem
875 1535 964 1590 docuit
975 1543 1002 1590 ct
1012 1538 1190 1608 integritatem
1201 1535 1374 1592 servantibus

333 1642 466 1694 aeternam
491 1639 571 1692 elion
595 1637 724 1709 promisit.
760 1635 831 1691 lianc
859 1644 945 1691 sutem
967 1617 1123 1692 blelaneianr
1152 1635 1248 1690 lolsam
1276 1641 1372 1690 testem

333 1745 480 1804 monstrare
498 1753 652 1810 possumus,
671 1735 718 1793 sod
737 1735 830 1792 mulius
849 1742 906 1804 esi,
923 1743 953 1791 ut
971 1752 1021 1791 nos
1039 1739 1184 1808 potiamur,
1203 1749 1281 1808 quau
1300 1733 1372 1807 quod

333 1838 388 1900 illu.
407 1855 464 1894 curu
483 1840 604 1894 conuictu
620 1838 708 1904 luerit,
730 1839 854 1909 puniatur
871 1845 898 1892 et
916 1835 1017 1892 tructus
1033 1837 1179 1908 patientiae
1195 1842 1305 1892 nostrae
1324 1835 1370 1891 de-

332 1944 434 2010 pereat.
471 1937 651 1994 Veruntamen
669 1937 784 1993 addocet
801 1937 939 2002 ancillam,
965 1951 1041 2008 quam
1067 1937 1131 1992 dicit
1153 1939 1237 1992 nostri
1260 1935 1371 1991 sceleris

332 2055 394 2095 esse
412 2044 524 2105 testem,
548 2044 577 2092 ut
599 2055 632 2093 ex
651 2054 698 2093 ore
716 2040 773 2110 ejus
792 2039 895 2109 possint
911 2038 1023 2094 mlutarl
1042 2037 1186 2094 mendacis
1221 2037 1297 2100 Quos
1314 2051 1371 2091 curn

307 2199 309 2202 ,
332 2140 448 2196 odduota
464 2145 554 2206 esset,
581 2137 628 2193 iila
645 2152 663 2193 s
679 2137 784 2192 domina
803 2152 852 2193 sua
869 2135 948 2194 docta
967 2144 1120 2194 constanter
1139 2137 1191 2194 sibi
1208 2136 1370 2208 apparebat,

332 2239 401 2309 quod
428 2239 557 2294 dominam
580 2251 653 2294 suam
671 2239 820 2308 opprimere
841 2238 937 2307 voluit,
962 2253 1071 2311 cumque
1097 2252 1187 2293 omncs
1209 2236 1243 2293 do
1269 2236 1371 2292 tentiis

331 2339 454 2396 similiter
470 2338 607 2410 depravati
628 2340 668 2404 sic
685 2353 745 2392 esso
762 2341 932 2406 tester-entur,
950 2341 988 2394 ull
999 2337 1132 2412 Eugenia:
1151 2344 1254 2408 tempus
1266 2338 1370 2394 lucendi

331 2443 437 2496 translit
460 2446 488 2496 ct
508 2446 610 2511 tempus
633 2436 757 2509 loquendi
783 2437 905 2506 advenit3
931 2439 1010 2506 uolo,
1033 2444 1062 2493 ut
1080 2437 1212 2510 impudica
1230 2441 1258 2494 in
1276 2453 1370 2495 sorios

331 2541 429 2596 llbrlstl
449 2542 545 2594 crimen
563 2541 680 2609 imponat
699 2553 746 2592 ncc
765 2537 871 2593 fallacia
889 2538 1034 2612 glorietur3
1052 2544 1081 2594 ut
1099 2545 1186 2594 sulem
1205 2539 1369 2596 mendacium

331 2643 429 2696 neritus
452 2643 559 2710 superet
586 2645 612 2694 et
628 2639 769 2709 sapientia
794 2639 918 2694 malitiam
941 2641 1043 2706 vincat,
1062 2641 1198 2696 veritatem
1220 2640 1369 2714 ostendam,

330 2757 382 2796 non
400 2746 510 2812 propter
523 2740 694 2811 jactantium,
719 2737 767 2793 sed
790 2745 900 2810 propter
917 2739 965 2794 liei
983 2739 1108 2812 gloriam.
1141 2737 1174 2796 Et
1194 2737 1260 2796 baec
1278 2740 1369 2798 dicens

330 2841 442 2896 ionicam
467 2835 485 2894 o
508 2839 595 2908 capite
619 2853 703 2909 nsque
723 2837 846 2893 deorsum
864 2839 922 2894 sire
938 2854 1022 2911 usqne
1039 2838 1074 2894 sd
1093 2839 1223 2912 cingulum
1245 2841 1327 2897 scidit
1344 2849 1371 2898 et

330 2942 427 2997 temtos
445 2937 570 3010 apparuit
588 2937 707 3010 dixitque
724 2938 876 3009 praelecto:
901 2946 928 2993 to
946 2937 1008 2993 mibi
1027 2946 1118 3010 pater,
1142 2938 1255 2996 Claudia
1275 2948 1369 3010 nster,

330 3041 427 3111 tratres
444 3039 473 3094 bi
492 3037 557 3104 duo,
576 3039 621 3108 qul
638 3045 721 3093 tecum
740 3037 850 3106 sedent,
874 3039 967 3095 tritus
985 3046 1012 3096 et
1031 3039 1158 3112 Sergius,
1176 3055 1229 3112 ego
1246 3039 1370 3114 lingonis

330 3139 385 3196 iiia
415 3147 477 3208 tun,
506 3137 534 3194 bi
556 3138 609 3193 duo
635 3137 748 3193 Protinus
773 3145 800 3194 et
821 3137 963 3196 iacinctus.
999 3139 1075 3204 Quod
1101 3147 1178 3211 peter
1206 3138 1318 3196 audiens
1343 3149 1370 3198 rt

330 3240 409 3296 bliaut
438 3255 601 3314 cognoscere
625 3240 754 3311 incipiens
778 3240 805 3293 in
830 3239 968 3310 amplexus
989 3257 1046 3296 oum
1069 3245 1151 3296 moire
1177 3241 1254 3296 irrult
1278 3248 1305 3298 el
1329 3231 1369 3297 la·

330 3355 431 3414 crpmum
451 3340 546 3396 multas
564 3337 670 3407 etiudit,
695 3337 816 3411 lingerio
839 3348 925 3396 eutem
951 3341 1069 3396 restibus
1094 3343 1183 3396 aureis
1207 3341 1326 3398 induitur
1341 3351 1369 3400 et

329 3443 356 3496 in
374 3440 486 3496 sublime
503 3439 619 3513 tollitur,
644 3441 716 3512 ignis
738 3446 825 3495 antem
850 3439 883 3496 de
907 3438 983 3496 coelo
1001 3441 1073 3496 renit
1090 3447 1118 3498 ct
1133 3439 1291 3498 Melunclum
1310 3459 1368 3500 cun

329 3543 385 3597 suis
405 3541 556 3596 consumsit.
593 3540 690 3610 Slcquo
709 3539 830 3614 Eugenie
847 3547 961 3613 patroni,
982 3547 1089 3598 matroni
1109 3547 1136 3596 et
1154 3540 1251 3598 tratres
1269 3535 1368 3599 tolum-

329 3657 380 3714 qne
407 3638 531 3694 lomiltnm
556 3638 590 3694 ad
616 3637 692 3694 tidem
718 3638 816 3696 Christi
841 3643 985 3708 convertit,
1013 3644 1050 3696 lta
1075 3640 1145 3713 qnod
1163 3647 1242 3713 pstor
1259 3651 1369 3716 propter

328 3743 379 3798 troc
396 3755 413 3796 s
430 3738 600 3812 preelectum
616 3738 754 3811 depositus
771 3754 789 3794 a
806 3741 958 3797 christianis
980 3743 1121 3813 episcopus
1142 3741 1280 3798 ordinatur
1297 3752 1325 3800 ot
1341 3747 1369 3800 lu

329 3843 450 3898 oratione
474 3840 620 3911 persistens
644 3836 678 3892 ub
705 3837 853 3896 infidelibus
877 3841 1020 3906 occiditur,
1052 3841 1165 3898 Claudia
1197 3850 1282 3898 autern
1311 3859 1368 3899 cun

330 3941 392 3996 iliis
418 3943 474 3996 sois
501 3945 528 3995 et
552 3937 674 4011 Eugenia
700 3937 805 3994 lionam
832 3943 974 3996 reuertitur
1003 3949 1030 3998 et
1053 3942 1091 3996 lbi
1116 3942 1189 3998 multi
1214 3942 1248 3997 ub
1273 3945 1309 3999 iio
1333 3944 1368 4000 sd

330 4041 461 4098 cinisium
484 4044 546 4094 sont
568 4039 701 4098 convcrri.
735 4037 855 4112 Eugenia
880 4049 964 4097 autem
985 4043 1064 4113 jussu
1091 4045 1260 4113 imperatoris
1282 4045 1369 4116 ligatu

330 4139 425 4214 grandi
444 4155 509 4194 saxo
528 4141 554 4194 lu
572 4137 695 4209 Tyberim
713 4141 917 4210 praceipitatur,
942 4139 990 4197 sed
1016 4149 1093 4212 rupto
1105 4157 1171 4197 saxo
1185 4158 1266 4214 super
1283 4143 1368 4199 undas

331 4240 466 4294 incolumis
483 4236 664 4312 gradiebatur.
700 4235 775 4294 Tunc
792 4241 818 4294 in
842 4239 974 4296 tornacen
993 4241 1128 4297 ardentem
1146 4243 1295 4313 projicitur,
1320 4242 1368 4299 sed

330 4341 461 4396 exstincta
483 4339 591 4395 lornaoe
614 4339 755 4413 relrlgerlo
780 4341 911 4396 utebatur.
946 4339 1101 4398 Recludltur
1125 4339 1222 4397 deindo
1245 4345 1271 4397 ln
1293 4348 1369 4400 tene-

330 4440 435 4494 brosum
466 4453 612 4508 carcerem,
650 4440 698 4496 scd
729 4440 815 4496 lunen
847 4440 1087 4512 splendidissimum
1119 4439 1241 4498 rediebat
1272 4441 1369 4508 uiden,
