2842 5286
267 425 338 508 Cap.
360 426 448 487 Lvii.
489 427 534 488 De
562 437 661 487 sancto
684 425 843 486 Aunbrosio.
1015 421 1071 485 251

38 577 164 656 cognito,
182 589 212 638 ut
230 597 277 640 eoo
295 598 313 638 a
329 599 360 640 ce
375 581 522 641 terroribus
541 593 705 653 removeret,
725 581 864 640 ecciesianr'
882 585 974 638 exiens
994 581 1075 637 trihu-

38 682 84 737 nai
102 684 259 739 conscendit
278 689 305 740 ct
321 691 412 740 contra
430 683 645 740 consuetudinem
663 700 736 740 auaro
751 690 879 740 tormenta
893 685 1014 753 personis
1027 681 1077 737 ad-

39 779 132 838 hiberi
146 783 237 852 juaeit
273 783 348 847 Quod
364 800 420 840 eura
440 782 553 850 taceret,
578 784 692 856 popolus
709 782 877 838 nihilominus
901 781 1078 838 acclamabat:

39 891 179 954 peccatura
191 892 262 940 tran
276 900 420 954 supernos.
440 882 514 938 Tunc
528 881 574 937 iiic
585 883 704 939 turbatus
715 883 817 939 dourunr
827 881 906 938 rediit
919 889 945 936 et
957 881 1080 953 philoso-

40 981 133 1053 phiarn
153 983 271 1062 profiteri
290 986 379 1039 notuit.
416 982 491 1048 Quod
510 989 588 1038 utne
607 967 721 1048 iaceret,
750 989 887 1039 revocatus
907 990 955 1037 eat.
990 981 1080 1036 Publi-

42 1095 90 1136 aaa
109 1083 234 1140 mulieres
253 1083 359 1156 publice
376 1081 410 1137 ad
433 1098 465 1137 ee
479 1081 585 1155 ingredi
603 1082 675 1150 iecit,
702 1090 731 1138 ut
749 1082 790 1136 his
808 1084 873 1137 aiaia
893 1083 926 1136 ab
947 1083 1006 1153 ejua
1023 1081 1080 1136 eie·

40 1183 132 1234 ctione
149 1183 273 1253 populana
290 1191 443 1248 reuocaret,
468 1182 517 1238 aed
536 1197 592 1238 cum
610 1197 660 1238 nee
679 1183 718 1237 aie
736 1181 891 1253 proiceret,
911 1182 958 1235 scd
978 1195 1082 1250 semper

41 1279 168 1350 populoru
188 1291 321 1352 peratum
341 1291 411 1338 tuorn
428 1298 509 1352 cuper
526 1298 575 1337 nou
593 1280 740 1338 acclamare
757 1281 869 1344 uideret,
890 1280 977 1356 ingara
995 1281 1081 1336 rnedia

41 1389 122 1435 rrortc
140 1384 271 1451 concepit,
291 1397 400 1454 eumque
417 1381 538 1438 Ticinum
557 1396 587 1436 se
604 1397 717 1452 pergere
737 1386 856 1450 nrrtarct,
872 1395 947 1436 narro
965 1378 999 1434 ad
1017 1395 1080 1450 por-

42 1485 94 1532 taur
112 1480 231 1534 ciuitatis
248 1479 474 1548 Mediolaneucia,
500 1497 568 1553 quae
586 1479 703 1536 Romana
720 1479 832 1546 dicitur,
857 1481 996 1536 invenitur.
1032 1477 1081 1542 Qui

43 1580 166 1633 inueniat
192 1593 248 1633 cun
270 1581 448 1634 custodiretur
463 1594 480 1634 a
496 1581 610 1651 populo,
639 1581 720 1636 uniasa
743 1580 838 1634 relatio
858 1583 899 1635 eat
917 1578 951 1634 ad
967 1581 1081 1635 cienen-

44 1678 173 1732 tisainrunr
199 1679 382 1750 innenuren
407 1679 633 1748 Valerrtioiaoura,
659 1683 703 1753 qui
730 1695 828 1734 aurona
853 1679 953 1750 gaudio
971 1681 1082 1748 accepit,

43 1776 116 1849 quod
132 1778 239 1850 iudices
258 1795 275 1832 a
293 1794 323 1833 ce
341 1779 433 1834 directi
457 1780 491 1836 ad
518 1779 693 1835 sacerdotium
717 1789 877 1852 peterentur.
918 1779 1084 1834 Laetabitur

44 1880 113 1931 eninr
131 1877 231 1949 probae
252 1877 419 1950 praefectur,
443 1879 514 1950 qnod
533 1879 638 1934 verbum
656 1895 729 1935 anun
755 1880 841 1935 tuerat
859 1880 885 1934 in
904 1893 935 1933 co
953 1876 1080 1948 adimpie-

44 1983 115 2040 turn;
135 1977 239 2032 dixerat
258 1979 335 2045 eninr,
354 1994 410 2034 eaor
429 1977 607 2050 proficiscenti
631 1979 753 2035 mandata
773 1977 899 2033 donaret:
920 1977 1002 2044 vade,
1019 1991 1081 2048 age,

44 2093 97 2130 noa
110 2083 138 2130 ut
149 2076 244 2148 judex,
265 2077 313 2132 aed
328 2083 357 2131 ut
371 2081 520 2150 epiecopus.
556 2079 691 2138 Prudente
708 2078 837 2136 relatione
856 2079 950 2133 iterun
966 2075 1081 2131 abscen-

45 2175 133 2242 ditor,
160 2175 207 2230 aed
228 2177 349 2233 inventae
368 2195 423 2232 curo
443 2177 529 2234 adhue
548 2187 620 2236 essct
637 2177 857 2245 catechumenos,
881 2177 1033 2248 baptizator
1057 2181 1083 2229 ei

45 2271 103 2330 i'iii
126 2273 170 2328 dir
196 2277 223 2328 in
248 2279 426 2350 episcopatem
451 2278 601 2334 cathedram
626 2257 790 2334 dubitaretur.
825 2275 887 2332 Cura
917 2282 1002 2332 aaran
1022 2283 1085 2347 pout

45 2389 130 2430 annot
147 2373 180 2430 iv
201 2373 304 2431 Romaiu
329 2378 422 2432 iviaaet
447 2383 474 2434 et
498 2394 576 2434 soror
594 2392 658 2444 aua,
677 2392 753 2434 sacra
771 2377 864 2450 uirgo,
890 2379 948 2448 ejua
965 2374 1083 2430 dextram

45 2475 227 2544 oscularetur,
259 2475 311 2530 eibi
336 2477 425 2531 ridens
454 2478 506 2532 ait:
532 2493 611 2541 ecee,
641 2486 670 2532 ut
696 2475 814 2532 diceban
839 2475 903 2542 tibi,
934 2474 1082 2529 sacerdotis

46 2590 148 2630 narona
166 2575 307 2630 oscularis.
326 2605 360 2616 -
378 2607 410 2616 -
445 2581 476 2635 ι.
496 2576 560 2631 Guar
579 2586 665 2633 antero
683 2576 708 2630 ia
727 2575 856 2648 quandam
877 2576 1009 2630 civitaten
1035 2591 1083 2644 pro

45 2675 159 2748 quodam
179 2677 305 2746 episeopo
331 2676 476 2732 ordinando
496 2678 588 2731 ivisset
613 2683 640 2732 et
665 2679 723 2748 ejoe
749 2677 872 2731 electioni
906 2672 1011 2731 Juetina
1036 2675 1083 2730 irn-

46 2777 164 2844 peratrix
183 2783 210 2832 et
229 2775 276 2830 aiii
294 2774 421 2830 haeretici
443 2775 671 2841 contradicerent,
690 2777 808 2832 veleniter
826 2782 855 2830 ut
871 2775 968 2846 aliquis
985 2776 1019 2830 de
1035 2790 1085 2830 aua

45 2883 121 2930 ceeia
139 2873 320 2942 ordinaretur,
338 2890 390 2929 una
405 2875 439 2931 de
457 2875 611 2932 Arianoruro
635 2876 780 2946 uirginibus
800 2875 977 2945 impudentior
994 2880 1081 2929 caetr-

48 2975 85 3027 ria
105 2973 220 3028 inbunai
240 2974 394 3030 conscendit
414 2982 439 3029 ct
463 2974 568 3030 beatum
588 2973 753 3029 Arabrosion
772 2989 820 3044 per
836 2973 1017 3029 reatineninnr
1036 2990 1084 3046 ap-

46 3071 187 3144 prehendit
203 3071 297 3127 volone
316 3075 401 3142 ipsura
419 3073 452 3128 ad
473 3083 573 3145 partera
591 3073 727 3128 mulierum
741 3072 861 3140 trahere,
878 3079 908 3127 ut
919 3073 952 3126 air
972 3073 1005 3126 iis
1021 3088 1083 3130 eae·

46 3185 92 3227 cuo
111 3170 145 3226 de
163 3171 277 3227 ccclesia
293 3188 349 3227 cun
377 3173 474 3244 injuria
497 3173 649 3244 reiteretur.
689 3173 737 3227 Cui
761 3173 918 3252 ambrosiae
942 3173 994 3228 ait:
1032 3174 1083 3228 etsi

48 3287 99 3345 ega
119 3271 245 3343 indigena
262 3277 335 3326 tanto
354 3271 522 3338 racematio,
540 3271 590 3328 tibi
608 3277 693 3326 aaran
710 3287 762 3326 non
780 3273 902 3325 convenit
919 3271 945 3325 in
966 3275 1082 3345 qudem-

44 3386 148 3441 euaqna
166 3369 331 3425 eacariorea
351 3385 441 3425 nanus
467 3372 592 3444 iniicere,
621 3370 691 3426 ande
715 3371 806 3424 tinere
825 3368 938 3426 debuisti
954 3371 1082 3444 judicium

45 3469 111 3534 Dei,
146 3483 181 3525 ne
205 3468 254 3523 tibi
286 3467 386 3542 atiqoid
411 3471 554 3543 contingat.
591 3470 666 3536 Quod
685 3469 781 3524 dicturu
806 3470 891 3524 cultus
912 3471 1082 3528 confirmarit

45 3565 110 3623 aaa
131 3567 175 3622 dio
193 3567 247 3623 alio
264 3575 391 3628 monuero
415 3568 449 3624 ad
469 3568 635 3640 aclauichrura
662 3585 744 3638 nuque
769 3567 878 3625 dedunt
903 3575 1016 3644 gratian
1034 3589 1081 3644 pro

46 3669 206 3724 contuentia
230 3665 387 3739 rependere.
423 3667 498 3732 Quod
528 3665 624 3722 iactura
649 3683 738 3723 omues
763 3669 913 3740 nenerruit.
949 3669 1012 3726 Post
1030 3672 1083 3726 iroc

44 3765 225 3824 Mediolanum
242 3781 366 3822 rercreuo
391 3769 540 3824 hnunrcraa
559 3767 670 3824 insidiae
685 3768 819 3824 cJoetioa
835 3771 1001 3839 inperatrice
1019 3787 1080 3843 per·

45 3867 121 3933 tulit,
148 3865 298 3922 nuncriiaue
328 3873 354 3921 ot
382 3864 527 3923 honoratur
551 3865 680 3922 adrerauc
705 3884 761 3924 euru
788 3872 912 3942 poputum
939 3872 1079 3927 excitante.

46 3963 110 4019 Canu
137 3979 203 4038 ergo
221 3965 294 4019 multi
317 3982 375 4022 eurr
397 3967 424 4021 in
448 3965 569 4023 crailinc
594 3967 695 4038 pellere
712 3969 872 4035 niterentur,
907 3983 973 4023 unua
991 3983 1079 4024 corun

45 4066 162 4121 caeteris
180 4065 311 4121 infelicior
319 4068 346 4120 in
360 4071 459 4120 tantun
473 4065 587 4120 iurarem
601 4068 731 4122 excitatur
744 4074 793 4133 eet,
807 4073 835 4120 ut
848 4067 927 4137 juria
941 4068 1081 4132 ecclesian

45 4163 148 4218 donun
168 4164 220 4217 eibi
239 4164 340 4221 locaret
358 4181 389 4218 uc
407 4165 433 4219 ia
452 4180 484 4221 ea
501 4165 656 4238 quadrigam
673 4169 790 4234 paratam
809 4164 927 4230 haberat,
948 4181 999 4236 quo
1018 4181 1079 4236 pro·

46 4263 278 4317 conaretoauaa
297 4263 402 4318 iaeiiiuu
423 4269 523 4332 raptura
543 4263 578 4318 ud
605 4263 725 4319 exsilium
753 4261 916 4333 deportaret.
958 4263 1012 4318 Sed
1032 4263 1079 4322 Dci

41 4358 146 4431 judicio
165 4362 224 4430 ipae
243 4360 302 4426 dir,
322 4377 372 4430 ouo
394 4378 450 4417 eun
470 4377 562 4432 carrera
583 4361 770 4426 arbitrabatur,
793 4363 817 4416 in
837 4363 928 4420 audent
949 4363 1082 4436 quadriga
