2828 5302
307 465 380 543 Cup.
404 462 533 522 cxcix.
575 461 621 520 De
649 472 746 521 rareto
767 461 899 523 Erasmo.
1060 462 1119 526 891

83 619 256 666 elariatianorurr
269 628 375 678 operatur
388 623 411 666 in
424 622 473 670 illo.
499 627 525 666 rt
545 636 597 668 ecce
613 622 690 666 cubito
708 630 742 668 ert
760 622 834 670 lectur
847 631 921 669 terrae
932 629 1007 670 tuctur
1020 639 1120 679 marnur,

82 689 189 743 tonitrua,
201 691 377 743 coruscationes,
391 690 422 734 ita
435 697 460 735 ιιι
473 704 545 746 paene
558 688 624 734 tertia
637 705 691 747 pare
703 690 784 747 populi
796 699 927 736 nroreretnr.
953 692 1051 745 Anrelur
1064 707 1120 738 rerc

83 757 171 802 domini
190 773 241 802 cum
259 765 339 802 aancto
357 762 449 802 trenno
468 759 544 802 rtabnt
562 765 586 801 et
606 771 686 802 caecor
704 758 807 803 bominee
820 759 851 814 ad
864 759 945 804 chricti
959 758 1034 804 lumen
1047 759 1120 805 dedu-

82 825 157 872 crbrt.
181 830 308 882 Imperator
325 831 400 869 autern
417 824 506 876 [urienr
523 826 589 880 qiuari
612 827 705 878 timere,
728 825 844 870 civitatem
868 827 898 869 ab
921 827 953 871 ira
974 827 1016 871 oei
1038 826 1120 882 perire,

82 894 172 938 locutur
185 900 220 938 ert
233 893 263 936 ad
277 892 387 949 ponarium
400 900 423 937 et
437 893 508 938 dixit:
523 893 576 947 irte,
590 908 657 948 quern
670 893 775 947 ridirtir,
789 899 860 939 neum
872 893 1053 949 blnrnbernauitr
1066 894 1120 939 ideo

83 961 136 1006 talir
149 969 184 1006 ert
197 960 348 1006 conturbatio.
374 964 438 1004 'runc
457 959 580 1016 inperator
597 960 696 1017 reptatur
715 961 792 1006 tnrora
810 963 875 1018 jnrait
895 964 985 1008 beatum
1003 967 1120 1006 trasmuua

82 1031 106 1074 in
125 1043 237 1076 carcerem
254 1029 368 1073 introduci
384 1034 407 1071 et
426 1032 465 1072 Lx
483 1027 585 1083 pondera
604 1028 658 1073 ferri
674 1029 697 1074 in
715 1027 827 1074 cervicem
846 1030 883 1074 vel
903 1031 926 1073 in
948 1029 1053 1074 manibua
1071 1031 1120 1082 einr

82 1097 151 1155 poni,
170 1104 193 1142 et
205 1097 322 1154 praecepit
334 1095 453 1148 minirtrir,
473 1095 492 1140 ri
505 1095 556 1148 qnir
570 1095 676 1140 inventur
689 1095 770 1141 iuirret
784 1112 866 1152 panem
878 1097 917 1142 rel
930 1113 1011 1152 aquarn
1024 1098 1046 1140 ei
1058 1097 1120 1148 dure,

81 1173 155 1212 morte
170 1174 302 1210 moreretur.
327 1169 355 1209 ot
372 1162 474 1208 iecenmt
492 1162 601 1215 ministri,
620 1163 677 1208 rimrt
694 1164 815 1220 imperarit
832 1167 869 1211 iir.
900 1171 1025 1222 tmperntor
1043 1172 1119 1210 aaran

82 1233 166 1278 annulo
179 1245 221 1278 ruo
234 1232 333 1285 rirnarit
346 1232 429 1277 ortium
442 1231 537 1275 carcerir
550 1237 573 1274 et
586 1231 644 1275 circa
662 1232 761 1276 mediam
778 1240 868 1278 noctem
885 1234 1020 1278 exclamrrit
1039 1236 1119 1279 beatur

81 1305 187 1346 trrrmur
198 1300 230 1344 rd
242 1301 360 1345 dominum
378 1299 466 1344 dicenra
485 1299 577 1343 domine
595 1303 649 1342 lem
669 1299 768 1353 cbrirte,
787 1302 888 1346 accelera
904 1310 928 1347 et
944 1303 1007 1358 eripe
1023 1317 1072 1355 nne,
1091 1316 1119 1345 ae

82 1369 189 1422 atnrterur
201 1368 305 1414 inimicare
319 1369 342 1413 in
355 1369 426 1412 rerrir
439 1367 492 1419 tuir,
505 1381 534 1410 ne
546 1365 623 1410 dicant
636 1374 723 1418 rentem
737 1369 777 1412 ubi
790 1377 825 1414 ert
838 1375 898 1414 bene
911 1375 1001 1414 eonium
1026 1375 1053 1414 rt
1067 1383 1119 1413 ecce

82 1436 158 1482 rubito
171 1451 246 1482 carcer
258 1437 333 1480 illuxit
347 1443 370 1482 et
382 1435 502 1489 irarruvit,
518 1434 583 1489 qnasi
601 1432 683 1478 tuisne
701 1437 839 1481 aroruatibur
856 1437 951 1494 nlennr,
967 1444 991 1482 et
1003 1437 1053 1482 airu
1067 1444 1119 1482 ιιιιιι

80 1505 147 1550 velut
162 1509 206 1548 ΧΠ
224 1503 361 1550 candelabra
380 1503 482 1548 ardentia
501 1510 554 1546 rute
573 1503 665 1546 beatum
683 1507 798 1548 Errrmnrn
816 1505 930 1550 martirem
943 1513 966 1550 et
979 1506 1120 1562 episcopum.

80 1573 179 1626 darelna
192 1573 278 1618 domini
291 1572 405 1626 inererrna
417 1570 492 1615 iuerat
505 1569 535 1614 ad
547 1583 598 1613 euru
612 1569 702 1616 dicenrr
716 1577 807 1617 Erarrne
838 1586 890 1618 ecce
908 1586 951 1626 ero
969 1573 1023 1618 veni
1041 1573 1071 1617 nd
1088 1579 1119 1624 ta,

81 1649 104 1686 rt
123 1640 201 1686 atatim
224 1639 372 1696 liquefactum
395 1646 430 1684 ert
451 1638 536 1683 ferrum
557 1644 672 1691 tamquam
696 1653 747 1682 cera
770 1646 793 1684 et
812 1640 836 1686 ia
853 1641 929 1686 medio
946 1654 1024 1686 eorum
1042 1641 1119 1688 rtabar

79 1708 180 1768 prallenr
194 1715 217 1754 et
228 1708 380 1754 benedicebat
393 1713 465 1751 Deum
478 1705 568 1750 dicens.-
581 1705 715 1750 benedictnr
728 1720 765 1760 er,
777 1707 877 1762 domine,
890 1711 929 1764 qni
942 1709 1018 1754 tecirti
1030 1709 1119 1754 coebun

80 1785 104 1824 et
116 1784 211 1830 ιιπιιιι,
230 1776 267 1821 cui
284 1776 375 1820 rdrtant
393 1773 467 1828 angeli
485 1781 508 1819 et
526 1772 653 1825 archangeli
667 1787 717 1816 cum
730 1781 828 1822 treruorc
841 1784 864 1821 et
877 1791 983 1823 nonnemo
995 1777 1119 1830 murtirum,

79 1846 119 1900 qui
132 1845 196 1902 perri
208 1851 261 1890 runt
273 1851 367 1900 propter
378 1850 414 1895 te,
433 1843 473 1896 qui
488 1841 564 1886 tecirri
581 1839 760 1886 mirericordiam
778 1857 829 1888 cmn
848 1858 915 1890 cervo
928 1852 968 1889 tuo
980 1853 1003 1890 et
1015 1846 1119 1890 liberanti

80 1914 178 1960 ortionem
190 1927 264 1959 rnerru
277 1911 307 1956 de
319 1910 424 1955 manibnr
437 1910 591 1962 inimicorum,
608 1908 666 1952 elcut
679 1909 783 1954 liberanti
796 1911 891 1967 sydrac,
909 1916 986 1966 rtyrac
1003 1921 1027 1958 rt
1039 1913 1118 1958 rbitr-

79 1995 138 2034 naro
151 1982 181 2026 de
194 1979 270 2025 medio
281 1979 380 2024 tornncia
394 1977 452 2032 ignir
465 1977 566 2036 ardentir
579 1983 602 2022 et
615 1975 645 2020 da
656 1991 724 2020 mann
734 1979 941 2024 ttnbnctnodonoror
951 1981 1017 2035 rerir,
1029 1988 1052 2026 et
1060 1981 1119 2028 ricnt

79 2048 198 2096 Danielem
216 2061 307 2094 remea
326 2054 390 2091 tunm
408 2045 438 2090 de
456 2046 509 2090 lacn
526 2045 619 2090 leonum
636 2053 660 2090 et
677 2047 756 2091 oblnto
774 2048 870 2104 prandio
888 2063 930 2104 ner
946 2048 1052 2094 Abacurlr
1064 2064 1119 2106 pro·

79 2117 172 2174 pinetam
184 2115 305 2167 ratnraati,
321 2122 344 2158 et
363 2117 489 2162 Surannnm
508 2113 536 2158 de
550 2112 609 2158 ialro
622 2113 715 2158 crimine
727 2115 842 2168 liberarti,
861 2116 893 2160 ita
907 2123 929 2159 et
943 2131 1031 2162 rneourn
1043 2117 1119 2163 tecirti

79 2181 265 2230 mirericordiam.
291 2187 318 2226 Et
336 2196 388 2226 ecce
401 2182 494 2234 anrelnr
508 2181 594 2226 domini
607 2181 665 2227 dixit
678 2183 707 2226 ad
725 2199 788 2229 eueni
807 2189 909 2236 Eraame,
927 2197 1021 2238 excurre
1034 2192 1057 2229 et
1070 2201 1119 2230 rnr-

79 2252 134 2296 bula
146 2265 235 2296 mecum
248 2263 319 2304 utque
332 2249 356 2294 in
369 2251 468 2302 ltaliam,
481 2250 515 2295 ibi
529 2246 570 2294 tibi
584 2256 644 2296 [leur
657 2260 771 2296 aeternam
785 2252 856 2297 vitam
869 2253 954 2296 tribuet
968 2253 991 2298 in
1003 2252 1119 2300 raeculnrn

80 2319 171 2368 raeouli.
185 2324 212 2364 Et
227 2317 292 2372 quari
304 2317 495 2363 columbacbrirti
505 2318 616 2374 plandenr
627 2319 660 2363 ric
671 2319 695 2364 in
704 2321 801 2373 turrido
813 2319 927 2380 depornit.
952 2320 1004 2365 alia
1015 2335 1070 2366 aero
1080 2321 1119 2366 die

78 2389 203 2446 imperator
215 2399 306 2431 carmena
317 2386 347 2430 ad
360 2401 471 2430 carcerem
485 2387 596 2439 rirnaturn
610 2388 687 2432 annuli
701 2388 736 2432 eni
749 2389 848 2441 invenit,
861 2401 956 2441 cruraque
969 2387 1119 2442 derirnrrret,

80 2454 325 2515 praecepitrniniatrirr
339 2453 445 2498 adducite
451 2468 547 2509 umrnrn,
561 2454 928 2512 quitteormeorpronihilolecit.
940 2457 1119 2508 lamminarum

79 2539 191 2571 carcerem
204 2536 315 2578 nmquam
327 2538 379 2567 eum
392 2523 539 2576 invenenant,
554 2523 639 2568 serrum
652 2539 743 2580 quoqne
756 2524 814 2569 ricut
827 2524 884 2569 cinir
901 2523 1019 2567 inventurn
1031 2531 1077 2575 ert,
1095 2531 1119 2566 et

78 2594 153 2640 tantur
166 2600 201 2639 ert
214 2591 299 2637 clamor
311 2604 405 2644 rnarnur
424 2591 558 2636 dicentium:
577 2591 691 2638 bominem
709 2607 756 2638 non
774 2593 916 2645 invenimur,
933 2607 985 2636 narn
1001 2598 1026 2636 ot
1043 2591 1119 2648 iprum

78 2663 164 2708 ferrum
180 2659 248 2706 nubir
266 2658 324 2704 oinir
342 2659 433 2703 ridetur
452 2673 509 2705 erre.
537 2659 603 2716 tlncd
619 2667 645 2704 ut
661 2661 749 2706 andirit
768 2661 903 2718 imperator,
921 2658 967 2704 ribi
984 2659 1075 2716 alrpam
1094 2659 1119 2704 ir

79 2731 154 2776 tronto
167 2727 278 2786 percurrit
291 2727 382 2773 ilicem:
403 2727 473 2780 ereb,
490 2725 546 2771 mibi
559 2725 664 2772 delururn
677 2735 713 2773 ert
726 2743 818 2783 rernurn
837 2737 924 2774 rnenmt
943 2727 999 2782 quiid
1017 2726 1118 2772 dictiuna

80 2811 119 2843 ero
137 2797 224 2855 populo
243 2805 307 2840 meot
332 2800 445 2842 venerant
463 2795 524 2840 enirn
542 2796 607 2850 quari
625 2801 664 2841 xl.
680 2795 752 2842 millia
775 2797 876 2862 uirorum
898 2804 921 2840 et
945 2795 1065 2840 mulierum
1088 2795 1119 2839 ad

81 2865 234 2924 aaieuaculuua
253 2863 332 2909 militie
352 2863 447 2916 clarirti,
463 2863 597 2908 turbabatur
614 2871 662 2910 tota
680 2865 762 2911 civitae
779 2866 804 2910 in
822 2873 920 2909 tremore
937 2862 1017 2916 mandi
1036 2863 1118 2919 poeita,

80 2933 197 2980 ebriatiani
215 2931 361 2978 clnrirtiannrn
380 2932 532 2986 quaerebant,
554 2932 638 2977 viduae
657 2940 680 2978 et
699 2933 795 2992 orphani
820 2932 954 2990 epircopum
973 2931 1119 2986 requirebant

81 3003 196 3048 dicenterr
215 3001 270 3058 quiri
284 3000 358 3046 iecirti
371 2991 464 3052 bomini,
481 3007 573 3056 partort
599 3005 664 3047 'runc
676 3002 800 3058 imperator
812 3000 893 3045 tianore
906 3000 1039 3057 perterritnr
1052 2999 1118 3052 dixit,

80 3071 133 3128 qnia
145 3087 160 3115 a
172 3075 220 3116 Deo
233 3073 281 3126 einr
294 3069 318 3116 in
331 3071 421 3116 coelunt
434 3077 512 3125 rantur
524 3066 604 3114 inirret
614 3077 637 3114 et
645 3084 686 3127 per
694 3069 820 3126 praemium
831 3082 934 3121 magnum
942 3081 967 3113 re
977 3067 1119 3113 redemirret.

79 3146 108 3186 tt
118 3155 171 3186 cum
183 3139 264 3184 beatum
278 3143 383 3183 Erarmur
396 3135 419 3181 in
432 3136 530 3191 turrido
542 3137 747 3192 venieret,nnnltor
760 3138 784 3184 in
798 3135 879 3182 clirirti
893 3133 984 3181 nomine
998 3136 1119 3193 baptizarer

80 3210 156 3254 cronia
168 3208 292 3253 virtutibur
305 3207 450 3263 operabatur,
463 3220 514 3250 nam
527 3204 629 3250 infirmor
642 3213 666 3249 et
679 3220 758 3250 caecor
771 3203 912 3250 orationibur
926 3203 1038 3251 ralrabat.
1062 3207 1119 3250 llam

80 3283 128 3322 erar
146 3275 178 3320 ibi
196 3275 289 3330 quidam
308 3275 393 3319 nobilir
406 3280 430 3317 et
443 3272 562 3329 primarius
576 3273 686 3327 civitatir,
704 3274 795 3319 nornine
814 3271 959 3326 enarrantur,
977 3275 1042 3328 crrjur
1057 3271 1119 3316 filine

80 3351 181 3388 mortunr
194 3342 280 3392 inerat.
298 3350 320 3387 et
340 3355 423 3398 corpur
437 3345 485 3398 ajam
498 3342 529 3386 ad
541 3341 685 3398 repulclrrnm
699 3343 831 3388 ducebatur.
856 3345 949 3387 lunum
967 3341 1027 3385 enirn
1044 3339 1118 3385 iuerat

79 3425 94 3454 r
111 3409 203 3456 donnino
220 3411 288 3454 beato
307 3415 413 3464 Erarnro,
433 3418 458 3455 nt
475 3425 527 3454 eum
543 3410 688 3454 nanaoitnrer
706 3417 730 3455 et
748 3409 853 3454 redderet
871 3409 1005 3466 parerrtibur
1017 3407 1077 3460 ruir,
1096 3415 1120 3452 et

80 3478 253 3536 aplrrebendenr
272 3479 352 3523 beatur
369 3483 473 3524 Errrrrur
492 3491 574 3534 corpur
595 3477 697 3522 defuncti
720 3477 778 3522 dinit
800 3477 860 3534 patri
879 3479 938 3532 einer
962 3475 1080 3528 enarrari.
1098 3477 1119 3521 ri

80 3547 157 3592 credie
168 3548 194 3590 in
206 3546 299 3592 dominc
312 3553 390 3590 nortro
402 3551 456 3591 leru
470 3545 572 3597 ebrirto,
590 3545 629 3600 qni
646 3552 712 3589 nntnr
731 3553 765 3590 ert
779 3544 809 3588 da
822 3545 904 3600 epiritn
917 3551 994 3589 rancto
1008 3558 1037 3588 ιι
1049 3543 1119 3588 rtaria

81 3615 183 3669 niniae,
200 3613 297 3672 recipies
315 3612 387 3658 lilium
406 3621 469 3657 tumn
488 3613 584 3658 ralrum.
610 3615 681 3658 ttaalta
701 3615 762 3658 enirn
779 3614 846 3658 turba
859 3612 940 3670 populi
952 3613 1078 3657 rnirrbrlur
1089 3611 1120 3656 ad

80 3685 137 3728 baec
152 3681 233 3730 rerba.
256 3681 389 3727 Anartariur
407 3680 477 3726 diuiti
500 3689 523 3726 et
548 3689 574 3726 tu
596 3691 663 3739 poter
681 3679 753 3726 fllium
769 3696 845 3726 rneurn
863 3682 1010 3727 rerurcitrret
1036 3685 1120 3726 Beatam

80 3758 186 3806 terrram
202 3749 271 3797 dixin
289 3763 335 3794 aon
348 3763 403 3802 ero,
421 3749 464 3795 aed
480 3748 587 3794 dominun
605 3757 682 3795 neuter
699 3755 765 3796 raana
785 3751 898 3804 clirirtur,
919 3750 959 3795 eui
976 3762 1018 3802 ero
1036 3748 1120 3795 rerrio.

81 3818 215 3866 murrone
227 3817 296 3864 diuiti
315 3816 335 3864 ri
353 3817 425 3880 lilimn
440 3833 517 3864 rnenrn
535 3817 625 3863 ralrunr
642 3815 698 3862 mibi
710 3816 849 3872 reddideris,
867 3811 935 3863 c‘rado
948 3831 990 3872 ero
1003 3823 1026 3862 et
1039 3817 1121 3862 domur

81 3903 131 3934 rnea
150 3895 174 3934 et
193 3886 293 3946 populare
308 3885 436 3932 unirerrur.
462 3893 526 3932 Tunc
542 3888 623 3932 beatur
641 3889 747 3930 truamur
770 3886 837 3941 jarrit
859 3900 942 3944 eornm
961 3889 1010 3940 ejnr
1028 3886 1120 3942 deponi,

82 3963 169 4002 recreto
190 3961 279 4012 tratrem
296 3962 321 4000 et
338 3961 432 4000 matrem
450 3956 516 4010 inurit
538 3963 609 4008 rtare,
628 3954 801 4016 berir'renibnr
814 3968 882 4011 rupen
895 3967 977 4011 corpur
989 3957 1038 4011 ejnr
1051 3953 1121 3999 diuiti

82 4025 105 4070 ia
119 4024 210 4070 nornine
222 4028 278 4070 loru
291 4023 377 4069 clirirte
390 4036 463 4077 ruere.
489 4029 588 4080 cumque
601 4021 746 4076 rurrexirret,
759 4021 868 4068 clamavit
880 4037 938 4069 voce
952 4035 1040 4074 marnac
1058 4036 1121 4074 rere,

82 4095 135 4148 qnia
149 4105 244 4145 marrnr
256 4097 291 4135 ert
304 4095 365 4137 been
378 4092 564 4146 clarirtianonun,
576 4099 600 4136 et
613 4103 736 4137 converrnr
749 4091 780 4135 ad
793 4097 880 4148 putrem
894 4091 938 4136 ait:
954 4098 1031 4148 pater,
1050 4104 1122 4144 nrqaa

83 4177 144 4208 nunc
161 4160 298 4210 errrvirauri
313 4160 349 4206 bii
362 4161 430 4216 enirn,
443 4174 502 4216 orror
516 4161 655 4215 colebantur,
667 4159 723 4206 nibil
738 4167 796 4214 enat,
810 4159 860 4204 ridi
872 4159 931 4204 enbr»
945 4173 985 4203 eor
998 4159 1021 4203 in
1034 4159 1122 4206 inferno

82 4244 127 4276 non
140 4229 226 4274 babere
239 4229 339 4284 requiem
351 4243 367 4274 a
380 4230 518 4285 tortoribnr,
534 4235 595 4276 liena
613 4237 688 4275 autera
700 4228 770 4275 virne
783 4227 863 4273 tanrnli
876 4227 961 4273 Erarrni
974 4239 1067 4279 rrananr
1080 4236 1122 4272 err.

82 4304 109 4344 bt
122 4296 221 4344 credidit
233 4297 365 4342 Anartarinr
379 4305 401 4342 et
415 4305 463 4352 tuta
477 4299 558 4344 domur
570 4301 619 4355 einr
633 4305 656 4342 et
669 4297 768 4354 populor
782 4298 913 4350 ruairerrur,
926 4296 965 4350 qni
977 4295 1001 4340 in
1013 4293 1054 4338 illa
1067 4295 1120 4339 lucra

83 4366 173 4410 luerunt
186 4365 310 4423 baptirati,
329 4368 368 4421 qui
388 4373 440 4412 aian
457 4367 522 4422 anri
539 4371 578 4412 ΣΙ,
596 4366 669 4412 mittin
687 4366 811 4412 bominum.
837 4370 901 4408 'runo
917 4364 999 4408 beatur
1018 4367 1122 4407 traranur

83 4433 220 4482 exclamarit
234 4449 291 4482 roco
304 4449 385 4490 marna
398 4435 487 4482 rlicenri
506 4435 588 4489 cratiae
602 4448 644 4488 ago
658 4435 712 4488 tibi,
727 4433 818 4478 «lumine
832 4437 885 4478 lero
899 4432 1000 4504 christe,
1017 4431 1055 4485 qni
1069 4444 1122 4476 coa·
