2902 5310
225 479 299 560 Cep.
322 479 423 540 ctvt.
466 479 511 540 Do
533 487 632 538 teneto
653 477 734 539 Luco
754 478 940 558 evangeliste.
1042 471 1104 540 007

65 638 117 706 tir.
149 640 196 713 qni
222 637 322 695 iniistis
355 638 455 694 cionem
486 640 615 695 soieniiss
644 645 694 697 ete
742 637 836 695 Tertio
863 639 961 695 teritos
983 583 1105 710 institiae

65 738 215 796 ostenditur
231 737 291 795 iix.
309 753 381 810 esp:
401 737 504 796 reddite
522 754 606 812 ergo,
625 753 694 811 osee
712 737 837 795 Csessris
855 744 925 806 snei
944 737 1053 793 Cossori
1069 743 1105 804 et,

66 853 136 911 quse
153 835 204 896 [tet
222 844 299 908 sont,
328 839 392 895 iieo.
427 837 490 895 item
509 837 580 895 xtit.
600 853 676 910 osp.:
700 843 877 896 remmtomen
894 837 1013 893 inimicos
1032 833 1105 893 meos

66 936 144 1007 ilios,
168 939 213 1011 qni
233 937 373 994 noluerunt
390 953 431 994 me
448 953 562 1011 regosre
580 953 663 1009 super
684 952 728 1006 se,
750 937 874 994 oddoeitr
897 934 948 992 intro
968 943 996 993 et
1021 938 1103 992 itttet-
1208 999 1209 1002 Ἴ

65 1034 137 1093 ieite
161 1043 223 1093 sete
244 1053 294 1095 ms.
328 1037 392 1094 item
416 1035 490 1106 titii,
523 1036 568 1094 obi
592 1039 682 1110 egitur
708 1034 744 1094 de
764 1035 883 1109 indicio,
913 1036 957 1092 obi
984 1033 1105 1108 reprobis

67 1135 186 1193 dictores
209 1144 264 1194 est:
288 1136 417 1194 discedite
440 1151 457 1192 s
480 1153 521 1194 me
544 1150 634 1193 omnes
656 1137 774 1208 operorit
789 1137 947 1208 iniqnitstis.
983 1133 1105 1194 Secundo

66 1239 126 1309 eins
145 1237 310 1310 evangelium
329 1237 446 1308 repietor
462 1236 544 1293 mutto
560 1236 683 1293 otiiitttie.
719 1234 793 1294 Unde
810 1242 838 1294 ei
854 1235 909 1304 ttts,
926 1237 972 1308 qni
989 1236 1105 1306 scripsit,

68 1335 184 1392 mediore
203 1336 253 1392 doit
270 1335 304 1392 od
322 1335 526 1410 desipiendum.
549 1333 622 1408 qood
646 1335 723 1392 nobis
745 1335 899 1392 medtoiosst
918 1334 1106 1392 nudissimum

67 1437 228 1507 propinavit.
262 1433 312 1494 Est
327 1442 413 1492 notem
432 1435 530 1506 trtpisrt
547 1434 691 1492 medicine:
709 1435 844 1504 corsivo,
862 1435 1061 1506 pressertstits
1078 1437 1106 1490 et

68 1536 239 1594 meiiorotits.
276 1535 348 1593 deno
369 1536 495 1608 tripiieem
518 1533 673 1618 medicinam
696 1533 774 1590 nobis
797 1532 885 1590 Locos
908 1534 934 1589 io
958 1549 1008 1591 stro
1025 1548 1106 1591 erso-

67 1633 140 1706 gciic
158 1636 299 1693 coetestem
317 1635 443 1696 medicem
456 1633 574 1692 ostendit
585 1636 750 1706 propinasse
786 1632 919 1690 idediotno
930 1640 1016 1692 ortem
1029 1647 1107 1690 eors-

66 1737 122 1790 tirs
139 1741 190 1804 est,
207 1751 277 1807 quse
296 1739 371 1790 corni
387 1749 404 1790 o
422 1733 531 1802 morbis,
549 1739 577 1790 et
594 1732 659 1790 isses
676 1739 718 1788 est
734 1735 908 1805 poenitentis,
927 1747 997 1806 qoee
1014 1747 1106 1790 omnes

68 1834 174 1890 morbos
191 1834 344 1906 spiritosies
363 1839 447 1890 const.
482 1831 556 1888 Hono
574 1832 728 1889 medicinam
748 1831 813 1886 dteit
824 1831 951 1890 medicem
964 1832 1105 1889 coelestem

68 1934 148 1988 nobis
166 1932 338 2001 exhibuisti,
357 1949 413 1989 orm
432 1933 472 1988 nit
490 1931 533 1988 itt.
552 1947 628 2004 cop:
653 1945 750 1988 sonere
766 1933 894 1988 contritos
911 1931 1009 2002 eorde,
1028 1947 1107 2002 prse-

68 2035 158 2091 dicore
179 2035 291 2107 espiiris
315 2033 497 2088 remissionem
517 2039 567 2090 etc.
603 2031 666 2088 item
691 2031 725 2090 V.
747 2045 823 2103 esp:
851 2049 904 2088 non
931 2034 989 2088 rent
1010 2046 1107 2090 roosre

65 2137 155 2205 latios
180 2139 239 2188 etos
263 2131 398 2190 Medicina
423 2131 591 2188 melioratione
616 2137 671 2199 est,
698 2147 767 2204 quoe
791 2131 932 2188 sanitatem
956 2139 1054 2205 suget,
1080 2140 1107 2187 et

69 2230 136 2288 itsteo
153 2237 195 2289 eoi
212 2231 366 2289 observatio
387 2231 564 2287 consiliorum.
600 2229 720 2288 Consilio
736 2233 802 2286 enim
826 2230 956 2288 hominem
974 2232 1106 2289 meliorem

69 2338 96 2385 et
120 2330 305 2403 perfectiorem
329 2331 436 2386 incidet.
470 2330 545 2387 iisne
566 2329 722 2388 medicinam
748 2330 866 2386 ostendit
882 2330 960 2387 nobis
979 2331 1106 2388 medicem

68 2434 236 2503 propinasse,
253 2428 344 2488 xviii.
363 2445 433 2502 esp..
450 2446 507 2487 eom
526 2433 578 2486 cit:
597 2431 696 2497 omnis,
715 2443 886 2503 omoeoque
904 2429 1004 2499 istm,
1024 2431 1107 2489 secde

70 2537 97 2587 et
119 2529 154 2586 ds
185 2530 347 2603 paupertinus
373 2536 424 2588 etc.
459 2527 522 2586 liettt
546 2527 587 2586 vt.
614 2545 690 2604 cop:
717 2525 750 2586 eh
769 2547 820 2598 eo,
845 2533 889 2604 qni
913 2529 1002 2588 rutero
1026 2533 1108 2588 resil-

69 2636 180 2686 mertum
207 2637 257 2686 ete.
291 2628 427 2686 ttettetns
442 2636 536 2687 sotem
556 2633 737 2702 preservatirn
755 2637 811 2698 ssi,
837 2645 905 2704 quse
929 2637 1069 2702 proterret
1090 2645 1108 2686 s

70 2744 149 2798 osso,
171 2736 199 2787 ot
215 2731 281 2787 isso
301 2738 343 2787 est
360 2733 454 2788 riiodo
472 2733 639 2786 secesionem
657 2728 783 2802 peccandi
801 2737 828 2786 et
845 2728 970 2785 molarem
990 2734 1107 2788 secieto-

69 2833 132 2884 tom.
168 2829 240 2886 Herc
257 2829 412 2887 medictnsm
427 2830 570 2886 emendent
588 2829 712 2886 medicum
730 2829 887 2898 tmdtdisss,
909 2843 966 2886 com
988 2833 1027 2887 eit
1051 2830 1108 2890 titt.

71 2941 144 3000 etp:
171 2929 300 2987 ostendite
317 2945 334 2985 s
352 2929 480 2987 fermento
497 2927 698 2984 Pirrisoeorom
719 2934 785 2996 eie,
803 2927 848 2984 ttitt
868 2928 963 2986 edoosi
981 2929 1109 2988 melorum

71 3032 205 3086 consortis
224 3032 334 3086 etitem.
370 3028 418 3090 Vri
439 3034 528 3100 potest
550 3026 619 3095 dici,
642 3027 712 3100 qood
733 3030 820 3100 ipsum
842 3030 1006 3103 stengelium
1028 3031 1110 3089 mrtts

71 3128 185 3185 otiiiittte
208 3129 339 3200 repletur,
362 3129 484 3202 orontem
512 3130 538 3182 itt
563 3129 621 3199 ipso
647 3130 729 3185 tirius
752 3130 838 3185 omnis
855 3131 1003 3204 sopiendos
1025 3135 1109 3188 oottti-

71 3234 155 3286 meter.
190 3229 231 3285 De
248 3228 300 3286 itoo
316 3231 357 3284 sic
381 3227 446 3284 dicit
461 3227 632 3284 Ambrosios:
649 3227 739 3284 Lsoes
761 3244 851 3286 omnes
870 3231 1127 3300 neptenttsertrtm

72 3334 113 3384 ies
130 3329 262 3402 evangeiii
280 3331 322 3385 soi
342 3326 524 3399 complectitor
541 3325 669 3399 itpstoritt.
705 3327 801 3383 Docuit
814 3329 880 3382 enim
894 3329 1035 3398 notornlitt,
1052 3346 1110 3387 ertnt

72 3425 105 3483 do
118 3429 214 3499 spirito
227 3433 321 3484 sencio
339 3427 495 3484 domitricem
514 3427 719 3483 tnesrretiosem
731 3429 865 3484 constitisse
876 3430 1012 3487 merarii.
1031 3429 1111 3488 Unde

67 3533 100 3583 et
116 3526 200 3582 iittrid
219 3525 365 3584 nstoreiem
382 3525 483 3582 docens
499 3529 655 3598 septentiam
675 3529 727 3582 ait:
746 3528 836 3582 emitte
852 3512 973 3597 spiritum
992 3535 1064 3587 ino·
1083 3539 1111 3590 et

73 3625 241 3682 cresbostsr.
260 3625 322 3682 item
332 3623 1110 3697 eomdocetotenotmtspustonrtitrristtterrm,terrem

72 3727 227 3792 nemntme,
249 3723 337 3786 soient
353 3722 443 3779 redies
461 3726 627 3793 extraxisse,
651 3725 741 3781 doerit
758 3723 885 3793 morstts,
911 3740 967 3781 eom
990 3730 1018 3783 ts
1042 3729 1110 3800 ipsis
1197 3765 1199 3768 -

72 3822 283 3880 bestttndisibsr
300 3839 386 3880 mores
404 3821 500 3879 docuit
537 3822 634 3880 Deerit
650 3823 802 3892 reticulis,
820 3839 877 3882 com
893 3827 944 3882 sit:
958 3828 1007 3898 qni
1021 3827 1111 3885 ttrite
1213 3833 1215 3839 ’

73 3929 115 3980 est
134 3925 161 3978 itt
183 3923 302 3988 mimimo,
324 3923 350 3978 in
373 3936 469 3994 migne
491 3921 579 3978 tidelis
604 3931 656 3982 est.
690 3923 754 3979 sins
777 3922 828 3980 itae
853 3924 952 3996 tripiici
978 3929 1112 4000 sepientis

72 4026 133 4095 ipss
156 4021 237 4090 idos,
261 4023 345 4092 ipson
369 4021 520 4092 mysterium
542 4022 669 4078 trinitatis
695 4038 757 4080 esse
779 4040 831 4079 stoc
858 4031 962 4096 potest,
994 4026 1047 4084 itoo
1070 4037 1113 4087 est

73 4120 201 4188 retorsit,
225 4120 350 4176 seneroti
365 4125 392 4176 oi
415 4120 518 4181 mersit.
552 4119 622 4177 iisse
639 4121 803 4178 Ambrosios.
840 4121 933 4179 Tertio
952 4127 1012 4206 ejos
1030 4141 1112 4183 stan·

72 4223 169 4296 geiiertt
187 4222 328 4277 decoretur
345 4218 427 4274 moiio
444 4225 598 4288 remmiste;
624 4223 682 4292 ejos
706 4222 774 4276 enim
799 4221 882 4294 stptur
908 4230 935 4280 ei
959 4225 1051 4282 modos
1070 4227 1113 4284 io·

72 4319 169 4393 qoeodi
188 4319 263 4375 rside
282 4326 407 4376 venustos
426 4326 453 4376 oi
471 4305 583 4376 decente
603 4325 652 4375 ost.
686 4318 728 4376 st
747 4319 798 4376 hoc
816 4327 911 4390 sotem,
929 4324 999 4396 qood
1014 4325 1111 4399 sttqots

41 4421 42 4424 ’
72 4422 99 4474 im
119 4418 195 4476 dietis
221 4420 277 4475 tois
295 4425 454 4476 tenootntem
481 4424 507 4474 st
524 4417 647 4474 decorem
661 4424 771 4489 ‘ieneet‚
796 4423 850 4478 tris
873 4429 933 4482 sset
958 4428 1112 4483 recesseris
