2984 5316
260 478 333 557 Cap.
358 477 419 536 cx,
462 476 507 536 De
529 487 627 536 anneto
650 474 735 534 Petro
757 474 793 532 ad
819 474 940 532 vincula.
1056 469 1120 534 icc

82 639 134 696 lios
152 617 256 694 mutata¹
271 635 373 693 laceret
388 635 567 708 apostolorum
587 636 700 706 principi
718 633 806 690 Petro.
841 631 902 706 ipss
922 634 1004 706 igitur
1016 632 1119 687 uincula

82 755 154 816 pspn
169 754 226 793 curn
245 740 338 810 regina
355 737 381 790 iu
398 735 513 792 ecclesio
531 735 616 790 sancti
634 733 702 790 Petri
721 732 754 788 nd
774 730 876 786 rirrcuin
894 733 983 802 posuit
996 738 1023 786 st
1035 734 1120 802 ipssrn

82 837 233 895 muneribus
257 836 345 892 multis
370 842 397 891 ct
414 835 562 907 privilegiis
580 835 682 905 magnis
702 831 803 887 dotnrit
820 845 853 886 ac
871 830 1031 902 praedictum
1051 831 1120 888 diem

83 939 180 1010 ubique
204 936 333 992 celebrem
358 933 416 990 lore
438 937 560 989 instituit.
595 932 664 988 llaec
681 930 763 987 Reda
798 930 867 986 idem
890 931 954 986 dicit
971 931 1121 1004 sigbertus.

85 1036 205 1104 Quantae
228 1042 313 1092 arrtem
337 1037 443 1088 uirtutis
466 1032 534 1090 lreec
549 1040 644 1090 catone
661 1032 727 1099 init,
751 1047 820 1087 enoc
838 1031 935 1086 donini
953 1029 1122 1088 cccclxiv

84 1140 217 1210 apparuit.
252 1132 385 1198 Quendam
411 1136 478 1188 enirn
502 1136 620 1189 comitem
639 1135 806 1204 imperatoris
826 1130 930 1188 ottonis
949 1133 1122 1204 propinquum

85 1235 214 1309 dpnbnips
232 1241 293 1290 ante
311 1235 422 1288 omnium
439 1232 533 1290 oculos
551 1241 602 1288 utu
623 1233 765 1288 crudeliter
781 1235 905 1303 arripuit,
932 1240 960 1287 nt
983 1246 1013 1287 ss
1036 1234 1122 1304 ipsun

87 1336 211 1392 domibus
235 1335 374 1392 laceraret.
409 1331 485 1388 Tunc
504 1335 581 1404 jussu
606 1334 773 1403 imperatoris
799 1332 834 1386 ad
855 1330 1000 1388 iohannem
1028 1347 1122 1403 popum

86 1438 207 1502 ducitur,
231 1441 259 1489 ut
277 1440 371 1488 nstena
387 1434 472 1487 saucii
491 1433 562 1488 l’ctri
580 1434 639 1504 ejus
663 1432 732 1487 colio
750 1431 970 1497 circumdaretur,
996 1433 1044 1489 scd
1066 1448 1123 1489 com

87 1536 214 1609 quaedum
231 1534 287 1589 alin
303 1541 397 1588 catena
415 1532 526 1588 inrentis
542 1533 611 1588 coilo
631 1534 726 1588 inisset
741 1535 865 1604 imposita
889 1539 917 1588 et
940 1532 1007 1588 nibil
1023 1549 1056 1588 ex
1074 1533 1124 1588 buc

87 1636 255 1707 prouenisset
271 1633 380 1700 salotis,
398 1635 516 1688 nimirum
534 1632 578 1688 ubi
597 1631 662 1688 nibil
680 1631 781 1688 istebat
798 1634 919 1698 uirtutis,
940 1633 1043 1689 landem
1061 1648 1125 1690 tera

87 1735 158 1792 Petri
175 1741 269 1790 ostem
287 1733 440 1804 producitur
465 1738 492 1788 ct
515 1732 625 1788 lurentis
644 1731 713 1786 collo
733 1733 880 1801 imponitur.
916 1732 1020 1789 Tantae
1037 1739 1125 1788 antem

89 1837 192 1890 virtutis
210 1832 313 1905 pondus
334 1830 463 1903 dyabolus
482 1831 552 1888 lerre
571 1849 621 1887 non
642 1835 740 1904 potnit,
758 1835 806 1886 scd
825 1848 883 1887 mox
900 1848 986 1890 coram
1005 1834 1125 1889 omnibus

89 1935 240 1990 exclamans
258 1931 397 1988 abscessit
433 1930 508 1987 Tunc
527 1932 711 1989 Theodericus
725 1931 854 1988 licteusis
876 1935 1017 2004 episcopus
1041 1935 1125 2004 ipsum

87 2041 205 2090 catenant
224 2035 338 2103 arripuit
356 2040 383 2087 et
403 2047 458 2087 eam
477 2048 507 2088 sc
524 2033 672 2088 nuliatenus
692 2032 873 2099 dimissurum,
893 2033 944 2086 misi
965 2046 1055 2090 manns
1072 2033 1126 2086 sibi

88 2133 301 2206 praecideretur,
328 2134 452 2188 sosorult.
488 2131 550 2188 Cum
575 2133 657 2205 igitur
683 2148 763 2202 super
784 2131 850 2187 baec
877 2133 946 2187 inter
974 2133 1126 2202 episcopum

89 2239 116 2288 ct
132 2247 226 2304 papan
245 2233 367 2304 nilusque
384 2230 498 2286 clericos
515 2233 605 2304 proris
622 2234 737 2287 oriretur
754 2233 895 2296 eontentio,
915 2235 1057 2301 imperator
1068 2239 1126 2286 tnu-

90 2331 147 2386 rlero
172 2334 255 2402 ipsum
282 2333 395 2404 litigium
420 2330 523 2386 sedarit
546 2339 573 2386 et
595 2335 722 2400 episcopo
750 2347 781 2386 ex
807 2333 866 2402 ipss
888 2337 982 2387 cenna
1003 2332 1126 2387 nennium

89 2447 193 2502 epops
211 2433 368 2502 impetrarit.
403 2428 499 2486 Narrat
516 2429 623 2486 Miletus
643 2434 667 2486 in
687 2432 813 2486 citronius
836 2436 862 2485 ct
884 2429 951 2485 idem
972 2429 1084 2487 liabetur
1102 2433 1127 2486 iu
1158 2437 1159 2442 ’

87 2529 208 2602 hystoria
223 2533 373 2601 tripertita,
395 2529 465 2602 quod
485 2529 527 2584 itis
546 2529 640 2588 diebus
657 2530 727 2602 opud
745 2527 850 2601 Epirum
867 2531 948 2588 draco
968 2531 1061 2603 ingens
1080 2546 1128 2600 sp-

89 2633 191 2702 pnruit,
217 2631 243 2684 in
266 2632 340 2702 cujus
359 2646 406 2685 ore
429 2629 547 2686 Donatus
572 2635 715 2702 opiscopus
740 2632 835 2686 virtute
857 2633 971 2702 insignis
996 2646 1129 2701 exspuens

89 2745 148 2785 mox
168 2746 226 2785 eunt
245 2729 358 2797 occidit,
384 2731 456 2800 prius
480 2735 566 2786 tannen
583 2737 644 2786 ento
660 2731 723 2804 ,ejus
743 2729 837 2785 incisio
855 2729 948 2804 digitis
965 2745 1067 2785 crucem
1080 2729 1127 2785 de·

89 2829 199 2902 signans
218 2835 244 2884 et
261 2826 346 2884 eidem
371 2828 530 2898 ostendeus,
559 2846 633 2902 quoru
660 2833 702 2885 riu
726 2829 782 2886 vttt
802 2833 871 2902 juga
896 2829 988 2896 boum,
1013 2841 1046 2886 oe
1069 2831 1129 2901 eJ’us

90 2928 229 3000 putredine
255 2935 302 2984 ner
325 2929 490 2997 inficeretur,
523 2930 556 2986 ad
588 2932 673 2986 locoru
701 2930 814 2985 incendii
843 2929 950 2987 trabere
980 2937 1128 3001 potuerunt.

52 3095 53 3098 Ἴ
89 3027 159 3084 lderu
185 3045 290 3102 quoque
313 3033 351 3084 sit
375 3029 470 3085 ibidem
496 3037 523 3085 et
546 3033 572 3085 in
597 3031 687 3086 eadent
711 3032 847 3100 tripartita
864 3027 990 3098 trahetur,
1014 3031 1084 3104 quod
1103 3033 1129 3086 ln

91 3127 170 3184 Creta
186 3127 316 3200 dyabolus
334 3131 359 3184 in
378 3133 466 3200 specie
485 3130 571 3201 Mopsi
589 3147 620 3186 se
639 3133 736 3202 posuit,
755 3132 798 3202 qni
817 3128 932 3186 ludaeos
951 3130 1131 3204 undecunque

91 3243 259 3302 congregans
282 3245 364 3301 super
390 3245 509 3301 magnum
533 3233 628 3284 montis
660 3231 843 3301 praecipitium
870 3231 949 3302 Juxta
979 3245 1050 3286 mare
1083 3246 1130 3285 eos

91 3327 173 3382 duxit
209 3327 281 3391 Quos
302 3328 360 3383 doru
376 3328 409 3385 ad
428 3337 524 3384 terram
543 3331 726 3402 promissionis
744 3333 817 3385 sicco
843 3328 910 3402 pede
934 3345 964 3386 se
989 3337 1131 3401 praeeunte

90 3427 188 3483 ducere
207 3428 391 3499 polliceretur,
409 3431 557 3485 innumeros
576 3431 704 3486 euocauit.
738 3428 812 3486 Unde
829 3430 959 3496 creditor,
976 3429 1046 3502 qnod
1066 3429 1131 3502 dpa-

90 3528 168 3583 boius
187 3529 354 3600 indignatus,
382 3530 444 3602 qnia
461 3533 600 3584 occasione
616 3529 729 3597 ludaei,
756 3533 800 3601 qui
820 3531 930 3602 reginae
948 3536 1066 3586 estonam
1085 3531 1131 3586 do·

92 3627 180 3694 derat,
211 3628 320 3700 plausus
351 3625 490 3684 Octauiani
521 3633 652 3697 cessarit,
686 3629 719 3684 ds
744 3629 785 3684 itis
809 3645 840 3684 se
863 3630 954 3685 taliter
978 3630 1130 3686 vindicarit.

91 3727 169 3784 illuiti
187 3737 273 3784 nutem
292 3745 324 3784 er
344 3729 400 3796 iris,
419 3731 463 3800 qui
481 3737 630 3798 evaseruut,
649 3730 684 3785 ad
700 3729 824 3800 baptismi
843 3732 955 3801 gratian
973 3731 1131 3786 convolare-

91 3834 160 3882 rnnt.
196 3829 259 3884 ilum
278 3832 344 3885 enirn
364 3844 437 3884 mons
456 3832 513 3900 ipse
530 3829 640 3885 decliuis
659 3830 820 3886 incumberet
845 3838 872 3885 ct
890 3830 928 3883 ilii
945 3845 1007 3890 sese
1024 3830 1130 3886 orciuo-

92 3935 164 3993 ront,
188 3931 293 3999 priores
319 3935 370 3984 tsun
393 3931 478 3982 scutis
502 3928 611 3998 rupibus
629 3929 738 3986 lacerati
757 3944 833 4001 quern
852 3932 878 3986 in
901 3933 966 3985 mari
985 3931 1131 4000 praelocati

92 4029 186 4082 mortui
211 4035 280 4084 sunt.
315 4027 429 4100 Cumque
454 4028 549 4100 reliqui
572 4028 639 4084 idest
664 4026 752 4084 lacere
777 4030 873 4085 relicui
892 4037 920 4085 et
936 4030 969 4085 de
987 4029 1131 4100 prioribus,

91 4127 154 4198 qnid
174 4129 207 4182 iis
229 4127 370 4194 acciderit,
396 4129 563 4200 ignorarent,
588 4128 692 4199 quidam
715 4132 863 4199 piscatores
887 4129 948 4184 inde
965 4135 1133 4185 insusurres

92 4227 200 4293 malunt,
224 4225 293 4297 quod
319 4227 468 4292 acciderat,
498 4234 671 4283 narraverunt
703 4227 802 4283 eisdem
834 4235 861 4283 et
886 4231 925 4284 sic
949 4229 987 4283 illi
1011 4231 1133 4286 conuersi

92 4332 161 4380 sunt.
196 4325 266 4381 ilaec
292 4328 317 4380 in
342 4324 461 4396 irpstoris
478 4327 619 4397 tripartita
656 4325 755 4389 Quarta
782 4343 863 4383 consa
890 4330 1064 4394 institutionis
1090 4327 1134 4382 iric

79 4428 226 4498 ,assignent
249 4433 346 4497 potest.
380 4425 507 4482 boninus
531 4429 598 4483 eninr
625 4426 771 4482 stiocniis
788 4425 892 4483 Petrum
911 4428 1067 4484 miraculose
1084 4427 1133 4482 ab·
