2918 5302
330 433 402 512 Cep.
427 433 543 494 CXXX.
585 435 630 496 Dc
651 443 751 496 sancto
773 433 902 513 lepidio.
1067 435 1129 498 588

94 587 207 643 triennio
232 585 422 642 febricitantem
446 596 579 657 curasset,
609 605 720 644 eremum
743 592 852 661 cupiens
874 591 939 648 elam
964 591 1087 650 discessit
1102 597 1129 650 ei

94 700 150 740 eum
171 683 348 752 ¹)Voredonio
367 689 476 741 eremita
491 689 631 742 sanctitate
648 691 789 758 conspicuo
809 687 854 745 diu
873 691 983 756 mansit,
1009 691 1055 745 ubi
1072 697 1126 748 stc·

94 785 216 840 uilitatem
241 790 330 840 terroe
353 787 409 842 suis
433 788 533 842 meritis
562 785 672 858 inegerit.
708 785 762 842 Sed
788 785 846 842 duur
876 787 974 860 ubique
996 791 1128 846 miraculis

94 889 264 949 coruscaret,
290 880 418 939 humanae
436 882 522 938 laudis
540 887 635 939 timeus
660 884 802 954 perieulum
821 886 912 942 relicto
930 903 961 942 ee
977 891 1126 944 interiorem

94 997 206 1038 eremum
229 984 391 1052 penetrauit,
421 980 465 1036 ubi
489 981 619 1053 quoddam
643 990 745 1038 antrum
773 989 799 1039 ιι
822 985 949 1056 quendam
976 987 1125 1042 tenticulum

93 1083 230 1152 reperiens
254 1079 384 1152 quandam
409 1079 576 1136 nibilominus
599 1096 699 1138 cervam
717 1091 902 1153 praeparatam
921 1085 1016 1140 ibidem
1034 1085 1128 1140 habuit

93 1166 121 1234 iu
134 1181 269 1245 nutricem,
287 1193 356 1250 quae
367 1181 446 1240 certis
464 1177 538 1236 buris
555 1180 632 1234 iactis
650 1181 797 1236 alimoniam
816 1183 867 1237 sibi
884 1181 1038 1254 praebebat.
1073 1182 1126 1239 Sed

94 1294 150 1334 cum
176 1277 272 1333 ibidem
295 1280 368 1349 regis
391 1280 465 1348 pueri
488 1283 659 1344 reusrcctnr,
692 1281 853 1349 praedictam
878 1281 996 1337 videntes
1022 1295 1125 1337 cervam

92 1380 206 1435 caeteris
228 1373 455 1432 ierls'ccuteuutis
478 1374 546 1431 hanc
570 1392 626 1432 cum
649 1379 758 1434 canibus
781 1381 967 1450 insequentum
991 1395 1008 1435 a
1030 1381 1125 1452 quibes

93 1476 153 1532 dnm
172 1475 338 1532 vehementer
356 1480 504 1549 urgeretur,
523 1475 557 1531 ad
574 1477 657 1548 pedes
675 1480 715 1532 sui
733 1477 852 1548 coniugii
864 1480 969 1536 alumni.
1003 1477 1051 1534 ilie
1063 1495 1124 1534 vere

91 1575 240 1640 sdmiraus,
262 1591 308 1630 cur
330 1581 437 1645 praeter
461 1574 566 1630 solitum
589 1577 629 1630 rio
652 1579 780 1650 mugiret,
809 1579 899 1634 exieus
931 1584 958 1633 et
986 1583 1124 1634 senatores

91 1677 202 1734 audieus
220 1676 350 1731 domiuum
369 1675 505 1740 exorauit,
529 1681 571 1738 ut,
590 1689 666 1746 qnam
684 1675 735 1730 sibi
754 1677 885 1732 tribuerat
901 1678 1042 1742 nutricem,
1066 1691 1124 1732 sar-

91 1781 176 1837 varet.
210 1775 307 1832 canum
324 1780 410 1828 sutem
430 1770 517 1826 nullos
536 1773 606 1828 inies
624 1773 722 1846 lapidis
731 1776 894 1846 jaetsmslbl
911 1777 1124 1846 appropinquare

90 1891 171 1933 susus
196 1880 251 1941 est,
282 1870 330 1927 sed
359 1885 416 1924 cum
447 1873 526 1926 nimio
557 1871 657 1927 ululatu
687 1873 721 1928 ad
754 1880 892 1930 venatores
915 1873 1122 1929 revertebantur.

90 1975 172 2031 Nocte
197 1975 279 2046 igitur
299 1971 501 2041 superveniente
525 1969 626 2025 domum
653 1972 762 2028 redeunt
788 1979 815 2029 et
832 1973 980 2045 insequenti
999 1971 1042 2028 dic
1060 1973 1124 2028 iiiuc

89 2077 252 2132 reuertentes
273 2083 351 2124 casso
370 2067 462 2124 labore
488 2068 588 2125 domum
613 2072 706 2126 iterum
726 2071 870 2128 redieruut.
905 2069 980 2135 Quod
999 2071 1057 2125 dum
1076 2086 1124 2126 ren

89 2171 233 2239 astitisset,
261 2165 318 2224 'rem
346 2174 375 2224 ιι
402 2173 460 2223 erni
483 2169 647 2238 suspicatus,
675 2183 731 2223 cum
756 2173 883 2240 episcopo
908 2175 934 2225 et
958 2169 1123 2225 multitudine

89 2277 241 2328 renatorum
262 2268 324 2323 illue
348 2269 515 2338 properavit,
540 2267 588 2322 sed
611 2282 667 2322 eum
687 2283 766 2324 canes
789 2275 818 2324 ut
834 2257 908 2340 prins
927 2285 979 2324 uon
997 2267 1122 2326 accedere

87 2373 294 2447 praesumerent,
312 2367 358 2422 sed
378 2381 469 2422 omues
485 2365 609 2421 ululando
622 2366 747 2434 redirent,
765 2366 850 2422 iccum
863 2369 979 2437 veprium
992 2367 1129 2423 densitate·

89 2467 296 2526 inaccessibilem
320 2467 347 2520 in
371 2466 454 2538 girum
480 2463 720 2532 circumdederunt,
749 2480 816 2521 unns
839 2472 924 2520 autem
949 2467 1052 2520 incaute
1076 2477 1121 2520 ιι-

88 2573 181 2644 glttam
205 2567 338 2639 dirigens,
362 2570 391 2620 ut
415 2547 476 2620 luds
499 2579 602 2620 cervam
626 2565 786 2635 expelleret,
817 2566 874 2620 viro
899 2563 948 2620 Dei
971 2580 1021 2634 pro
1043 2579 1123 2622 cerus

70 2669 174 2746 ‘oranti
192 2680 274 2740 grave
292 2665 384 2720 vulnus
403 2662 515 2730 indixit,
541 2661 589 2718 sed
614 2664 711 2719 milites
735 2667 851 2719 semitam
876 2663 947 2719 terro
971 2665 1121 2734 aperientes

88 2765 122 2822 sd
140 2767 224 2837 ipsius
243 2763 404 2819 devenerunt
421 2761 572 2831 speluncam
589 2766 617 2817 st
635 2762 756 2818 ridentes
769 2777 856 2819 senem
870 2759 963 2817 babitu
974 2761 1123 2816 mcuacball

87 2867 226 2930 vestitum,
251 2863 348 2918 esuitie
365 2862 452 2917 'sutem
471 2867 498 2915 et
516 2867 604 2916 aetate
622 2859 813 2927 uenerabilem,
835 2876 939 2918 cervam
962 2877 1065 2933 quoquc
1087 2861 1120 2915 nd

87 2965 147 3036 ejus
157 2977 245 3037 genus
256 2960 432 3032 provolutam,
452 2960 526 3015 solus
544 2963 685 3031 episeopus
703 2965 730 3014 ct
743 2975 790 3015 ιιι
804 2976 860 3016 eum
873 2960 976 3031 pedites
989 2959 1121 3026 adierunt,

87 3065 202 3120 materis
220 3067 291 3116 retro
304 3057 381 3116 'stare
401 3061 495 3130 iussis,
515 3065 542 3114 et
559 3061 787 3130 interrogaverunt
806 3075 878 3126 eom,
903 3060 962 3130 quis
985 3063 1057 3114 esset
1079 3057 1121 3114 vsi

86 3162 155 3218 uude
178 3161 294 3217 venisset
316 3163 363 3213 sut
385 3171 432 3214 cur
453 3162 517 3236 tatu¹
531 3157 637 3213 densam
663 3161 742 3212 eremi
766 3158 916 3214 uastitatem
934 3159 1057 3227 petiisset
1073 3171 1120 3212 seu

88 3263 146 3334 quis
171 3275 229 3316 eom
253 3259 391 3316 uulnerare
413 3262 465 3311 taur
489 3259 606 3328 graviter
629 3257 841 3326 praesumsisset.
882 3255 982 3319 lienibus
1007 3271 1062 3310 eun
1087 3255 1121 3309 ud

87 3358 195 3432 singulo
217 3355 400 3428 respondisset
425 3361 453 3412 ei
479 3355 518 3410 iili
537 3354 576 3408 ab
599 3369 630 3409 eo
655 3355 788 3409 humiliter
807 3356 907 3409 veniam
932 3354 1121 3424 postulassent,

86 3457 203 3515 medicos
220 3453 338 3512 cauendo
358 3454 456 3510 vulneri
474 3453 673 3525 spoponderunt
690 3459 717 3508 et
734 3453 815 3508 multa
832 3453 943 3510 donaria
961 3452 1121 3518 obtuleruut,

87 3556 136 3614 ssd
157 3559 215 3627 ipse
237 3567 287 3610 nce
309 3531 462 3608 medicinam
488 3551 615 3608 adbibere
631 3551 715 3607 uoluit
732 3556 759 3608 ιι
776 3565 882 3607 munera
901 3557 1069 3606 contemnens
1087 3549 1121 3604 ed

86 3657 148 3727 ipsa
165 3656 242 3709 ιιιιιι
260 3667 311 3708 ιιι
329 3653 462 3722 resparit,
487 3653 549 3722 quin
573 3653 662 3722 potius
687 3652 774 3706 sciens
793 3650 911 3704 uirtutem
930 3651 955 3702 iu
974 3649 1122 3703 iuirmitsie

86 3751 192 3828 perfici,
210 3751 339 3806 domiuum
358 3737 494 3816 exaravit,
513 3765 562 3816 ne,
585 3749 708 3822 quamdiu
727 3751 843 3815 viveret,
867 3749 974 3804 ssuttstt
991 3749 1121 3818 pristinae

86 3851 252 3911 redderetur.
287 3847 340 3904 Sed
359 3863 415 3902 oum
436 3863 484 3904 ren
503 3865 559 3904 eum
579 3848 735 3919 trequenter
755 3847 875 3902 visitaret
892 3854 918 3902 et
935 3846 1056 3918 pabulum
1075 3859 1120 3900 sa-

86 3953 150 4008 lutis
168 3949 202 4006 ab
221 3963 253 4005 so
270 3949 415 4019 reciperet,
442 3949 581 4002 immensas
605 3946 711 4002 divitias
736 3946 846 4012 obtulit,
871 3944 918 4000 scd
943 3960 990 4001 eas
1014 3943 1059 3999 ille
1077 3956 1119 3999 re-

87 4053 175 4122 cipere
195 4049 343 4113 recusarit,
367 4045 526 4114 admoneus,
551 4043 658 4101 atinde
677 4045 861 4100 monasterinm
879 4049 1058 4109 construeret,
1076 4042 1120 4098 obi

85 4141 222 4205 monastici
255 4143 356 4203 ordinis
389 4144 529 4218 disciplina
561 4145 671 4218 rigeret.
712 4142 787 4208 Quoi
818 4156 874 4207 cum
900 4158 945 4198 rex
972 4142 1120 4210 ²)iccisset.

80 4283 495 4304 *W

135 4363 157 4415 tt
170 4362 211 4410 sd.
224 4367 271 4436 iun
283 4353 454 4409 v'eredsmc.
530 4361 553 4414 i)
566 4359 607 4406 td.
620 4365 654 4408 t'r.
667 4359 737 4406 serien
756 4359 892 4410 venisset
908 4358 969 4412 ierit.
