2984 5302
121 505 195 586 Cep.
219 503 320 564 extit.
360 502 406 564 De
429 502 604 564 assumtione
625 504 861 565 sunctaebleriae
882 504 1005 586 virginis.
1047 505 1109 570 52³
1227 569 1231 576 ,

78 666 220 735 bonorum,
241 680 310 738 qaae
327 664 463 720 bcmsaam
484 670 592 721 mentem
610 663 749 733 excutiunt,
767 671 795 719 tu
813 666 981 737 principium,
999 666 1110 726 medium

80 774 106 823 et
124 767 190 823 inis.
226 765 286 822 Tus
302 769 431 840 securitas
450 771 477 820 et
496 780 559 821 nere
576 763 706 836 proiectis
728 771 754 819 et
771 765 830 821 sine
846 768 944 822 somine
964 771 1111 840 conceptio,
1179 841 1180 846 η

80 867 168 922 slivlns
186 865 353 921 inlrabitstio.
388 863 461 922 baele
479 879 541 922 nere
559 865 664 932 dixisti,
687 879 739 920 nun
765 879 783 919 e
807 872 905 933 morte,
930 867 978 922 secl
996 867 1030 922 ab
1051 871 1112 940 ipss

81 969 251 1040 conceptione
269 965 302 1020 ab
320 964 440 1021 omnibus
458 964 674 1038 generationibus
692 973 719 1021 te
735 964 888 1022 bestilicsrt.
925 965 988 1023 liinc
1000 973 1027 1023 te
1042 983 1111 1025 mors

80 1082 131 1122 non
155 1065 260 1134 besuit,
292 1065 340 1121 sed
365 1070 392 1121 tn
416 1072 522 1121 mortem
546 1062 714 1132 oloribeestl,
737 1065 844 1121 solvens
869 1066 928 1138 ejus
954 1070 1110 1123 moestitiam

80 1173 239 1238 mortemque
257 1174 411 1222 conuertens
430 1167 455 1220 in
474 1165 610 1238 gaudium.
644 1165 673 1221 Si
697 1169 765 1221 eninr
783 1165 854 1222 liene
880 1167 959 1223 elisit:
984 1183 1017 1223 ne
1042 1167 1116 1224 iorte·

83 1267 299 1338 ¹)protoplastus
317 1266 442 1322 extendat
460 1280 560 1322 menum
579 1278 652 1320 susm
671 1273 698 1321 et
716 1269 827 1338 arripiet
852 1266 885 1323 sie
902 1268 976 1342 ligno
995 1273 1022 1325 et
1041 1270 1113 1324 niret

81 1369 108 1422 lu
126 1372 276 1434 aeternum,
295 1365 434 1440 quomodo,
454 1367 498 1438 qui
517 1366 600 1437 ipsam
618 1369 697 1422 ritant
715 1369 847 1439 portarit,
867 1369 946 1423 ritant
963 1370 1021 1424 sine
1040 1370 1112 1440 prin·

80 1471 168 1540 clplo,
186 1470 265 1523 rltam
283 1470 341 1524 elno
360 1467 426 1532 lae,
455 1482 506 1521 uon
524 1468 594 1522 rivet
611 1467 637 1520 in
655 1467 786 1523 saeculum
804 1447 1011 1539 sempiternum?
1045 1467 1113 1524 Olim

80 1568 152 1625 Deus
170 1575 292 1640 parentes
318 1567 422 1623 bomani
448 1569 554 1640 generis
582 1569 609 1622 ln
634 1573 716 1623 morte
740 1570 844 1638 peccati
868 1569 1043 1635 dormientes,
1071 1569 1114 1624 in·-

81 1669 248 1728 obedientiae
272 1669 430 1741 praecipitio
445 1667 500 1739 jan
524 1666 658 1738 sepultos,
683 1670 784 1738 peccati
808 1669 916 1740 crapula
935 1669 991 1741 jam
1018 1667 1113 1740 ¹)ioe·

81 1778 168 1828 tentes
192 1770 282 1825 exules
307 1768 341 1824 ile
359 1767 486 1841 paradiso
509 1767 623 1838 expulit,
652 1783 720 1822 nunc
744 1775 829 1824 autem
853 1768 937 1838 bauo,
964 1785 1032 1841 quau
1056 1771 1114 1826 loto

81 1870 194 1927 bunauo
214 1871 306 1943 generi
323 1871 403 1925 vitam
422 1869 525 1934 attulit,
551 1867 598 1922 Dei
623 1881 654 1922 ao
679 1869 763 1938 patrie
788 1868 965 1926 obedientiam
985 1869 1113 1936 exhibuit,

80 1973 162 2027 totius
176 1971 310 2042 passionis
328 1971 514 2024 immissionem
532 1969 658 2034 excussit,
678 1968 808 2040 quomodo
827 1969 966 2040 paradisus
984 1985 1035 2025 noa
1053 1984 1114 2026 sus·
1183 1999 1185 2004 ·

82 2073 177 2143 cipiet,
195 2068 295 2126 eoelum
312 2069 432 2143 gaudens
447 2071 545 2141 januas
560 2085 613 2125 nou
626 2068 792 2140 patetecteti
826 2067 882 2124 lira
895 2071 1011 2142 serpenti
1025 2083 1115 2125 surena
1131 2121 1132 2126 ,

82 2169 221 2237 exhibuit,
247 2168 399 2240 pestiferum
425 2172 498 2225 sirus
525 2167 628 2236 bausit,
658 2169 838 2240 uoluptatibus
857 2168 988 2236 allicitur,
1023 2173 1115 2241 pertus

81 2269 167 2325 rlulorl
194 2269 333 2341 subjicitur
356 2276 381 2325 et
408 2285 474 2346 cunr,
490 2268 574 2325 Adam
603 2268 797 2326 condemnatur.
833 2268 905 2325 lluuo
936 2275 1021 2324 autem
1052 2285 1116 2326 rere

81 2369 195 2436 beatam,
214 2383 282 2440 quau
299 2383 388 2426 eurem
406 2370 543 2425 inclinarit
559 2368 625 2436 lico,
646 2385 722 2442 qnam
741 2370 849 2442 spiritus
868 2375 976 2425 uramus
993 2369 1116 2440 replerit,
1196 2425 1198 2429 ,

82 2487 150 2544 quae
176 2475 309 2542 paternam
333 2471 539 2542 misericordium
566 2471 691 2526 tn'ntero
717 2469 861 2543 bajulavit,
891 2485 959 2542 qnae
986 2472 1044 2526 sine
1067 2472 1122 2539 rlrl'
1192 2449 1194 2452 ⁵

81 2577 204 2627 contestu
217 2572 347 2640 concepit,
362 2573 420 2628 sine
434 2570 526 2627 dolore
539 2571 651 2641 peperit,
670 2570 800 2642 quomodo
815 2586 884 2625 murs
897 2568 1034 2639 absorbet,
1048 2586 1115 2642 quu-

82 2671 160 2726 motio
184 2671 317 2740 corruptio
344 2668 425 2726 autlet
445 2671 544 2744 aliquid
561 2674 589 2726 ln
608 2687 718 2744 corpus,
742 2669 812 2740 quot
840 2670 924 2741 lpssm
947 2672 1027 2725 ritant
1050 2687 1115 2742 por-

81 2774 169 2829 terlti
203 2769 285 2826 linit
303 2784 407 2842 quoque
421 2770 489 2826 idem
497 2770 675 2827 Damascenus
689 2774 716 2826 in
729 2769 821 2826 iisdem
830 2770 995 2826 sermonibus
1012 2770 1116 2828 licens:

83 2889 173 2930 rerum
192 2867 338 2942 apostolus,
358 2872 407 2941 'qul
423 2869 523 2941 ubique
542 2877 670 2927 terrarum
689 2871 804 2942 dispersi
824 2868 955 2925 bominum
975 2872 1116 2942 piscationi

82 2949 225 3040 sanabant,
245 2971 341 3043 sagina
360 2967 431 3024 serbi
450 2967 569 3026 bumines
588 2969 621 3026 sie
639 2969 777 3043 proluudle
795 2971 912 3026 tenebris
928 2971 961 3025 ael
975 2971 1117 3028 coelestem

81 3087 195 3129 mensam
224 3071 314 3127 eurise
336 3069 378 3125 nel
408 3070 549 3127 sollemnes
576 3074 659 3143 patris
684 3073 789 3142 nuptias
811 3071 970 3138 struentes,
1001 3068 1117 3126 siirlnum

82 3178 265 3244 praeceptum,
287 3173 375 3242 -epoasi
399 3173 496 3244 sagina
520 3167 648 3242 quaedam
679 3170 720 3226 rel
746 3168 845 3238 nubes,
871 3186 886 3226 e
910 3169 1004 3226 bnibne
1027 3174 1118 3227 terrae

81 3272 227 3330 ierusalem
253 3269 379 3336 eontulit,
404 3271 474 3326 ultra
497 3270 623 3342 quasdam
644 3285 726 3342 aquas
746 3285 913 3344 congregans
933 3275 960 3327 et
977 3269 1116 3343 colligens.

83 3371 159 3428 luno
178 3370 281 3443 quidem
298 3367 430 3430 Alanoi
447 3368 504 3426 lira
520 3371 596 3441 prinl
610 3373 738 3442 'parentes
756 3368 979 3426 exclamaverunt:
1003 3372 1063 3425 rcnl
1082 3369 1118 3425 et

83 3487 148 3538 noe,
182 3487 198 3526 o
233 3483 335 3525 sscmm
368 3474 394 3525 ot
418 3468 581 3526 salutilerunr
611 3470 761 3534 cellarium,
795 3475 824 3523 tr
854 3476 971 3525 nostruin
991 3449 1117 3540 implesti
1165 3465 1166 3468 ’

83 3571 216 3644 mulium.
251 3565 364 3624 licontra
391 3575 538 3625 sanctornm
563 3575 685 3637 caturca,
714 3584 783 3640 quac
812 3569 986 3640 corporaliter
1013 3569 1117 3638 aderat,
1147 3616 1148 3619 ,

84 3661 204 3726 licitae:
228 3681 303 3724 mane
328 3666 476 3735 nobiseum,
499 3669 648 3724 consolatio
673 3676 780 3738 austra,
806 3684 854 3726 uec
876 3669 1044 3742 derelinquas
1068 3683 1117 3724 nos

85 3767 233 3842 orplrsnos,
257 3782 334 3840 quam
352 3765 478 3824 babemus
497 3768 615 3824 laborum
634 3767 772 3836 solatium,
798 3769 921 3825 sudorum
939 3769 1116 3844 tetragonum,

84 3869 134 3924 tibl
157 3869 254 3925 virenti
277 3868 433 3937 connitere,
463 3868 514 3923 tibi
539 3870 659 3924 morienti
689 3871 813 3925 commori
841 3869 994 3942 gloriosum.
1033 3865 1117 3924 Nobis

85 3970 154 4024 errius
178 3965 245 4024 baeu
267 3969 322 4023 rita
342 3967 471 4038 quomodo
491 3970 545 4023 rita
569 3973 615 4023 tna
642 3967 774 4025 destitutis
799 3969 960 4040 praeseutia.
995 3967 1065 4024 llaec
1091 3975 1118 4026 et

84 4067 127 4124 bis
145 4068 251 4133 similia,
271 4073 298 4121 ut
315 4069 440 4136 arbitror,
460 4069 575 4139 spostoll
596 4083 652 4124 onur
669 4068 780 4140 reliquls
798 4067 962 4140 plenitudine
987 4069 1118 4126 ecclesiae

87 4168 222 4237 ³)erebrts
247 4166 407 4240 singultibus
433 4168 554 4240 querelas
577 4168 822 4239 interrumpentibus
846 4167 1035 4241 proponebant.
1069 4167 1119 4223 llla

85 4266 118 4322 ad
137 4265 215 4322 litum
235 4281 362 4322 conuersa
380 4270 433 4322 eit:
450 4273 479 4322 tn
494 4267 599 4324 dilectit
617 4266 686 4334 iliis,
705 4283 771 4339 quos
790 4267 886 4324 iratres
904 4268 1040 4340 appellere
1058 4267 1117 4339 plu-

85 4372 503 4386 ffi——ffl

104 4421 156 4529 di)
168 4417 243 4531 Vrrllw
255 4418 326 4463 maier
340 4417 573 4476 protoplaustns.
635 4419 658 4470 2)
671 4415 822 4469 ruizorunles
835 4415 975 4461 serentes.
1027 4415 1129 4469 liblale'

85 4484 295 4544 Maponie.
