2984 5316
352 443 414 508 378
508 446 581 525 Cap.
613 445 765 506 lxxxix.
809 449 971 510 Desancto
997 451 1080 510 Petro
1102 453 1242 531 apostolo.

352 608 493 680 dispersit,
516 613 543 662 ut
562 620 593 662 ca
612 605 682 676 apud
700 609 866 664 catacumbas
884 611 1061 679 dimitterent,
1086 610 1136 667 ectl
1153 627 1209 668 cunr
1227 611 1387 674 dubitarent.

352 723 419 781 quea
437 722 501 764 osse
519 714 607 764 essent
624 709 697 764 beati
709 707 782 764 Petri
798 719 825 765 ct
841 726 909 780 qaae
925 709 998 768 boati
1011 711 1096 778 Pauli,
1113 711 1250 768 orantibus
1263 704 1387 794 fidelibus

350 819 377 867 ct
397 810 509 882 jeiuniis
530 807 711 863 insistentibus
727 807 769 882 ,dc
787 811 862 866 eoclo
883 811 922 866 nis
943 827 1095 883 responsum
1116 820 1171 870 est:
1195 815 1298 884 majora
1318 827 1387 868 ossa

349 920 411 966 sunt
428 911 635 981 praedicatoris,
659 909 760 964 tninore
777 925 840 966 vcro
858 913 1015 981 piscatoris,
1041 919 1068 970 et
1090 915 1131 970 sle
1155 928 1219 976 ossa
1242 927 1272 969 sc
1290 912 1325 967 ab
1343 914 1383 966 in-

349 1014 431 1065 vicem
457 1015 647 1081 separaverunt
664 1015 691 1064 et
714 1011 742 1063 in
761 1012 817 1064 suls
836 1010 971 1079 ecclesiia,
997 1027 1064 1084 quas
1089 1013 1199 1070 cuilibet
1223 1011 1384 1068 aedificare·

349 1117 422 1179 rant,
446 1113 601 1180 posuerunt.
636 1107 690 1164 lilii
714 1125 776 1164 nero
805 1108 909 1176 dicunt,
942 1111 1012 1182 quoti
1039 1111 1169 1178 Silrcster
1196 1111 1384 1184 papanolcns

347 1210 475 1266 eeclesias
493 1223 651 1266 corasecrare
670 1216 722 1264 un
741 1224 930 1282 magnauram
952 1227 1035 1284 parra
1052 1228 1116 1268 ossa
1138 1215 1165 1268 in
1182 1211 1258 1268 lance
1282 1225 1384 1266 sumna

347 1312 495 1366 maerentia
513 1309 670 1380 ponderavit
687 1316 714 1364 et
731 1309 896 1366 modietetem
923 1313 948 1366 iu
971 1327 1023 1368 una
1039 1312 1152 1368 ecclesie
1171 1320 1199 1368 et
1216 1311 1382 1368 medietatem

347 1413 372 1467 in
389 1413 443 1466 alia
460 1410 608 1466 collocarit.
642 1408 733 1465 llclcrt
751 1407 895 1483 Grcgorius
919 1413 944 1465 in
969 1412 1099 1486 melego,
1124 1413 1194 1485 quob
1218 1415 1253 1467 in>
1267 1412 1382 1468 ecclesia

345 1513 429 1566 sancti
447 1510 532 1573 Petri,
561 1511 606 1566 ubi
631 1526 726 1582 corpus
746 1513 804 1567 eius
823 1513 982 1583 requiescit,
1006 1514 1047 1569 rir
1063 1511 1169 1584 quidem
1194 1519 1266 1578 arat,
1288 1514 1380 1584 Agon-

344 1613 397 1666 tius
415 1613 526 1675 nornine,
545 1625 655 1682 magnae
674 1609 828 1666 humiliatis
847 1616 874 1666 ct
891 1613 1041 1666 sanctitatis
1060 1615 1200 1669 exsistens.
1236 1611 1298 1667 Cum
1316 1629 1380 1668 nero

344 1711 473 1784 quaedam
488 1709 576 1782 puella
590 1709 729 1782 paralitica
740 1713 766 1764 ln
778 1712 835 1782 ejus
847 1709 959 1766 ecelesia
972 1727 1127 1784 permanens
1141 1712 1261 1770 manibus
1275 1715 1380 1784 rcpcrcl

344 1820 371 1869 ct
385 1811 522 1867 dissolutis
535 1809 642 1867 renibus
661 1809 811 1880 etpedibus
824 1827 920 1881 corpus
937 1828 986 1883 per
1002 1818 1097 1870 terram
1118 1811 1242 1870 trabarel·
1251 1811 1349 1884 diuque
1362 1826 1381 1865 a

342 1911 421 1967 beato
434 1911 512 1967 Petro
524 1914 662 1967 samiutcm
681 1917 792 1982 peteret,
811 1913 835 1966 ei
851 1927 899 1982 per
917 1914 1044 1968 visionem
1062 1911 1167 1968 erlatllit
1183 1912 1289 1968 diceus:
1307 1910 1379 1966 rarle

341 2013 375 2068 ed
388 2013 529 2084 Agontlun
544 2012 746 2067 mansionarium
763 2017 790 2066 et
806 2013 864 2082 ipse
876 2017 903 2066 te
920 2013 1000 2068 saluti
1019 2015 1149 2069 restituet.
1185 2013 1279 2082 Coepit
1295 2013 1379 2084 igitur

341 2114 388 2169 ilia
416 2129 464 2184 pcr
486 2112 614 2168 ccclesiae
642 2110 701 2168 loca
729 2127 758 2166 sc
786 2110 937 2184 locatque
960 2111 1022 2168 ilinc
1038 2111 1145 2168 trabere
1168 2118 1203 2178 et,
1227 2111 1287 2182 qula
1304 2117 1378 2167 essct

342 2216 481 2290 ligonius,
507 2215 686 2285 investigare,
709 2211 751 2266 cul
769 2219 877 2283 repento
895 2211 998 2267 obviarn
1025 2214 1084 2284 ipse
1110 2212 1195 2266 lectus
1218 2217 1273 2278 est,
1299 2225 1376 2283 quem

339 2313 499 2386 quaerebat,
527 2315 604 2383 cipite
627 2313 711 2366 dixit:
741 2319 833 2383 pastor
858 2319 885 2368 ct
907 2313 1021 2367 nutritor
1046 2318 1138 2368 moster
1163 2309 1258 2366 beatus
1282 2310 1375 2368 Petrus

337 2413 476 2484 apestolus
493 2413 526 2467 ari
545 2420 571 2467 to
588 2428 629 2468 me
646 2413 732 2478 misit,
755 2418 784 2466 nt
806 2410 840 2468 ab
867 2412 1016 2468 intirmitato
1041 2427 1099 2468 rnna
1125 2427 1165 2465 me
1182 2410 1290 2469 liberes.
1326 2410 1375 2466 Cui

338 2513 383 2568 ille
404 2512 553 2583 respondit:
577 2513 600 2566 si
626 2515 659 2566 ab
685 2499 743 2582 ip'so
769 2513 850 2566 missa
875 2528 919 2578 es,
947 2527 1044 2584 surge,
1071 2510 1291 2585 apprehensaque
1316 2513 1374 2584 ejus

336 2629 413 2668 mano
431 2615 514 2684 ipsam
534 2607 633 2666 lcrnrit
651 2611 749 2682 illaque
768 2610 839 2666 nullo
859 2610 996 2683 languoris
1009 2613 1123 2682 acatlgio
1134 2618 1285 2666 remanente
1296 2610 1374 2683 plene

336 2720 431 2768 sanato
449 2713 506 2768 luit.
541 2710 569 2766 ln
588 2709 680 2766 eodem
699 2726 803 2782 quoquc
821 2710 889 2765 libro
908 2713 946 2764 ait
964 2708 1125 2782 Gregorius,
1144 2709 1214 2782 quorl
1233 2707 1311 2766 Galla
1329 2727 1373 2766 ur-

335 2813 377 2868 bis
401 2812 499 2869 Romae
522 2811 688 2868 nobilissima
710 2810 801 2884 puella
825 2809 971 2882 Symmachi
998 2811 1113 2866 consulis
1137 2825 1170 2866 ao
1188 2812 1295 2883 patricii
1318 2810 1374 2867 blla

334 2915 429 2970 merito
447 2912 546 2968 tradita
564 2915 590 2968 in
607 2914 683 2966 nnius
701 2913 763 2968 aunl
780 2913 867 2982 spatio
895 2911 953 2982 clue
978 2916 1019 2966 est
1036 2918 1119 2966 morte
1137 2909 1254 2968 viduata.
1289 2910 1372 2976 Quam

334 3014 395 3070 lust
412 3011 447 3068 ad
466 3011 611 3068 iterandum
629 3011 769 3067 thalamun
788 3017 862 3067 aetas
889 3017 915 3067 ct
932 3025 998 3081 opcs
1016 3017 1157 3077 uocarent,
1179 3012 1267 3084 elegit
1286 3013 1372 3085 nagia

333 3111 515 3184 spiritualibus
533 3113 632 3184 nuptiis
650 3112 770 3183 copulari
789 3111 860 3178 ileo,
886 3112 920 3166 lm,
931 3110 1026 3183 qulbus
1042 3126 1060 3166 a
1078 3111 1150 3166 loma
1167 3113 1298 3183 incipitur,
1321 3110 1371 3168 sed

333 3213 372 3268 nti
385 3221 495 3270 aeterua
509 3211 609 3286 gaudia
628 3215 787 3279 pervcnitur,
806 3227 882 3283 qoam
896 3210 1046 3270 camalibua
1063 3213 1162 3284 nuptiis
1179 3210 1284 3284 subjici,
1302 3226 1371 3285 quae

333 3331 350 3370 a
376 3313 480 3370 laetitia
504 3329 609 3384 semper
634 3314 776 3385 incipiant.
809 3312 858 3370 scri
881 3309 916 3367 erl
951 3311 1026 3368 busta
1057 3328 1114 3368 cum
1146 3312 1219 3368 luctu
1250 3311 1369 3367 malunt.

331 3413 398 3470 llalo
416 3421 503 3470 artem
522 3429 579 3470 oum
596 3413 673 3470 salle
692 3416 773 3487 ignea
790 3415 946 3485 conspersio
963 3415 1083 3484 corporis
1100 3414 1209 3479 inesset,
1226 3419 1371 3483 coeperunt

331 3514 427 3570 medici
452 3512 558 3581 nlicere,
578 3501 663 3586 nula,
680 3515 733 3570 nist
749 3513 784 3570 ad
801 3513 936 3584 amplexus
962 3515 1013 3568 riri
1038 3512 1151 3581 rcrlirct,
1182 3512 1271 3569 calore
1288 3511 1368 3567 nimio

331 3619 423 3670 costra
439 3618 557 3670 naturam
574 3613 682 3671 barbam
700 3613 832 3670 habitura,
843 3619 922 3670 essct.
957 3611 1035 3676 Quod
1062 3613 1101 3668 ila
1119 3617 1182 3683 post
1200 3612 1369 3668 factumest:

331 3712 379 3770 sctl
397 3712 444 3769 illa
459 3713 524 3770 nibil
541 3716 659 3772 exterius
676 3713 852 3773 deformitatis
869 3714 969 3780 timuit,
993 3711 1064 3786 quotl
1082 3714 1232 3770 interiorem
1253 3713 1368 3784 speciem

330 3817 439 3884 amarit,
467 3817 692 3880 saeveritatem,
720 3817 744 3870 sl
771 3813 822 3870 boo
845 3817 872 3870 lm
890 3828 924 3872 aa
942 3811 1111 3880 luctaretur,
1134 3811 1206 3884 quod
1223 3827 1242 3870 a
1257 3812 1368 3870 coelesti

330 3929 429 3986 sponso
446 3895 502 3970 aon·
516 3920 656 3975 amaretur.
691 3913 803 3987 bblccto
829 3917 912 3989 igitur
934 3912 1175 3970 muniminibus
1192 3912 1263 3985 apul
1279 3913 1365 3970 ecole-

329 4019 397 4072 siam
414 4017 499 4071 sanni
518 4014 589 4072 Petri
608 4017 767 4070 monasterio
785 4030 815 4072 sc
834 4014 909 4072 dedit
932 4013 1021 4086 ibique
1045 4015 1144 4070 nostris
1162 4017 1239 4071 annis
1258 4017 1285 4070 ln
1302 4017 1367 4072 sim-

329 4117 447 4189 plicitate
474 4113 640 4172 orationibus
663 4121 690 4172 el
720 4113 870 4172 clemosinis
895 4113 952 4172 Deo
980 4115 1096 4170 serrinit.
1132 4113 1252 4172 Tandem
1279 4119 1367 4172 caueri

330 4215 420 4274 ulcere
434 4218 461 4272 ln
479 4215 619 4273 mammilla
641 4230 779 4290 pereussa,
797 4214 857 4271 dum
872 4221 933 4272 ante
951 4217 1010 4286 ejus
1028 4214 1123 4270 lectum
1137 4213 1189 4270 bno
1205 4215 1366 4272 caudelabra

209 4387 210 4392 η
330 4332 434 4388 semper
453 4317 571 4373 lucerent
607 4316 670 4387 quia
688 4316 760 4372 relat
777 4317 862 4372 antica
879 4315 945 4372 lucis
966 4331 1017 4370 non
1034 4315 1119 4372 solunt
1136 4315 1299 4386 spirituales,
1316 4317 1365 4372 setl

331 4423 358 4473 ct
373 4415 526 4490 corporales
544 4415 668 4473 tenebras
686 4413 748 4474 odio
762 4415 887 4480 babebat,
905 4414 972 4471 vidit
983 4414 1085 4472 beatum
1101 4414 1202 4474 Petrum
1215 4415 1365 4490 apostolum
