2828 5302
336 476 408 554 Gap.
429 473 531 536 XXXl.
573 475 619 536 De
640 479 859 557 septuagesima.
1064 477 1123 544 itt

84 633 209 690 christus
228 635 254 689 in
278 639 356 690 serta
373 633 461 691 estate
486 633 572 690 mundi
590 634 625 690 ab
644 633 694 692 boe
713 637 807 693 cnsilio
826 640 852 694 in
871 653 919 710 spe
937 643 1062 698 aeternae
1079 657 1121 700 re·

83 733 238 790 tributionis
261 733 365 789 reddita
388 735 552 790 innocentiae
580 736 650 791 stola
673 751 721 808 per
745 735 902 808 baptismam
926 739 1038 810 eripuit,
1072 739 1119 799 sed

85 840 265 890 consummato
281 840 401 906 tempore
423 835 506 888 nostri
523 833 610 889 exsilii
628 841 739 908 utraque
756 837 826 892 stola
842 853 890 893 nos
908 837 1026 910 perirote
1043 839 1121 914 dcco·

85 934 167 990 rabit.
219 931 282 990 ilinc
305 940 347 989 est
369 932 438 1006 qnod
457 934 483 988 in
500 931 550 990 boc
564 939 683 1006 tempere
698 932 854 993 deviationis
873 943 900 994 et
915 936 1003 994 exstiti
1020 943 1124 996 cantica

85 1033 206 1090 laetitiae
228 1033 398 1106 deponimus,
429 1032 477 1090 sed
494 1038 581 1090 tomen
600 1035 627 1089 tu
650 1033 763 1091 sabbato
786 1035 901 1108 posobae
918 1053 995 1094 unum
1013 1039 1122 1113 alloicia

86 1133 271 1200 decantamus,
287 1139 412 1206 uuquam
430 1136 456 1189 in
474 1147 522 1205 spe
538 1137 663 1190 aeternae
680 1136 785 1206 patriae¹
800 1137 965 1209 gratulantes
983 1145 1010 1195 et
1026 1139 1121 1196 stolen

87 1236 254 1289 innocentiae
271 1236 297 1288 io
313 1238 392 1288 senta
413 1231 500 1287 mnndi
522 1238 611 1288 astate
628 1249 678 1304 per
694 1232 824 1290 Christum
842 1245 1043 1309 recuperantes,
1079 1244 1120 1297 cni

87 1335 168 1390 etiam
184 1340 284 1389 tractes
301 1331 453 1405 subjicitor,
480 1348 529 1404 per
546 1347 622 1406 quem
640 1334 803 1407 significator
819 1333 912 1403 labor,
943 1353 1018 1410 quem
1037 1338 1123 1396 adbuc

87 1433 124 1489 ad
143 1432 318 1504 impletionem
337 1431 516 1488 mandatorum
534 1433 582 1490 liei
601 1431 700 1490 babere
716 1431 849 1490 debemur.
884 1433 914 1490 ln
931 1435 1044 1495 sabbato
1061 1448 1123 1512 pout

87 1532 198 1604 pescia
220 1535 247 1588 in
265 1549 334 1607 quo,
350 1537 380 1589 nt
397 1531 493 1587 dictum
511 1538 567 1599 est,
584 1534 738 1588 terminator
754 1537 968 1608 septuagesima,
986 1535 1038 1595 duo
1056 1539 1123 1597 aile-

88 1633 146 1704 luja
162 1639 306 1701 antuus,
327 1635 391 1706 quie
406 1631 536 1704 completo
553 1630 631 1702 injus
648 1631 734 1687 mundi
754 1635 864 1689 termino
880 1633 1009 1706 duplicem
1028 1637 1123 1695 stolam

88 1734 194 1807 gloriae
218 1749 414 1807 consequemur.
466 1732 529 1788 Alia
550 1737 592 1788 est
613 1733 682 1786 ratio
705 1737 815 1804 propter
843 1739 1122 1806 repraesentationem,

88 1835 212 1907 quoniam
230 1834 426 1905 septuagesima
444 1835 628 1904 repraesentet
643 1833 813 1904 septuaginta
827 1835 927 1900 annos,
963 1833 1058 1906 quibus
1077 1838 1122 1894 lilii

87 1932 172 1988 lsrael
189 1931 238 1987 sub
255 1933 409 2003 captivitate
425 1929 581 1989 Babilonica
598 1929 717 1998 luerunt,
742 1936 768 1986 et
785 1931 998 2004 quemadmodum
1017 1937 1057 1992 illi
1076 1937 1122 1994 de-

89 2037 234 2105 posuerant
251 2045 354 2104 organa
369 2045 418 2086 sna
436 2028 567 2086 dicentes:
601 2029 732 2103 quomodo
749 2028 912 2088 mntobirnus
930 2035 1056 2092 woicam
1074 2037 1122 2093 do-

88 2133 151 2187 nini
168 2137 233 2198 cta,
267 2133 306 2186 sic
323 2135 350 2186 et
366 2145 414 2185 nos
433 2131 536 2185 cantica
552 2129 638 2186 lendis
656 2129 818 2202 deponimus.
859 2130 957 2188 Postea
978 2147 1042 2190 roro
1060 2135 1122 2192 daia

87 2231 142 2287 iliis
163 2231 272 2287 lieentia
291 2229 417 2286 redeundi
443 2243 460 2284 a
484 2229 553 2300 (ipro
575 2232 743 2303 sexagesimo
767 2244 838 2285 anno
863 2239 1007 2302 coeperunt
1028 2233 1123 2292 laetari

87 2339 115 2388 et
132 2347 182 2388 nos
204 2346 309 2404 quoqne
333 2331 359 2385 in
384 2327 498 2401 sabbate
520 2327 636 2402 parebas
659 2337 791 2402 umquam
814 2331 841 2386 lo
863 2335 1030 2404 temerino
1054 2350 1124 2393 anno
1165 2355 1166 2358 ¹

86 2433 198 2504 alleluja
215 2438 348 2486 cantamus
368 2445 457 2486 eonrm
475 2429 699 2501 repraesentando
717 2429 855 2498 laetitiam,
873 2429 921 2488 sed
939 2437 1026 2489 tunm
1044 2435 1082 2494 illl
1097 2439 1123 2492 in

89 2537 222 2604 apparatu
249 2529 349 2586 reditus
367 2534 394 2586 ot
419 2532 445 2584 in
463 2529 614 2603 colligendo
636 2528 783 2586 seminatas
806 2528 913 2588 multum
936 2530 1124 2592 laboraverant

89 2638 118 2689 et
134 2647 184 2686 eos
202 2635 264 2703 post
281 2629 391 2702 alleluja
406 2635 517 2685 tractum
535 2631 623 2688 siadm
642 2629 841 2702 subjungimus,
853 2629 1023 2707 qullaborem
1039 2640 1124 2710 signi-

88 2733 166 2800 fieat,
192 2729 307 2786 sabbato
325 2735 426 2798 eutem,
456 2746 509 2803 quo
526 2733 724 2804 septuagesima
740 2732 911 2799 terminetur,
940 2731 993 2788 duo
1013 2735 1123 2809 alleluja

86 2837 239 2894 cubamus,
273 2844 363 2886 coram
380 2828 482 2899 plenam
500 2831 643 2896 laetitiam,
675 2846 724 2902 per
742 2845 819 2902 quan
837 2837 1013 2901 perronernui
1030 2836 1057 2889 io
1074 2851 1123 2906 pa·

87 2933 176 2998 trion,
194 2933 347 3004 figurantes.
397 2929 451 3008 lloc
469 2932 548 2986 etiam
565 2935 667 3002 tempus
684 2929 848 3001 captivitatis
863 2934 890 2984 et
907 2929 995 2986 eusibi
1013 2932 1123 2991 liliorum

87 3030 171 3088 bruel
192 3036 375 3102 repraesentat
389 3035 492 3101 tempus
517 3035 623 3086 norim
641 3030 878 3103 peregrinationis,
908 3031 972 3102 qnia
987 3032 1055 3087 sicut
1071 3035 1124 3105 ipsi

88 3135 117 3187 in
133 3134 301 3204 sexagesimo
322 3145 391 3187 uno
410 3134 471 3186 sent
486 3127 609 3196 liberati,
643 3130 683 3186 rio
706 3144 756 3185 nos
779 3130 807 3184 ln
824 3134 902 3185 serta
919 3128 1007 3186 mnudi
1025 3138 1121 3189 aetate.

88 3229 205 3288 Etsient
215 3228 337 3293 adbueln
348 3227 499 3304 colligendo
515 3227 663 3284 eamiunlas
679 3225 876 3296 laboraverunt,
894 3229 934 3284 sio
947 3233 974 3284 et
985 3233 1122 3287 noreiam

87 3328 194 3386 liberati
211 3331 237 3384 ln
248 3331 423 3403 completione
439 3327 618 3385 mendatorum
637 3326 796 3385 laboremne.
814 3327 868 3384 Sed
884 3343 942 3384 cem
958 3327 993 3384 od
1011 3331 1123 3400 petriam

88 3435 240 3502 peruentum
268 3429 362 3498 luerit,
398 3429 475 3486 labor
497 3428 581 3484 omnis
606 3427 722 3484 cessabit
744 3433 772 3484 et
788 3426 877 3500 glorie
894 3426 1014 3498 perlecta
1029 3430 1080 3485 erit
1097 3435 1124 3486 et

88 3529 186 3601 duplex
203 3529 313 3603 allcana
329 3531 356 3586 lu
371 3544 484 3601 corpore
502 3535 529 3584 et
545 3528 633 3583 mima
650 3524 821 3582 canubinns.
846 3525 874 3582 ln
892 3522 942 3580 boo
958 3527 1041 3600 igitur
1057 3517 1123 3584 ten'·

88 3645 154 3701 porc
171 3629 259 3684 exsilii
276 3631 390 3684 ccclesia
407 3628 493 3683 multis
510 3624 723 3683 tribulationibus
742 3641 837 3696 pressa
855 3631 881 3682 et
899 3622 955 3681 iere
971 3626 997 3680 in
1013 3625 1123 3682 baratro

86 3729 282 3800 desperationis
306 3731 396 3799 posita
419 3727 454 3782 ab
478 3727 533 3782 alto
555 3724 664 3782 traleus
687 3725 804 3797 suspirie
826 3724 923 3781 clamat
940 3726 967 3779 ln
989 3725 1078 3781 alicio
1096 3734 1124 3784 et

87 3828 166 3884 dicit:
200 3827 425 3884 circumdederunt
441 3842 483 3883 me
500 3828 613 3900 mutius
630 3827 722 3880 mortis
740 3828 805 3890 etc,
832 3825 859 3878 et
874 3821 991 3878 ostendit
1007 3824 1121 3880 ecclesia

86 3928 254 3999 multiplicem
273 3929 315 3983 sui
334 3927 538 3994 tribulationem,
556 3937 633 3997 qnam
652 3923 744 3990 babet,
761 3927 788 3979 et
805 3938 854 3994 pro
872 3923 1122 3981 miseriseontraots

85 4035 113 4084 et
131 4043 180 4098 pro
198 4025 296 4099 duplici
314 4041 401 4098 poena
418 4026 517 4082 iodieta
533 4031 561 4082 et
579 4040 628 4096 pro
645 4011 793 4096 culpaque
811 4020 845 4077 ad
856 4021 960 4092 aliquos
972 4025 1119 4080 commissa.

86 4127 139 4182 iisd
162 4133 250 4182 tumen
274 4140 307 4181 ne
330 4124 469 4197 desperet,
501 4126 658 4197 proponitur
675 4127 700 4180 ei
717 4124 744 4178 in
762 4119 902 4194 euangelio
919 4126 947 4175 et
963 4122 990 4176 tn
1006 4125 1121 4193 epistola

84 4227 183 4297 triplex
200 4223 306 4282 edules
323 4214 464 4281 remedium
482 4223 622 4296 attriplex
640 4225 792 4295 praemium.
833 4216 982 4276 lienedlnm
1000 4226 1054 4286 est,
1080 4229 1117 4290 nt,

84 4327 109 4381 si
125 4325 161 4380 ab
180 4325 234 4380 illis
253 4325 308 4379 uult
325 4323 442 4394 periente
461 4323 578 4392 liberari,
597 4327 625 4379 in
643 4307 720 4379 vinee
735 4324 838 4377 animae
855 4332 920 4374 snae
937 4317 1051 4388 laboret,
1068 4321 1118 4375 ab·

84 4424 229 4482 medendo
243 4427 307 4484 uitia
326 4428 495 4495 ciperente,
513 4424 609 4495 portes
626 4425 653 4478 in
673 4421 761 4478 stadio
779 4419 927 4492 praesentis
946 4418 1016 4474 ritae
1032 4426 1123 4474 cumr

859 4515 911 4573 it*
