2866 5310
241 493 316 574 Cnp.
331 490 450 552 Lxxtt.
494 491 539 551 De
561 487 750 552 adscensione
772 488 889 551 donnini.
1023 487 1085 551 319

38 649 89 720 dit,
107 651 221 723 septlno
240 665 321 724 quom
340 648 487 707 adscendit.
523 644 892 721 Circn'primuunotnndunn,
910 646 1032 719 qoootm
1051 643 1085 702 de

37 759 130 808 monte
149 751 242 806 oliveti
260 766 354 808 versus
372 750 527 807 bethoniam
547 750 638 807 coelos
655 746 811 815 adscendit,
834 749 879 820 qui
897 761 971 802 rocus
990 761 1081 802 secun·

39 851 102 907 dust
136 850 216 907 alienu
239 849 439 906 translationem
463 849 562 905 dicitur
585 864 659 904 mons
693 849 771 902 trium
794 847 933 914 luminum,
963 861 1023 902 nunt
1051 847 1085 903 clo

39 959 120 1008 nocte
139 967 172 1006 ex
192 958 267 1022 porte
285 949 429 1006 occidentis
448 948 646 1005 illuminabatur
664 949 726 1022 igne
742 947 842 1019 templi,
860 947 923 1018 quin
938 955 998 1003 erat
1015 949 1097 1016 ignis⁴

35 1053 115 1124 iugis
134 1050 162 1106 in
178 1050 271 1117 elteri,
291 1064 367 1106 nnnc
384 1065 418 1106 ex
435 1055 511 1122 purte
531 1049 641 1104 orientis
658 1051 742 1121 primo
761 1047 912 1120 oncipicbat
930 1049 1022 1103 radios
1038 1063 1081 1120 ro-¹

40 1153 90 1218 lis,
120 1159 261 1224 antequem
279 1149 438 1204 illuminaret
453 1151 602 1216 ciultntcm,
628 1147 744 1204 liniebat
761 1149 871 1218 insuper
888 1149 914 1202 in
933 1163 964 1203 so
983 1151 1085 1220 copisnn

39 1251 114 1319 olei,
135 1250 208 1324 quod
226 1256 267 1305 ert
287 1249 428 1304 lomentum
447 1249 561 1316 lutrinis,
580 1253 608 1304 ct
625 1247 685 1303 idco
702 1247 802 1303 dicitnr
817 1263 892 1302 nons
910 1250 988 1303 trium
1007 1247 1070 1303 lnnsi

40 1367 111 1407 nunt.
146 1349 177 1405 ln
193 1349 262 1406 lnnno
282 1350 366 1422 igitur
381 1355 493 1403 orontem
512 1347 633 1404 Christus
652 1346 797 1417 discipulos
815 1348 855 1402 irc
866 1350 1009 1420 proecepit,
1027 1364 1085 1403 nuto

40 1452 68 1506 in
87 1453 149 1522 ipsu
167 1448 212 1506 die
228 1448 413 1504 adscensionis
434 1447 478 1502 bis
497 1450 634 1520 apparuit:
653 1447 735 1503 semel
746 1445 783 1500 xl
799 1447 929 1519 apostulis
946 1447 1084 1504 comeden-

41 1550 113 1606 tibus
133 1552 162 1606 in
185 1530 339 1605 cornsoulo.
374 1546 471 1603 Omnes
490 1547 595 1620 quidem
613 1552 667 1602 tntu
686 1546 818 1617 apostoli,
845 1563 921 1620 quun
939 1547 986 1603 elii
1004 1546 1085 1602 disci-

41 1643 225 1722 putt'nceoon
250 1655 277 1704 ot
300 1647 425 1704 nulicrcs
449 1645 607 1702 habitabant
632 1649 659 1702 in
678 1645 726 1701 illo
742 1645 993 1717 pantolemcnlctn,
1017 1663 1086 1720 quse

44 1749 184 1806 dicebatur
202 1747 301 1816 blello,
327 1751 384 1804 sire
402 1747 429 1802 ln
448 1753 536 1803 rnonto
557 1747 642 1818 syon,
668 1745 713 1801 ubi
730 1746 814 1801 liorid
835 1753 1017 1802 construxerat
1034 1744 1087 1802 sibi

41 1850 186 1921 palatius,
204 1853 231 1904 et
248 1853 306 1904 erut
322 1846 359 1903 ibi
378 1846 443 1902 illud
463 1847 632 1902 coenaculum
649 1845 752 1919 grande
768 1852 893 1912 straton,
921 1848 947 1900 in
966 1861 1017 1917 qno
1037 1844 1088 1901 do·

41 1951 131 2004 ninus
151 1947 355 2022 paecepitssibi
376 1949 466 2018 peruri
485 1945 602 2017 pesclo,
622 1952 648 2001 et
665 1949 692 2000 in
710 1945 757 2000 illo
776 1944 1087 2002 coenucnlotuoounde-

40 2050 92 2104 cin
110 2047 227 2118 apostoli
245 2047 416 2114 habitabunt,
433 2049 535 2102 osetcrl
553 2052 639 2102 nutent
658 2045 781 2116 discipuli
799 2053 825 2102 et
838 2045 962 2104 mulieres
979 2043 1088 2100 babita-

39 2147 106 2204 bnut
130 2151 335 2220 circunquaque
359 2164 408 2219 per
433 2146 540 2202 diversa
558 2145 674 2217 bospitio
718 2144 784 2200 Duru
809 2148 892 2218 igitur
915 2147 941 2199 in
960 2144 1006 2200 illo
1024 2161 1087 2202 coc-

43 2247 140 2303 neeolo
160 2246 342 2313 oonotcront,
371 2245 492 2302 dontinus
518 2248 552 2301 lis
578 2247 702 2318 apparuit
724 2251 751 2301 ct
768 2244 977 2301 incredulitatem
997 2261 1086 2301 corun

42 2348 228 2416 exprobrarit,
246 2353 273 2401 ot
288 2361 344 2402 curu
365 2345 525 2403 comedisset
541 2360 597 2401 curn
618 2347 653 2398 lis
671 2351 697 2400 ot
715 2347 905 2416 praecepisset,
923 2351 952 2399 ut
969 2349 996 2400 in
1012 2360 1084 2400 oson-

41 2451 94 2502 test
111 2444 208 2500 oliveti
224 2461 317 2502 vorsus
332 2444 488 2502 bethnntsrn
505 2447 589 2513 irent,
618 2442 716 2499 ibidcnn
741 2445 776 2498 ils
798 2446 891 2499 iterum
916 2446 1040 2515 apperuit
1056 2459 1087 2500 oc

41 2543 188 2601 indiscreto
204 2544 392 2617 qusersntibuo
410 2545 550 2616 respondit
573 2552 600 2601 et
627 2544 738 2600 eleuatis
762 2543 882 2599 monibus
900 2545 935 2598 iis
952 2543 1089 2599 benedixit

40 2650 69 2700 et
92 2643 158 2699 indo
182 2659 271 2700 coruos
287 2647 321 2700 iis
338 2647 366 2701 in
383 2645 485 2701 coelunt
502 2644 649 2702 adscendit.
684 2643 724 2700 Ilo
748 2643 809 2699 loco
827 2649 913 2699 solens
931 2642 1086 2699 adscensio-

41 2747 83 2799 nts
102 2744 170 2800 diett
186 2743 317 2815 Sulpltlue
335 2746 476 2817 episcopus
494 2744 747 2816 illerosolumitsnus
765 2749 792 2801 et
808 2743 923 2800 babetur
938 2745 965 2797 ln
983 2743 1087 2816 glosss,

41 2845 123 2916 quis,
141 2859 199 2900 cuns
216 2843 255 2899 ibt
273 2851 369 2915 postes
384 2845 524 2901 sediicutc
547 2851 619 2900 essct
642 2844 772 2912 ecclesio,
798 2844 873 2900 locos
897 2841 952 2908 llic,
979 2844 1007 2896 in
1033 2859 1085 2914 quo

42 2948 174 2998 steterunt
213 2945 332 3017 vestigis
361 2943 459 3000 Giristl
490 2942 694 3010 adscendentis,
725 2959 854 3015 nonqunno
885 2947 973 3014 potnit
1004 2945 1088 2998 sterni

40 3043 210 3112 permoneo,
243 3045 296 3099 ino
326 3042 483 3100 rosillcbsnt
513 3058 644 3102 unsruore
672 3045 698 3098 to
724 3057 773 3098 ons
797 3042 990 3100 collocantium.
1024 3042 1086 3100 Col·

41 3144 95 3197 cen
121 3145 201 3198 etisn
222 3142 339 3214 pulrnts
362 3157 381 3198 s
403 3142 509 3200 donnino
535 3145 614 3200 ctien
644 3141 695 3198 luco
721 3139 787 3198 dicit
810 3156 871 3198 csse
895 3141 1087 3208 documentum,

42 3238 115 3310 quod
133 3243 249 3314 uestigia
274 3244 406 3314 impresse
429 3249 571 3299 censuntur
596 3248 623 3299 ct
647 3241 756 3298 eundern
781 3241 868 3297 nclbnc
884 3245 1000 3313 succisus
1016 3243 1088 3299 volnt

42 3341 145 3410 pressis
168 3343 291 3414 resttgiis
318 3348 393 3398 torre
418 3341 541 3399 custodit.
577 3343 654 3398 tltrcn
682 3340 840 3406 secundun,
872 3356 955 3412 qnare
986 3341 1089 3398 scilicet

41 3453 95 3494 son
112 3440 203 3495 stetin
220 3439 375 3510 adscendit,
400 3449 431 3498 st
450 3443 611 3510 resurrexit,
633 3439 682 3496 scd
705 3456 756 3511 per
776 3439 825 3494 XL
848 3439 906 3496 dies
931 3448 1088 3512 exspectare

42 3535 142 3606 soluit,
175 3538 335 3608 notondns,
366 3540 438 3615 quod
461 3539 512 3598 boo
539 3541 604 3598 iccit
626 3546 736 3612 propter
759 3546 815 3596 tccs
838 3541 964 3596 cotiones.
999 3540 1087 3598 l’rlno

40 3643 152 3708 μυρίοι
169 3641 374 3696 resumottonis
392 3639 623 3697 corilicotionenr:
650 3639 786 3694 difficilius
812 3641 880 3696 entur
898 3645 956 3696 erst
972 3639 1087 3712 prebere

42 3739 180 3793 nectutem
198 3740 403 3794 resurrectionis
421 3753 499 3811 ouon
521 3741 674 3811 pusionis,
701 3741 765 3812 quin
785 3752 804 3794 o
826 3741 910 3810 prins
936 3738 980 3795 dle
1003 3755 1088 3812 usqne

40 3833 77 3890 ed
96 3838 199 3902 tertis·
215 3852 279 3893 ners
297 3846 402 3909 poteret
418 3839 529 3910 probari
545 3841 655 3912 persio,
679 3836 728 3892 sed
752 3838 787 3892 nd
806 3852 895 3893 rerunt
912 3842 1087 3896 resurreetio·

39 3949 100 3990 ne·
118 3934 281 4006 probuudtun
299 3937 389 4008 olores
408 3938 612 4011 requirebantur
631 3945 658 3994 et
677 3937 738 3994 idco
752 3939 837 4009 majus
850 3943 954 4009 ternpus
968 3942 1104 4010 requiro»

40 4033 120 4088 butor
143 4035 213 4090 ister
237 4039 457 4094 resurrectionen
479 4044 506 4095 et
523 4039 733 4105 adscensionem,
751 4050 828 4109 queue
847 4039 915 4093 iuter
934 4041 1086 4108 passionen

39 4136 68 4188 et
86 4135 315 4192 resurrectionen.
349 4136 390 4192 lie
414 4137 465 4193 boo
491 4141 531 4192 sic
555 4139 621 4194 dicit
636 4138 694 4196 Leo
711 4151 782 4211 popo
801 4139 826 4192 in
845 4151 965 4194 scroronc
983 4136 1017 4194 de
1036 4137 1083 4193 ud·

37 4232 196 4288 seerslone:
215 4233 443 4309 quodrageonrins
464 4236 545 4293 bodio
564 4237 666 4293 dierurr
683 4237 801 4309 repletus
814 4244 1086 4294 ostnunerursncrn-

36 4332 144 4387 tieem
167 4329 338 4391 ordinotlsoe
358 4333 505 4405 dispositus
531 4344 559 4393 et
583 4335 780 4393 nduntttoten
805 4343 913 4393 nostrae
931 4338 1086 4396 eruditionis

38 4434 197 4510 impensus,
213 4439 254 4502 ut,
270 4438 337 4492 dunt
355 4452 373 4492 a
390 4428 501 4493 donnino
522 4431 551 4491 in
567 4437 622 4492 lnoc
637 4435 733 4510 spatio
744 4452 824 4500 mora
837 4441 1016 4514 praescntluu
1029 4455 1088 4494 cor-
