2866 5310
353 509 415 575 308
496 511 570 595 Cap.
584 511 718 575 vattt.
759 515 805 574 De
826 513 990 604 inventione
1006 524 1130 594 ⁴seruatae
1145 513 1251 574 nnete.

357 686 419 729 asse
436 669 486 728 liat
503 667 583 734 illurn
603 676 798 744 oogoorenrnt,
821 687 868 729 our
891 674 975 746 ipsun
991 673 1077 728 erucis
1095 668 1220 744 patibulo
1240 668 1375 729 alluenti
1421 644 1433 663 ‘¹

354 769 388 827 llt
403 770 553 843 respondit:
578 771 652 825 norit
669 769 802 840 doninus,
824 772 888 844 qula
910 787 1040 845 nunquan
1057 773 1085 827 in
1104 769 1222 828 oonsilio
1242 785 1326 826 eorus
1340 787 1376 827 es·
1429 754 1433 761 ²

355 872 426 939 stiti,
444 869 492 926 aad
510 871 544 924 iis
562 872 670 942 saepius
688 870 849 927 contradixi:
873 875 935 944 qaia
953 887 1015 929 raro
1034 872 1093 944 ipse
1110 869 1315 928 Pharisaeorum
1328 871 1378 926 ritis

354 968 548 1042 exprobrabat,
572 969 657 1040 ipsunt
682 968 802 1043 oruntigi
827 971 954 1028 ieoorunt.
987 969 1048 1044 lpse
1074 985 1141 1026 sero
1173 967 1221 1024 die
1247 971 1324 1026 tertis
1346 986 1378 1026 re

354 1070 470 1126 surrexit
481 1067 607 1125 etooelos
617 1069 755 1142 discipulis
766 1069 917 1126 videntibus
928 1071 1097 1142 penetrarit.¹
1112 1067 1144 1124 ln
1154 1085 1235 1143 qoear
1247 1067 1377 1140 Stephanus

352 1167 436 1226 irater
447 1183 520 1222 neos
534 1167 656 1237 eredidit,
675 1168 750 1242 quem
768 1169 927 1226 ludaeornru
943 1172 1052 1226 amanio
1068 1167 1211 1239 lapidavit.
1246 1167 1379 1242 Videergr,

352 1265 400 1334 tili,
418 1282 452 1323 na
469 1269 553 1337 ipanur
572 1267 614 1324 sol
632 1267 779 1341 disoipolos
797 1269 855 1342 ejus
873 1267 974 1324 audeas
986 1266 1183 1338 blasphersnra.
1220 1267 1281 1324 Non
1296 1267 1380 1322 ridetur

353 1371 439 1422 auten
456 1366 563 1422 nultum
580 1366 734 1440 probabile,
759 1367 829 1441 quod
846 1374 923 1439 pater
940 1369 1018 1423 istius
1036 1365 1132 1425 ludaei
1150 1373 1275 1439 tenpore
1293 1370 1380 1437 passis

353 1467 395 1521 ula
412 1465 511 1522 illinisti
528 1480 589 1522 essa
607 1467 732 1536 potuerit,
749 1481 806 1521 oonr
822 1482 840 1523 a
855 1468 983 1538 passione
998 1465 1097 1522 illrristi
1108 1481 1197 1539 usque
1215 1467 1252 1521 sd
1265 1465 1379 1534 lleieusa
1432 1456 1433 1467 ¹

353 1564 402 1620 snb
427 1577 480 1637 qua
502 1562 585 1621 indas
609 1563 675 1632 init,
699 1563 823 1620 linxerint
839 1565 898 1638 plus
916 1580 991 1638 quarn
1010 1563 1115 1623 donanti
1136 1570 1312 1642 septuaginta
1326 1569 1380 1633 usui
1415 1611 1416 1616 1

350 1665 404 1720 nisi
421 1662 491 1720 torta
508 1663 655 1733 dloaratur,
680 1665 752 1739 qnod
770 1672 832 1722 tono
848 1662 967 1722 honines
985 1665 1045 1736 plus
1067 1679 1144 1737 φιαιι
1164 1665 1247 1721 orodo
1266 1667 1379 1723 rirelust

350 1763 484 1820 liisarunt
507 1781 573 1840 ergo
594 1764 691 1823 ludaei
717 1763 882 1823 adludens:
912 1780 962 1820 uos
987 1765 1053 1820 talis
1078 1780 1213 1836 nunquam
1242 1765 1380 1832 andlrirssq

350 1865 569 1924 tarawanensi
586 1863 621 1921 de
637 1863 689 1921 luno
705 1867 799 1939 regina
814 1858 973 1939 quaesierit,
1000 1863 1060 1920 ride
1081 1879 1115 1919 no
1137 1863 1192 1918 lroo
1209 1863 1264 1920 sibi
1293 1867 1381 1939 eliqua·

278 1983 284 1992 ·
351 1971 429 2021 tanus
445 1963 605 2021 onoltoaris.
640 1963 704 2021 (luas
722 1979 787 2039 ergo
806 1963 846 2020 tlli
864 1971 925 2021 anta
941 1965 1060 2037 regirans
1077 1964 1220 2019 stetissent
1233 1972 1269 2024 ,et
1286 1964 1332 2021 ills
1345 1981 1381 2023 ass

351 2067 544 2137 interrogasset
557 2061 592 2120 de
607 2063 683 2132 looo,
708 2063 755 2119 alsi
774 2063 854 2120 inerit
869 2063 989 2119 dominos
1014 2061 1170 2138 ernstiana,
1193 2070 1224 2119 at
1241 2065 1294 2136 ipsi
1311 2064 1380 2120 loeus

351 2161 501 2218 nullatenus
518 2161 636 2219 tndlenre
653 2162 767 2234 vellent,
787 2163 871 2235 jussit
893 2176 941 2218 eos
955 2178 1045 2218 onnes
1062 2164 1125 2235 igno
1144 2165 1267 2218 oreunari.
1304 2163 1337 2220 At
1351 2164 1380 2220 rili

350 2277 441 2319 onnes
460 2263 581 2319 tinortaa
599 2261 768 2319 tradiderant
781 2261 875 2320 Judaru
894 2261 1029 2318 dieentese
1053 2259 1112 2330 loto,
1140 2261 1265 2331 domins,
1283 2265 1382 2337 justiat

351 2360 497 2432 prophetae
515 2359 586 2418 filins
603 2363 701 2433 opttne
718 2363 792 2419 norit
806 2361 893 2435 logan
912 2367 939 2418 ot
954 2361 1006 2416 tihi
1024 2363 1127 2426 orsnla,
1144 2377 1217 2434 quea
1234 2367 1381 2436 quaesieris,

351 2459 385 2516 ss
406 2476 441 2515 eo
461 2459 597 2517 iudicabit
631 2459 708 2517 Troo
727 2461 774 2516 illa
798 2477 889 2518 onnes
912 2439 1046 2517 dinitteus
1075 2463 1159 2518 tenoit
1181 2460 1279 2519 tuone
1299 2465 1382 2532 solus,

350 2561 393 2616 out
410 2559 489 2615 dixit:
514 2576 585 2618 nors
610 2569 637 2619 et
659 2565 715 2618 rita
737 2561 787 2618 tllsi
809 2561 949 2633 proposita
965 2566 1038 2628 suot,
1064 2560 1126 2633 quid
1145 2561 1289 2629 malueris,
1314 2565 1382 2637 elige

351 2657 469 2716 (latendo
485 2661 567 2733 igitur
582 2659 647 2716 nrllrl
663 2661 764 2730 loeusr,
787 2655 833 2733 qui
852 2659 986 2734 Golgntlra
1003 2659 1114 2727 dicitnr,
1138 2659 1184 2716 ulti
1201 2661 1254 2744 isit
1271 2641 1396 2718 tlosrirrss'¹

348 2757 496 2826 connixus,
514 2767 544 2815 nt
560 2775 664 2816 oruoeur
683 2761 742 2834 ejus
758 2761 877 2816 inuenire
894 2760 1003 2831 possin.
1035 2757 1182 2832 Respondit
1194 2760 1297 2819 ludas:
1324 2778 1383 2834 que

348 2855 425 2917 nodo
444 2857 529 2913 loeuur
547 2861 616 2915 seira
633 2860 749 2926 ualeam,
776 2874 834 2914 oon
856 2857 961 2915 «luenti
978 2861 1038 2914 anni
1053 2860 1109 2931 jars
1128 2861 1288 2934 etamplius
1307 2861 1383 2918 duse-

347 2959 415 3028 rint,
445 2963 473 3013 et
494 2955 658 3031 nequaquan
682 2959 729 3015 illo
753 2964 871 3031 ternpore
895 2965 973 3014 natus
998 2973 1092 3016 esseut.
1129 2959 1179 3016 ilai
1200 2965 1314 3033 regius:
1342 2977 1385 3034 per

348 3053 498 3113 molinos
522 3057 593 3113 iane
610 3063 637 3116 te
659 3061 801 3129 periuram,
825 3059 878 3113 nisi
903 3057 966 3113 ruilri
992 3057 1093 3116 dtxerts
1118 3065 1266 3118 ueritates.
1302 3059 1384 3132 lpsuu

346 3159 428 3232 igitur
445 3157 472 3214 iu
490 3163 594 3228 potente
611 3158 709 3213 aionon
723 3159 805 3231 Jossit
821 3157 918 3230 projtoi
935 3164 963 3214 et
979 3157 1076 3215 ilrideru
1096 3157 1174 3215 iant·
1189 3158 1319 3216 asolestta
1330 3175 1386 3216 ars·

347 3258 421 3312 olari.
456 3257 520 3312 tlon
538 3273 604 3332 argo
620 3255 719 3314 llridenr
736 3255 772 3314 Vl
788 3255 883 3314 diebus
899 3258 958 3313 alna
984 3257 1044 3314 oilso
1069 3261 1229 3326 usustnet,
1255 3257 1302 3316 dia
1325 3275 1385 3331 sep·

346 3357 409 3410 tirno
433 3355 536 3411 autralrt
559 3357 637 3428 pettit
662 3363 690 3414 et
707 3373 809 3414 omnen
826 3373 857 3413 se
875 3355 1047 3413 ludlosturusr
1072 3359 1200 3430 prousisit.
1238 3357 1304 3416 (loru
1323 3375 1384 3434 erga

346 3460 480 3510 extractus
504 3454 537 3511 ad
564 3453 649 3511 loeson
673 3459 790 3513 sanaret
811 3462 839 3512 et
855 3454 953 3512 ilridero
970 3462 1091 3523 orasset,
1110 3455 1185 3513 loeus
1202 3457 1295 3515 snlrtto
1316 3473 1385 3516 oon-

346 3561 466 3610 noratur
487 3557 515 3611 et
536 3553 622 3611 iuoras
645 3563 790 3613 aromatum
815 3557 874 3612 nirl
897 3553 990 3612 odoris
1006 3557 1135 3624 sentitur,
1156 3557 1197 3611 ita
1224 3563 1256 3612 ut
1276 3563 1388 3616 satrstss

343 3651 427 3710 ladas
445 3653 573 3710 ambabus
590 3655 710 3712 nnoilsua
730 3654 870 3729 plauderet
886 3661 914 3712 et
931 3654 1047 3712 dioerat:
1071 3656 1098 3710 Ιιι
1116 3657 1246 3723 raritate,
1268 3655 1386 3728 christe

344 3758 372 3807 ta
389 3766 419 3808 es
436 3752 554 3810 saltator
570 3754 667 3811 runndl.
701 3750 766 3812 Erat
782 3762 869 3812 satan
885 3756 914 3811 lo
930 3752 990 3810 loon
1008 3753 1069 3821 illo,
1089 3755 1159 3810 siout
1175 3755 1202 3810 in
1219 3755 1386 3814 eoolaaisstl·

343 3851 382 3907 ais
401 3851 528 3923 hystoriis
545 3853 659 3928 legitur,
687 3853 809 3928 tenploor
828 3853 956 3920 Veneris,
979 3851 1050 3926 quod
1069 3851 1216 3909 liodrianus
1242 3856 1387 3926 inperator

340 3947 440 4008 llridars
456 3959 655 4022 ooostruserst,
678 3962 724 4022 ot,
743 3957 768 4012 si
786 3956 846 4028 qula
861 3953 1063 4010 ulristieoomn
1082 3955 1109 4008 tn
1127 3953 1186 4010 loeo
1203 3953 1253 4010 tllo
1270 3955 1386 4024 nonna

340 4050 485 4119 voluisset,
517 4050 651 4109 rideretur
675 4051 804 4110 Vooereru
827 4053 959 4122 adorare,
992 4059 1019 4110 et
1041 4050 1076 4108 ola
1102 4049 1154 4108 loo
1178 4052 1335 4126 infrequens
1359 4061 1387 4111 at

340 4163 426 4220 paena
441 4151 568 4207 oblivioni
586 4151 664 4208 datus
683 4152 770 4210 iuerat
785 4154 876 4222 looua;
900 4153 995 4225 regina
1016 4158 1103 4207 auten
1119 4151 1244 4224 serapion
1265 4151 1384 4210 iuudttss

339 4247 406 4304 tecit
423 4247 523 4306 destrui
541 4255 569 4306 et
584 4251 670 4308 loouur
686 4253 794 4307 inarari.
828 4250 893 4308 l'ost
916 4250 968 4307 lroo
987 4249 1071 4308 iudas
1091 4253 1269 4326 praeelegens
1294 4267 1328 4311 se
1344 4256 1384 4309 rt·

338 4348 424 4404 rilitar
447 4347 540 4406 iodere
562 4354 649 4423 eoepit
674 4356 699 4408 at
717 4349 768 4405 xx
786 4366 882 4423 passos
900 4351 1004 4407 lodione
1022 4357 1078 4408 tros
1095 4365 1185 4408 ornnes
1204 4350 1382 4408 absoondltss

264 4463 265 4466 ¹
337 4449 455 4521 reperit,
478 4461 546 4519 quas
563 4447 598 4505 ad
615 4449 735 4522 reginaro
752 4452 873 4521 protinus
890 4450 1052 4522 deportarit
1086 4449 1148 4508 cue
1172 4456 1261 4508 astera
1277 4465 1382 4511 arum
