2798 5302
315 504 357 565 iio
468 507 540 584 Cap.
571 504 620 563 Xl.
669 502 713 562 De
735 513 831 562 scorto
858 503 972 564 'lhonre
993 505 1196 570 cantuariensi.

314 664 496 736 gravissimam
514 659 703 734 aegritudinem
720 660 823 728 cecidit,
844 675 900 717 nen
920 657 995 719 lehre
1012 663 1117 730 selide,
1136 665 1275 737 prurigine
1292 678 1346 720 ccr-

315 763 397 832 poris‚
416 762 546 818 continuio
563 763 708 827 tenneritis,
729 760 822 830 pedon
840 761 1051 831 inluminatione,
1069 762 1293 818 rerneeoentilius
1311 769 1346 818 ie-

314 861 429 926 stioriis,
448 858 608 916 intolerabili
626 861 742 925 loetcre,
766 857 860 915 crebro
877 859 994 916 anhelitu
1011 868 1037 916 et
1056 864 1212 932 interruptis
1228 865 1347 931 suspiriis

315 959 495 1031 torquebatur·
528 957 677 1014 inedicis
696 973 758 1014 roro
776 961 802 1014 in
826 960 885 1014 olrc
904 963 1022 1029 positus,
1056 959 1118 1016 inde
1137 963 1215 1030 quusi
1235 969 1346 1016 norteru

315 1067 356 1116 est
374 1059 479 1116 oilutos.
524 1058 641 1116 Audiens
659 1065 744 1114 noiern
759 1057 877 1115 iudaeos
894 1066 1000 1114 norton
1012 1060 1093 1115 'soon
1111 1075 1167 1114 cnm
1185 1061 1286 1131 gaudio
1303 1075 1345 1114 es-

314 1166 450 1231 spectore‚
485 1157 629 1214 nobiliores
649 1159 761 1228 insonet
785 1171 818 1214 ex
843 1159 913 1212 orori
933 1157 1037 1214 dodoen
1053 1159 1179 1214 collectos
1198 1161 1225 1214 in
1244 1173 1346 1215 ocroere

315 1261 403 1330 posuit
421 1257 538 1329 siluitque
554 1256 695 1323 Solense,
713 1257 800 1310 sorori
817 1271 898 1312 ecoe:
932 1258 989 1311 ecio
1002 1256 1118 1314 ludaeos
1136 1257 1169 1312 de
1187 1264 1273 1313 ncne
1292 1274 1346 1313 nes

314 1359 471 1431 gerisuros,
495 1355 543 1412 ced
561 1363 653 1426 potero
672 1354 770 1411 hebere
788 1355 883 1411 multos
901 1355 1022 1428 lugentes
1039 1362 1065 1411 et
1082 1357 1184 1412 nobiles
1205 1361 1345 1429 exsequier

316 1457 424 1521 lucreris,
443 1457 467 1508 si
485 1456 552 1510 ineis
570 1455 683 1512 nolueris
701 1468 796 1525 cerere
813 1453 954 1519 nudetis,
973 1461 1010 1522 ut,
1030 1458 1345 1527 conspirituteeorisern

314 1552 557 1620 concrescentes,
594 1569 659 1624 quoe
678 1554 703 1608 iu
721 1552 841 1607 custodis
859 1568 953 1621 servo,
988 1561 1016 1610 ut
1031 1555 1070 1610 sio
1086 1558 1170 1611 oncis
1187 1555 1291 1612 inolere
1308 1571 1345 1610 nr

315 1654 412 1712 dedunt
429 1652 490 1709 iicet
507 1654 597 1711 invito.
634 1651 755 1710 fletebus
772 1658 858 1707 autern
875 1655 901 1706 in
921 1654 1118 1722 consuetudine,
1136 1661 1238 1726 utpcsi
1249 1643 1345 1710 osunen

314 1754 398 1809 eitun
417 1768 519 1822 pontons
537 1768 584 1823 nro
601 1767 630 1807 se
648 1757 775 1824 prrrgeret
792 1756 819 1805 et
830 1751 993 1819 comederet,
1012 1767 1121 1824 conque
1137 1753 1255 1826 gledinur
1272 1769 1345 1808 nano

315 1859 416 1912 teneret
435 1853 552 1922 iussique
572 1849 687 1907 violente
702 1849 902 1915 discinderetur,
916 1853 1140 1923 circumspiciens,
1158 1869 1192 1909 ne
1209 1869 1240 1910 se
1251 1854 1345 1924 eliquls

316 1950 467 2023 inpediret,
502 1965 531 2004 se
549 1951 632 2019 ipsunt
651 1963 823 2020 percussurus
840 1963 942 2006 menon
959 1951 1080 2018 snuiolli,
1110 1951 1158 2008 ned
1175 1951 1346 2008 consobrinae

315 2054 374 2124 ejus
392 2049 544 2108 sustinendo
561 2048 679 2104 dextrnn
696 2047 840 2119 inpedivit.
875 2048 996 2110 l’rotinru
1014 2057 1099 2108 auten
1118 2031 1196 2122 qussi
1213 2067 1261 2107 m
1278 2065 1346 2106 nee.

314 2159 375 2206 tuus
392 2154 472 2214 esset,
491 2150 517 2206 in
535 2149 597 2204 scio
613 2150 689 2220 regio
705 2146 819 2202 duetus
837 2150 967 2216 insonuit,
986 2165 1038 2222 quo
1053 2151 1144 2208 audito
1160 2149 1277 2206 exsuitn
1293 2151 1346 2205 du·

314 2253 412 2322 iipeier
427 2249 568 2319 multoque,
585 2250 608 2301 oi
627 2247 782 2312 solveretur,
801 2247 953 2306 custodibus
971 2249 1118 2320 pollicetur.
1142 2249 1217 2312 ilucd
1237 2263 1293 2304 oen
1302 2263 1358 2316 cc-‚

316 2351 453 2424 gnorlssei
469 2346 600 2412 ilerodes,
632 2348 741 2418 grevine
761 2346 805 2402 iiiii
823 2348 1021 2404 errdntieren
1041 2351 1270 2422 quamproprias
1291 2349 1348 2404 tetis

317 2449 607 2518 edisserendoque
625 2445 753 2502 satellites
770 2461 826 2501 eurr
844 2447 928 2504 occidi
948 2448 1009 2506 terit
1024 2455 1051 2504 et
1069 2447 1225 2506 dicitrinum
1245 2455 1347 2519 posite

316 2552 483 2620 reguntorunr
501 2548 615 2606 instituit
630 2547 721 2616 sterque
737 2553 799 2617 post
816 2545 873 2601 dies
892 2546 915 2602 V
931 2554 1047 2602 noricus
1066 2553 1123 2615 est,
1142 2550 1169 2602 io
1186 2546 1247 2603 oilie
1265 2547 1348 2603 loric-

317 2648 475 2712 reuertere,
495 2647 522 2700 ln
538 2643 616 2702 relroe
636 2644 787 2704 domesticis
804 2646 1008 2703 infelicissimus.
1043 2646 1148 2706 Solone
1167 2653 1253 2702 nutem
1272 2663 1348 2702 soror

315 2747 374 2816 ejus
392 2759 480 2800 omnes
498 2743 629 2812 circuivit,
646 2760 712 2816 quos
729 2760 776 2802 rex
794 2746 878 2802 occidi
897 2745 1075 2804 meridsrernt.
1110 2745 1245 2819 lienigine
1262 2752 1347 2802 arten

316 2847 343 2902 in
361 2844 485 2916 on'gieeli
503 2843 763 2914 superlinearem
782 2844 862 2912 dicit,
881 2845 950 2916 quod
967 2844 1084 2901 llerodrs
1104 2845 1212 2919 gladio,
1230 2861 1283 2917 quo
1300 2861 1348 2916 po-

316 2959 383 2998 runnr
401 2942 549 3015 purgem,
581 2958 610 2998 se
628 2945 738 3013 peronii
755 2949 781 3000 et
801 2943 871 3016 quod
889 2943 995 3001 Solone
1011 2959 1088 3002 soror
1106 2948 1164 3017 ejus
1181 2953 1273 3002 ornnes
1293 2947 1346 2998 rin·

315 3048 380 3111 cios,
400 3046 479 3114 orout
494 3056 550 3100 cnut
571 3041 653 3097 iretre
671 3041 850 3110 ordinarent,
872 3043 1011 3101 interiecit

736 3273 934 3292 fiu—-oe--u

711 3449 836 3615 err
870 3519 927 3616 n.

413 3669 487 3739 ne
509 3670 674 3739 senene
696 3654 883 3741 Thomu
904 3673 1245 3746 cantuariensi.

379 3834 495 3892 thnos
512 3839 699 3908 interpretetur
716 3836 845 3907 einum,
879 3843 998 3909 gossintu
1017 3842 1059 3899 rel
1076 3849 1172 3901 sectos.
1216 3844 1348 3918 Alyssos,

315 3934 342 3990 id
359 3939 417 4002 est,
445 3935 590 4006 protentus
607 3937 634 3990 ln
653 3935 848 4003 humiliatione,
878 3939 948 4008 quoti
966 3947 1040 4010 petet
1059 3943 1086 3996 in
1104 3944 1189 4000 cdlcic
1207 3951 1234 4000 et
1252 3945 1348 4016 pedum

315 4049 458 4106 pauperum
475 4034 588 4100 lotione,
606 4035 726 4107 geruinus
744 4038 770 4091 in
788 4034 969 4106 praelatione.
989 4043 1052 4112 quio
1068 4045 1202 4115 gemineto
1220 4045 1347 4115 preeieit,

314 4134 414 4190 scilicet
431 4132 513 4188 uerbo
530 4140 556 4188 et
574 4133 703 4203 exenrplo.
723 4143 810 4189 sectos
829 4137 854 4192 in
875 4141 1005 4208 cessione.

381 4237 408 4290 ι.
427 4229 542 4286 Ticinus
561 4233 757 4289 ilnniucrieneis
774 4231 841 4289 dnn'
859 4239 883 4290 iu
901 4241 974 4294 curie
997 4243 1067 4312 regis
1084 4241 1198 4314 Augliee
1209 4247 1347 4300 ¹consiste-

314 4335 353 4384 ret
370 4338 396 4385 et
413 4327 539 4400 queedon
559 4332 596 4384 ibi
614 4333 669 4388 lieri
687 4336 820 4390 currireric
839 4319 961 4408 religioni
986 4339 1101 4406 rideret,
1137 4343 1234 4397 cudent
1260 4343 1345 4414 ipson

310 4425 427 4483 deseruit
450 4437 477 4484 et
500 4429 681 4489 dnntnorieusi
711 4432 910 4508 erelrlepistopo
931 4453 961 4493 ee
979 4441 1121 4502 conmisit,
1153 4456 1167 4496 o
1190 4457 1242 4513 qno
1260 4442 1348 4498 urolt-
