2984 5316
316 437 379 522 4⁰88
534 460 608 539 Cap.
631 458 680 518 ct.
722 458 768 519 De
788 469 898 538 sepiem
920 459 1138 518 dormientibus.

194 699 197 704 Ι
317 621 344 676 in
361 625 445 678 senet
462 621 520 691 ipso
544 619 611 674 dixit
634 617 805 689 annonarii,
829 621 893 689 quia
923 619 990 674 risio
1014 625 1072 685 est,
1102 633 1178 691 quern
1203 616 1274 673 iieus
1299 619 1355 674 vnit
1391 649 1393 654 ·

317 719 458 776 ostendere
482 723 507 774 in
528 719 628 790 jurene
652 719 712 772 isio.
748 717 924 774 Perrexerunt
949 735 1015 791 ergo
1038 734 1096 774 eurr
1126 734 1159 774 eo
1187 725 1215 773 ot
1238 719 1355 773 eivitatir

317 818 430 891 piurima
445 816 582 874 rnuititudo
600 807 783 891 et'ingrsssns
800 823 842 873 est
859 819 943 890 prino
955 815 1076 874 Maioirus
1093 817 1128 874 ad
1139 820 1230 874 aonios
1247 833 1312 873 suos
1330 824 1357 874 ni

317 925 379 989 post
394 935 452 973 euru
470 920 613 989 episeopus
627 915 780 991 ingrediens
797 904 896 973 invenit
915 919 984 973 ininr
1006 916 1110 988 lapidee
1127 916 1232 994 litteras
1249 917 1356 990 sigiiia·

316 1025 359 1074 tas
378 1019 480 1074 duobus
496 1017 595 1090 sigiiiis
612 1018 747 1096 argenteis
766 1023 793 1074 st
807 1023 952 1073 oonvoorto
975 1018 1073 1090 prurio
1098 1018 1166 1091 iegit
1190 1032 1236 1074 eas
1263 1024 1291 1072 nt
1306 1029 1355 1072 an·

317 1117 450 1172 dieniiirns
473 1125 500 1172 ot
519 1115 709 1172 admirantibus
727 1119 837 1184 eunetis,
856 1123 883 1172 et
902 1115 1021 1174 ridentes
1038 1126 1145 1174 annuus
1164 1117 1213 1176 Dei
1231 1115 1357 1173 sedenter

317 1218 344 1271 in
369 1216 495 1287 susianen
519 1222 548 1272 et
570 1215 651 1272 iarios
674 1231 763 1271 norunt
789 1222 920 1289 tanquan
950 1232 1026 1274 rosas
1044 1217 1169 1290 florentes
1188 1217 1357 1287 presidentes

317 1316 534 1390 floriicarernnt
550 1315 630 1374 iienro
649 1318 790 1388 statimqne
807 1318 949 1388 episeopus
974 1324 1001 1373 et
1021 1316 1162 1388 proronsni
1180 1319 1307 1372 urisornut
1323 1314 1359 1370 ad

317 1413 499 1476 Tarouanna
515 1418 697 1487 inperatoron
717 1423 860 1488 rogantes,
886 1422 914 1471 nt
930 1417 983 1472 aiio
1003 1420 1104 1473 veniret
1121 1423 1148 1472 et
1165 1414 1292 1471 ruiraouia
1308 1413 1358 1471 Dei

232 1556 235 1564 .
317 1528 401 1587 nuper
418 1521 531 1572 ostensa
546 1515 654 1571 rideret.
691 1515 741 1580 Qui
759 1518 879 1586 protinus
896 1530 1009 1590 surgens
1029 1517 1064 1572 da'
1082 1515 1159 1572 inno
1177 1522 1204 1572 et
1222 1514 1254 1570 de
1267 1528 1357 1583 saeuo,

317 1615 345 1668 in
361 1629 413 1686 qno
432 1613 557 1686 ingruat,
583 1611 736 1688 gioriioaus
756 1614 834 1669 [ienrn
856 1619 927 1671 venit
943 1630 959 1671 a
978 1615 1207 1688 Constantinopoli
1225 1612 1358 1686 Epirosnru

316 1691 345 1770 et
367 1712 539 1770 obviantibus
564 1716 589 1769 ei
608 1716 709 1769 eunctis
727 1713 923 1771 adscenderunt
944 1716 1022 1772 siruui
1043 1729 1134 1791 ornnes
1153 1713 1188 1774 sd
1205 1714 1357 1786 speinncsru

317 1819 345 1868 et
368 1827 429 1868 uox
452 1820 481 1868 nt
504 1814 589 1869 annoti
615 1815 738 1870 viderunt
754 1817 952 1885 inperatorem,
981 1814 1200 1886 resplenduerunt
1223 1821 1250 1870 et
1274 1811 1358 1868 iarios

317 1928 406 1968 eurnrn
423 1914 491 1968 siout
507 1913 548 1968 roi
567 1921 593 1969 at
614 1916 751 1987 ingrersus
767 1917 911 1985 inperator
928 1913 1043 1985 prouidit
1059 1922 1120 1970 ante
1137 1928 1185 1970 eos
1204 1913 1358 1986 giorifiom

317 2011 397 2068 Deera
418 2018 445 2067 nt
461 2025 573 2085 surgens
591 2012 756 2085 amplexatus
774 2019 816 2069 est
834 2027 882 2068 nos
900 2019 928 2070 et
943 2030 1024 2086 super
1035 2014 1156 2088 singulos
1168 2012 1357 2070 deriidieeux:

318 2113 358 2166 sio
375 2111 452 2167 rideo
471 2126 535 2178 ros,
558 2117 688 2183 tanquan
714 2115 738 2168 si
764 2112 881 2183 riderent
903 2112 1032 2167 dourinuru
1052 2114 1252 2170 resuscitantem
1269 2112 1359 2168 Lara·

317 2226 381 2265 run.
417 2209 494 2282 Tune
517 2209 584 2266 dixit
597 2219 704 2268 sanutus
721 2211 898 2268 Maximianus
916 2203 950 2266 sd
974 2228 1046 2268 eurr:
1071 2211 1149 2269 erede
1167 2211 1261 2278 nobis,
1286 2211 1358 2284 qnod

317 2317 427 2382 propter
449 2317 476 2367 ie
500 2313 669 2370 resuscitarit
691 2327 739 2368 nor
764 2310 834 2368 Deus
851 2318 912 2368 ante
931 2311 998 2367 diere
1017 2326 1128 2383 unguas
1146 2313 1358 2378 resurrectionis,

318 2417 347 2466 nt
359 2410 454 2466 eredas
469 2410 657 2480 indubitanter,
675 2412 745 2484 qnod
762 2413 920 2466 resurreetio
939 2417 1097 2466 norinorum
1115 2417 1165 2467 esi.
1201 2409 1269 2468 Vere
1289 2412 1358 2466 enin

318 2513 509 2568 resurreximus
520 2519 546 2567 et
557 2513 666 2568 virinus
674 2517 700 2568 et
712 2514 779 2566 siout
792 2510 879 2565 inians
894 2516 936 2564 ost
946 2511 973 2562 in
986 2517 1061 2565 utero
1073 2507 1164 2566 nutris
1176 2526 1229 2564 non
1240 2512 1359 2574 sentiens

317 2607 462 2664 laesionem
474 2617 501 2665 et
514 2612 593 2678 vivit,
611 2613 650 2665 sio
666 2610 759 2665 iuinrua
773 2609 904 2677 ridentes·
918 2611 1041 2682 jacentes
1053 2616 1080 2666 et
1092 2609 1253 2684 dormientes
1268 2615 1295 2665 et
1307 2624 1360 2664 non

317 2708 471 2764 sentientes.
506 2707 539 2764 Et
563 2707 604 2764 iris
628 2710 707 2765 dietis
732 2708 881 2764 ridentibus
902 2710 1002 2766 nuntiis
1024 2709 1179 2764 inoiinnntes
1204 2708 1293 2779 nauita
1310 2722 1363 2762 sna.

299 2807 345 2878 iu
370 2813 465 2862 terrun
488 2806 687 2864 obdormierunt
710 2815 737 2864 si
754 2807 921 2864 tradiderunt
938 2808 1048 2880 spiritus
1067 2823 1131 2862 suos
1151 2806 1293 2864 seeundum
1310 2805 1360 2864 Dei

318 2907 463 2977 inperium.
498 2906 617 2981 Surgons
636 2913 722 2964 auten
740 2911 885 2978 inperator
902 2906 997 2962 escidii
1019 2923 1099 2978 super
1117 2922 1165 2964 eos
1184 2905 1249 2962 nens
1268 2914 1296 2962 et
1312 2905 1360 2964 de-

318 3005 443 3060 osuuiens
459 3022 517 3072 eoa,
536 3014 563 3064 et
580 3022 636 3064 run
651 3011 779 3081 jussisset
797 3005 854 3062 duri
871 3003 973 3061 ioculos
991 3020 1097 3072 sursus,
1114 3008 1141 3061 in
1159 3004 1254 3078 quibus
1273 3008 1361 3062 rnitte-

318 3111 424 3172 rentnr‚
449 3107 475 3160 in
493 3109 552 3177 ipsa
580 3113 656 3164 noete
681 3113 861 3179 apparuerunt
884 3107 1039 3176 inperatori
1063 3105 1197 3173 dieentes,
1223 3111 1266 3173 nt,
1291 3108 1362 3162 siout

296 3201 445 3266 fradonus
462 3206 487 3260 iu
506 3213 579 3262 terra
591 3208 734 3278 jaoueruut
756 3212 783 3263 et
806 3212 929 3263 exterra
948 3211 1162 3272 resurrexerant,
1187 3207 1225 3260 ita
1246 3221 1294 3262 eos
1317 3204 1360 3261 di-

320 3304 448 3371 mitteret,
468 3304 553 3368 doner
570 3305 689 3362 doninus
710 3307 802 3361 iternur
827 3320 874 3361 ros
899 3307 1079 3362 resueoitaret.
1113 3301 1198 3360 iussit
1221 3319 1286 3378 ergo
1311 3305 1361 3360 irn-

322 3409 430 3474 perntur
447 3403 531 3460 iuounr
551 3404 623 3462 iiiuru
641 3395 770 3484 inauratis
795 3403 930 3476 iapidiirus
954 3403 1079 3460 adornari
1104 3409 1132 3459 et
1150 3419 1240 3459 onnes
1256 3405 1362 3474 episco-

319 3515 369 3571 pos
385 3507 603 3560 resurreetioneur
615 3503 777 3562 renidentes
793 3504 907 3561 airsoiri.
943 3500 1018 3568 Quod
1034 3499 1195 3560 cccxxxii
1208 3503 1284 3564 anuis
1299 3501 1362 3558 dor-

320 3601 412 3656 nriisso
431 3602 567 3672 dieuntnr,
586 3604 692 3660 dubiuur
708 3621 768 3661 esse
781 3611 879 3679 potest,
898 3606 960 3675 quia
971 3618 1040 3672 anno
1055 3599 1152 3657 donini
1169 3600 1364 3660 accentui

319 3709 498 3768 surrexerant,
520 3702 710 3770 Deoinatruton
729 3705 852 3776 regnarit
867 3718 918 3758 nno
936 3709 1037 3757 tsntnn
1054 3718 1124 3757 auno
1142 3710 1169 3762 et
1185 3703 1270 3759 tribes
1290 3718 1363 3759 rnen-

321 3798 411 3866 sibns‚
442 3802 542 3858 soiiioet
570 3818 640 3860 anno
673 3803 769 3864 donini
796 3799 886 3860 cciii
917 3809 944 3857 et
973 3803 1011 3860 its
1042 3818 1094 3857 non
1123 3801 1284 3860 dormierunt
1311 3804 1363 3859 nisi

326 3897 454 3970 ¹)cxcvi
473 3905 572 3974 annis„

320 4005 738 4018 m

375 4052 395 4100 Ι)
408 4051 447 4094 td.
465 4055 497 4097 i’r.
518 4055 618 4097 cccvi
631 4051 717 4095 anuis
734 4049 788 4103 istit
806 4056 829 4094 st
848 4049 917 4105 pauiu
935 4056 999 4093 auter
1019 4051 1207 4096 cccxiviii
1225 4063 1365 4094 surrexe·

325 4127 394 4163 runi

741 4348 946 4360 -——--
