2984 5316
244 459 319 540 Cap.
342 457 432 519 cvii.
479 456 525 518 De
546 467 643 516 aaacte
666 456 811 516 Germane
832 457 979 537 episcope.
1068 459 1130 524 449

88 617 251 692 atingaebat.
284 617 314 676 lu
333 617 479 676 reieetiane
497 618 580 690 prino
599 618 712 673 eluereuu
730 613 906 689 praelibabat,
923 617 1020 676 deinde
1036 636 1128 693 paneae

89 718 266 776 hordeacea·
288 718 424 786 tumebat,
457 733 562 789 semper
596 722 682 773 auteur
711 717 838 789 jejuuaua
867 732 998 790 uunquam
1023 724 1075 778 aiei
1100 711 1134 782 la*

89 835 200 891 verpere
222 818 384 876 comedebat
418 817 447 876 lu
471 823 574 874 aestate
599 816 642 872 rei
665 815 758 889 iserae
788 815 886 872 nullam
912 825 1010 876 reatem
1034 820 1128 882 babuit

88 925 195 991 praeter
211 919 323 975 eilieiauu
347 923 403 988 ¹)et
421 921 522 974 unicani
539 916 682 983 bacaliam,
705 931 774 988 qaae
792 917 873 972 realia
891 917 942 972 alui
960 916 1029 976 ierte
1046 922 1128 981 alicui

87 1017 248 1088 donaretur,
276 1017 376 1075 tandiu
404 1017 555 1086 serebatur,
586 1017 670 1072 dauee
700 1018 835 1073 attritione
863 1018 943 1072 niuuia
967 1019 1124 1087 solueretur.

87 1119 184 1174 Lectae
201 1121 299 1187 cinere,
314 1119 402 1174 cilicie
422 1133 454 1173 ae
472 1116 579 1174 saecule
602 1116 765 1199 ornabatur,
791 1115 889 1173 uallum
909 1117 1031 1188 puluinar
1048 1131 1128 1194 eaput

86 1219 121 1275 ab
139 1218 254 1276 bauerie
273 1220 331 1291 ejas
348 1216 464 1287 leuabat,
481 1216 530 1272 aed
547 1232 652 1288 uenper
668 1231 776 1290 genens
794 1222 822 1272 et
835 1215 961 1289 reliquias
974 1228 1125 1282 sanatorum

85 1309 155 1376 eeiiu
168 1334 265 1393 garena
284 1334 414 1392 nunquam
431 1320 621 1384 uestimentum,
640 1332 700 1372 rare
718 1315 897 1373 caieeaneuta
915 1325 943 1372 et
959 1334 1020 1375 rare
1032 1324 1126 1396 alagu-

86 1419 139 1476 luuu
155 1416 327 1475 detrahebat:
350 1433 430 1490 rapat
449 1417 578 1474 bemineru
595 1416 724 1490 siquiden
749 1415 799 1472 iuit
823 1433 914 1484 enne,
940 1418 1011 1490 qued
1030 1427 1125 1494 garait.

87 1519 165 1576 Talia
182 1521 251 1576 euiar
267 1521 327 1590 ejas
343 1519 446 1574 exstitit
463 1518 527 1584 rita,
547 1523 584 1584 at,
602 1519 626 1572 ai
639 1516 770 1572 uairaeuitr
792 1517 962 1587 ²)earuiaaai‚
982 1519 1125 1578 incredibi-

86 1620 121 1675 lle
135 1619 275 1677 videratur.
298 1617 386 1674 Tanta
403 1616 510 1675 luerunt
526 1616 660 1684 miracala,
681 1623 716 1687 ut,
733 1617 786 1672 uiui
799 1618 891 1672 uerita
905 1623 1125 1694 premereiment,

86 1719 254 1793 phantastica
270 1724 432 1792 putarentur.
465 1715 619 1788 iieapltatau
640 1718 669 1773 lu
692 1717 804 1790 quadan
828 1715 888 1772 loeo
907 1732 964 1773 earu
983 1729 1045 1792 pert
1063 1738 1125 1782 aee-

86 1835 144 1876 ruauu
161 1834 251 1876 neura
267 1821 360 1874 iterun
379 1822 528 1889 pararetur,
545 1815 690 1872 admiratae
707 1817 863 1888 interrogat,
880 1820 923 1872 eui
940 1818 1027 1878 denua
1044 1839 1125 1895 prae·

86 1925 219 1992 pararent.
255 1918 303 1974 Cal
326 1933 404 1990 quara
428 1915 561 1984 dicerent,
588 1914 659 1988 quad
684 1916 761 1971 bunia
789 1915 1029 1991 blandietibus,
1055 1940 1127 1996 qaae

86 2019 120 2076 de
137 2026 215 2076 aucte
234 2017 371 2096 incedant,
390 2022 596 2088 praepararent,
619 2015 667 2070 ilia
689 2022 766 2070 naute
783 2023 889 2072 sanein
909 2017 1052 2078 Germanae
1070 2032 1127 2080 ata·

84 2121 135 2175 tait
154 2117 283 2193 uigilare,
308 2123 335 2174 et
358 2132 421 2174 caue
442 2117 509 2171 aldit
533 2114 723 2171 multitudinem
741 2113 896 2172 daetnauauu
913 2117 947 2174 ad
965 2135 1080 2179 manaan
1098 2128 1126 2182 in

87 2217 173 2273 iorrua
195 2217 327 2274 hominurn
355 2224 382 2274 et
405 2217 540 2274 inalienare
564 2216 725 2282 venientem,
753 2217 798 2288 qui
824 2217 859 2273 iia
884 2221 1066 2291 praecipient,
1092 2241 1126 2282 aa

85 2319 205 2386 abirent,
232 2323 341 2374 eauetus
368 2317 402 2374 de
420 2315 520 2372 lanitia
538 2316 665 2372 exultauit
683 2316 835 2387 inquirere,
863 2318 887 2372 ri
912 2333 1040 2388 persanat
1065 2323 1126 2381 illae

86 2423 272 2491 ageeeoeuent.
308 2417 359 2482 ilai
375 2433 432 2474 euua
450 2431 541 2474 euuuau
560 2417 660 2471 vicinae
682 2430 746 2471 eaor
762 2423 790 2472 ei
807 2417 906 2474 uicinae
926 2433 989 2475 aaaa
1007 2436 1068 2479 aare
1086 2423 1127 2480 dl·

87 2525 193 2586 eereut,
216 2520 288 2572 uuiait
311 2516 347 2572 nd
371 2517 464 2574 dener
486 2519 649 2592 singularau
679 2515 851 2574 daenenibaa
879 2521 1063 2593 praeeipieea.
1093 2541 1127 2583 ue

86 2615 209 2686 abirent,
237 2624 265 2674 et
280 2632 341 2674 auca
360 2632 450 2674 annea
468 2619 496 2674 lu
514 2620 570 2675 auia
589 2617 694 2696 laetali·
711 2625 773 2673 aaut
788 2619 896 2675 inuenti
931 2619 1055 2692 Adjurati
1073 2625 1127 2698 igi-

85 2723 130 2772 tar
146 2732 176 2772 aa
194 2716 335 2786 dumanas
357 2732 419 2774 aare
437 2717 574 2786 dixerant,
599 2721 644 2790 qui
668 2721 708 2774 aie
731 2715 879 2774 huminibus
896 2717 1052 2778 illudebant
1086 2723 1127 2781 liu

85 2823 203 2888 tempere
221 2816 318 2873 beatae
328 2817 420 2888 Lapua
430 2821 572 2891 episcopua
594 2815 791 2890 ³)Trabaaraae
807 2815 927 2884 durabat,
945 2821 1021 2892 eajaa
1036 2823 1127 2882 arbem

85 2930 142 2972 eun
160 2915 245 2990 Attila
262 2931 309 2972 rex
333 2916 483 2985 obsideret,
507 2933 589 2990 nuper
613 2924 715 2989 portatu
740 2917 836 2974 beatae
854 2917 945 2990 Lupaa
967 2921 1127 2990 aeclauaaau,

86 3017 146 3089 quia
170 3023 260 3084 earet,
289 3016 335 3088 qui
360 3031 408 3070 eea
431 3017 472 3072 aie
495 3019 647 3089 impeteret,
667 3018 810 3090 iuqalriuit.
846 3017 894 3073 Gai
917 3015 976 3072 ilie:
999 3033 1052 3092 ega
1070 3037 1128 3078 euin

84 3114 170 3174 Attila
187 3113 322 3188 dageliuuu
340 3113 398 3171 Ilei.
434 3115 491 3179 Qua
510 3123 603 3172 eontra
622 3113 728 3172 baenilia
747 3116 856 3188 praesul
869 3116 918 3174 liei
935 3119 975 3173 ait
990 3118 1082 3176 dieeuu
1101 3127 1128 3178 et

85 3229 208 3288 geuene:
226 3207 253 3272 et
264 3229 315 3288 ega
326 3215 428 3286 Lupar,
446 3213 498 3273 bea
518 3223 637 3273 uaeutnr
655 3217 749 3290 gregia
766 3214 817 3272 liei
833 3222 860 3273 et
878 3215 1001 3289 indigena
1019 3218 1128 3293 dageiiu

84 3311 151 3381 liei,
168 3329 287 3392 *neuque
306 3321 399 3386 portur
426 3319 539 3372 reuereri
552 3317 644 3389 jurata
677 3314 720 3372 llll
742 3323 830 3372 auten
848 3315 973 3372 dilinitur
993 3323 1127 3376 exeaeeeti

84 3427 134 3483 per
157 3418 258 3484 pertun
282 3414 317 3469 ad
338 3422 441 3485 partera
464 3419 640 3484 trauaierant,
666 3417 793 3472 nenineuu
820 3422 905 3472 auam
932 3416 1051 3474 ridentes
1080 3428 1127 3477 aut

83 3511 228 3570 laedentes.
250 3512 349 3570 Beatus
360 3516 443 3587 igitur
455 3513 599 3572 aenaria
614 3522 733 3570 matuta
750 3514 886 3586 praedicta
904 3518 1031 3589 epireepu
1051 3518 1127 3592 Lapa

84 3613 112 3666 iu
128 3609 296 3680 Britanniae,
323 3613 368 3669 abi
385 3613 513 3670 haeretiei
536 3612 744 3684 pullulaverant,
764 3615 898 3687 praieutaa
916 3622 973 3685 att,
1000 3617 1047 3674 aed
1066 3618 1126 3674 daur

83 3712 111 3765 iu
133 3712 200 3766 inari
226 3717 317 3768 eaeeut
334 3719 361 3768 et
377 3719 521 3785 tempestas
539 3717 651 3770 araxim
668 3717 799 3784 ouiretar,
822 3716 856 3771 ad
879 3718 1025 3772 auatieaeur
1040 3722 1127 3775 nauali

85 3807 208 3866 Germani
234 3814 352 3882 pretinaa
379 3811 557 3885 tranquillitas
586 3830 683 3888 inagna
711 3813 838 3882 alienun
867 3814 1012 3873 huneriiae
1043 3819 1126 3890 igitar

84 3924 101 3965 a
119 3909 224 3980 papalia
239 3912 433 3982 suscipiantur,
459 3927 568 3985 queruuu
591 3913 731 3970 adventurn
753 3913 897 3972 daemones
912 3916 967 3986 laur
984 3915 1126 3987 praedixe-

83 4017 159 4078 raut,
184 4026 250 4083 qaae
277 4018 384 4067 sanetae
405 4009 548 4068 Germanae
573 4012 608 4070 de
633 4014 753 4071 ornante
772 4013 917 4086 expulerat
952 4013 1049 4071 Veratu
1067 4031 1124 4073 eura

83 4108 233 4167 baereticae
251 4113 445 4179 meridianem,
463 4109 499 4166 ad
516 4115 626 4184 propria
643 4113 784 4170 redieruut
821 4111 883 4169 Guuu
898 4115 924 4170 in
936 4113 1051 4188 qaedaur
1065 4117 1124 4173 iure

82 4209 199 4266 iuinraa
219 4203 396 4278 deeuru'berea
415 4213 535 4285 enatigit,
554 4220 582 4270 ut
600 4218 670 4269 tutae
691 4213 737 4269 tile
755 4214 829 4270 aicae
847 4216 985 4285 repentina
1004 4217 1124 4274 incendia

132 4363 154 4415 Ι)
167 4366 221 4410 nee.
235 4363 323 4415 leatania
344 4371 371 4408 et
390 4360 518 4408 iunicum
538 4361 737 4410 eleaeullarn.
813 4355 889 4417 ²)ffi·
903 4367 937 4410 i'r.
951 4363 1123 4410 eiuruiatet.

80 4430 103 4483 ³)
116 4432 170 4475 ltea.
182 4428 271 4482 letanie
284 4432 476 4477 Traeaainae.
