2842 5286
325 498 384 564 inii
508 501 581 577 (lap.
604 500 705 562 XLlV.
753 501 797 560 lie
820 498 957 560 cathedra
978 502 1069 562 saneti
1092 501 1179 562 Petri.

320 657 449 732 quomodo
468 661 692 715 resuscitationem
710 658 756 715 iiii
779 662 905 732 prineipis
929 658 1124 732 spopondisset.
1178 657 1226 715 (iul
1252 656 1350 716 Petrus:

320 775 373 816 rem
391 758 533 832 grandem,
562 758 659 827 Paulo,
687 762 846 831 promisisti,
865 758 911 815 sed
928 765 1015 815 tamen
1033 757 1130 814 domini
1148 760 1246 814 rirtnte
1264 757 1353 813 lucilli-

319 874 395 914 mam.
447 857 499 916 Sed
520 874 576 914 enm
595 856 688 914 Peiros
707 857 815 914 edamus
839 857 872 914 de
887 872 994 914 earoero
1012 862 1177 914 mommoreto
1194 864 1291 930 sperio
1308 874 1351 929 pro

319 974 351 1014 eo
369 963 489 1024 orasset,
526 960 648 1012 continuo
666 960 829 1013 resurrexit..
866 957 920 1013 lloe
938 963 1023 1012 autem
1042 973 1091 1028 per
1110 959 1198 1012 omnis
1214 958 1352 1013 uerisimile

319 1074 370 1112 uon
388 1057 506 1124 ridetur,
541 1065 570 1112 ui
592 1062 638 1112 ent
661 1056 757 1114 Paulus
782 1055 894 1111 humana
913 1059 1012 1112 astutia
1029 1073 1059 1113 se
1078 1057 1142 1112 talia
1159 1053 1269 1113 isbriiia
1289 1060 1352 1114 seire

318 1171 474 1228 conponere
500 1155 612 1230 tingeret
637 1162 664 1212 et
686 1157 817 1212 sententia
838 1156 945 1227 juvenis
969 1171 1017 1228 per
1039 1157 1248 1228 quattuordecim
1273 1173 1351 1214 annos

319 1270 449 1326 suspense
468 1255 570 1310 inisset.
603 1255 677 1310 Tune
694 1254 857 1326 Theophilus
876 1261 903 1310 et
918 1257 1054 1311 uniuersus
1071 1258 1184 1328 populus
1198 1258 1352 1315 Antioohiae

319 1362 346 1410 et
364 1355 408 1411 alii
425 1369 500 1426 quam
522 1354 610 1425 plnres
629 1355 732 1408 donnino
745 1353 910 1410 eredidenuni
928 1355 1106 1428 eigloriosani
1122 1357 1261 1414 eeclesiam
1273 1357 1352 1413 inleri-

318 1460 457 1521 oaseruni,
495 1455 519 1508 in
537 1457 611 1525 eujus
630 1453 714 1508 medio
733 1455 861 1510 excelsam
881 1453 1030 1510 eatheilram
1049 1456 1245 1512 eolloearernnt
1262 1464 1289 1513 et
1305 1457 1352 1514 l’e·

316 1561 401 1622 irum,
429 1560 457 1608 nt
474 1552 507 1608 ah
526 1551 644 1608 omnihus
664 1553 746 1608 rideri
766 1561 793 1608 ei
809 1553 894 1609 audiri
912 1560 1019 1626 posset,
1038 1555 1236 1623 exaltaverunt,
1254 1559 1282 1610 in
1301 1571 1351 1629 qua

206 1733 207 1736 Ἴ
320 1661 418 1726 septem
437 1656 513 1709 annis
532 1653 616 1718 sedit,
644 1653 691 1708 sed
711 1653 873 1724 postmodum
893 1655 999 1709 veniens
1018 1653 1121 1709 Romam
1141 1657 1166 1709 in
1183 1670 1291 1710 romena
1308 1663 1351 1711 ea-

318 1754 414 1810 thedra
431 1751 505 1824 sedit¹
518 1751 592 1808 iiiii
610 1755 693 1808 annis.
729 1753 766 1808 lle
785 1753 868 1824 primo
885 1758 970 1808 innuen
988 1751 1087 1809 horrore
1103 1753 1216 1810 ecelesia
1225 1753 1350 1822 eeiehrat,

320 1855 383 1926 qnia
401 1860 461 1907 tune
479 1853 561 1922 primo
580 1851 693 1923 praelati
710 1853 837 1907 eeclesiae
855 1859 996 1923 coeperunt
1013 1853 1086 1918 loeo,
1109 1859 1243 1923 potestate
1261 1861 1288 1912 ei
1305 1871 1352 1910 ns-

320 1955 387 2008 mino
409 1950 553 2008 sublimari.
603 1951 676 2007 Tune
699 1967 765 2024 orgo
789 1952 920 2021 impletum
945 1957 986 2006 est
1002 1951 1084 2019 illud,
1121 1953 1191 2025 qnod
1210 1953 1310 2028 legitur
1326 1957 1352 2010 in

318 2052 428 2109 Panion:
445 2052 562 2106 exaltent
580 2067 637 2108 euin
655 2054 680 2105 in
699 2051 880 2115 ecelesiam,
899 2057 925 2106 et
941 2051 1092 2118 notandum,
1111 2052 1182 2124 qood
1201 2053 1298 2127 triplex
1312 2061 1353 2109 est

319 2151 446 2217 orsiesis,
465 2152 490 2206 in
513 2167 564 2222 qua
583 2151 676 2207 beatus
695 2150 787 2207 Petrus
805 2150 853 2204 luit
872 2149 1017 2217 stratiotes,
1036 2150 1135 2207 seilicet
1153 2152 1267 2209 eeclesia
1285 2154 1353 2208 mili-

317 2254 441 2316 tantium,
462 2251 656 2324 malignantium
677 2256 702 2306 et
718 2247 939 2322 triumphantium.
989 2247 1019 2304 lu
1036 2249 1103 2306 hane
1121 2251 1251 2323 triplico·
1268 2252 1352 2308 ecole-

318 2356 384 2408 sion
404 2349 535 2407 exaltatus
559 2357 600 2406 est
623 2348 762 2406 seeundum
780 2350 907 2420 tripiieern
928 2349 1110 2418 insulsitatem,
1145 2366 1221 2422 quam
1240 2349 1274 2406 de
1293 2352 1353 2422 ipso

319 2451 432 2508 occissis
445 2449 575 2507 eeieirnn
605 2449 652 2505 Est
670 2450 800 2505 exaltatus
816 2451 842 2504 in
860 2449 973 2504 eeclesia
990 2450 1150 2504 militantium
1170 2450 1254 2506 eidem
1273 2463 1354 2520 prae-

319 2549 429 2605 sidendo
445 2553 471 2605 et
490 2563 546 2604 eam
566 2552 592 2604 in
610 2553 695 2604 airino
715 2557 742 2604 ei
759 2548 808 2604 lide
826 2555 853 2604 et
869 2548 984 2604 moribus
996 2546 1307 2622 laudabiliterregendo:
1325 2554 1353 2603 et

318 2649 368 2704 hoo
392 2655 516 2721 qnantum
544 2649 578 2703 ad
601 2648 790 2706 solemnitatem
808 2647 977 2714 hodiernam,
1015 2663 1083 2722 qnae
1102 2646 1352 2716 dioitoresthedra,

318 2753 381 2822 quia
394 2756 456 2804 inne
472 2763 553 2821 super
570 2747 758 2804 hniioehenum
784 2749 918 2805 eeclesiam
938 2748 1111 2819 poniiioaiun
1130 2750 1232 2820 aocepit
1248 2753 1277 2802 et
1293 2761 1352 2802 eam

285 2877 286 2880 ¹
318 2849 364 2906 iiii
382 2852 457 2904 annis
473 2845 642 2902 laudabiliter
659 2845 739 2904 renli.
777 2846 897 2903 Seoundo
916 2853 958 2902 est
971 2848 1102 2904 exaltatus
1121 2851 1147 2903 in
1165 2848 1279 2904 eoelesis
1295 2861 1352 2902 ma·

316 2951 486 3023 lignosiore,
509 2949 591 3018 ipsam
610 2947 710 3003 seilicet
731 2946 885 3017 dissipando
903 2954 930 3003 et
946 2961 1002 3002 rain
1020 2947 1053 3002 ad
1072 2948 1147 3003 iidem
1164 2947 1351 3004 conuertenda.

316 3049 349 3105 lli
367 3049 416 3104 hoc
438 3050 550 3119 pertinet
567 3045 601 3100 ad
619 3045 757 3101 seeumlau
778 3046 960 3114 testivitatem,
992 3061 1060 3120 qnae
1077 3047 1173 3102 dieitur
1188 3045 1223 3101 ud
1238 3047 1352 3103 vineniu

318 3147 392 3203 Tune
415 3150 481 3203 euius
506 3146 703 3219 malignantium
729 3146 864 3202 ecelesiam
888 3146 1029 3217 dissiparit
1053 3153 1079 3203 ei
1101 3145 1195 3202 multus
1216 3145 1251 3200 ad
1273 3144 1351 3201 iidem

315 3249 452 3303 conuertit.
487 3245 579 3300 Tertio
597 3252 637 3299 esi
654 3244 786 3301 exaltatus
804 3249 830 3301 in
854 3246 967 3302 enclesis
991 3244 1202 3315 triumphantium
1221 3247 1248 3298 in
1265 3247 1352 3316 ipsam

316 3347 429 3403 ieiieiter
445 3343 599 3400 introeundo
617 3349 644 3398 ei
662 3343 711 3399 hoe
729 3353 849 3417 quantun
870 3345 903 3400 ad
925 3347 1028 3400 tertiam
1047 3343 1251 3411 solennitatem,
1281 3359 1352 3414 nune

316 3451 358 3502 est
374 3447 506 3515 passionis
525 3446 593 3514 ejus,
612 3446 675 3514 quia
691 3450 751 3499 iuno
768 3447 904 3500 ecelesiam
922 3443 1132 3514 triumphantium
1146 3445 1272 3497 introivit.
1294 3441 1353 3498 No-

316 3544 420 3599 tandum
439 3546 532 3610 stium,
569 3542 638 3616 quod
663 3543 782 3615 piorihns
805 3543 865 3599 aliis
886 3543 1034 3600 rationibus
1051 3542 1164 3606 eeclesia
1179 3549 1223 3597 ter
1236 3543 1263 3596 in
1280 3556 1352 3598 annu

317 3643 350 3699 do
369 3659 402 3698 eo
421 3641 588 3697 testivitatem
614 3642 693 3708 laeli,
737 3643 784 3700 sed
810 3651 918 3715 propior
939 3641 1107 3716 primordiale
1128 3643 1282 3712 principiani
1304 3642 1350 3698 rel

318 3741 498 3814 privilegium,
522 3749 630 3812 prepter
648 3741 775 3809 oiiioium,
795 3751 904 3815 propter
922 3741 1089 3808 beneliriun,
1106 3748 1216 3811 proptor
1233 3741 1350 3798 delitum

317 3845 343 3896 et
362 3847 471 3912 propter
488 3841 641 3912 exemplum.
675 3839 786 3914 Propter
803 3845 984 3916 priuilegium,
1009 3841 1131 3914 quonism
1147 3839 1241 3895 heatus
1257 3840 1353 3896 Petrus

316 3938 351 3992 ab
373 3939 434 3994 aliis
459 3940 588 4010 apostolis
611 3941 637 3995 ln
662 3937 745 3998 trihus
772 3943 821 3998 luit
844 3943 1042 4015 privilegiatus,
1079 3945 1190 4011 proptor
1212 3954 1280 4010 quae
1296 3943 1354 3995 tria

315 4036 457 4110 priuilegia
475 4037 588 4094 seelesia
604 4048 646 4097 ter
662 4043 688 4095 in
706 4055 775 4096 anno
793 4058 849 4098 eum
867 4040 979 4098 honorat
1021 4037 1082 4093 Fuit
1096 4039 1164 4093 enine
1181 4053 1246 4109 prae
1261 4044 1353 4094 eaete-

317 4137 353 4190 ris
372 4135 478 4208 dignior
495 4139 520 4192 in
540 4141 712 4206 auctoritaie,
732 4145 852 4213 quoniam
871 4143 993 4213 princeps
1009 4137 1188 4208 apostolerum
1206 4139 1308 4193 exstitit
1324 4143 1354 4193 et

315 4229 404 4288 olores
422 4237 497 4306 regui
519 4237 651 4294 eoelornru
674 4243 788 4311 aceepit,
824 4240 968 4296 ierneniior
986 4241 1134 4305 inaniore,
1169 4253 1227 4294 eun
1250 4239 1353 4310 maiore

315 4333 383 4385 enim
402 4331 506 4391 iorrore
524 4334 653 4392 Christum
672 4337 779 4405 dilexit,
813 4355 891 4412 quum
909 4340 1023 4404 meteri,
1050 4339 1119 4392 sieut
1135 4337 1161 4391 iu
1179 4335 1266 4391 nuliis
1283 4336 1352 4390 loeis

315 4431 447 4505 euangelii
463 4433 655 4506 manifestetur,
675 4444 703 4494 et
718 4437 852 4494 eiioaeior
869 4441 895 4494 in
915 4440 1020 4504 uirtute,
1037 4449 1096 4492 num
1113 4434 1147 4490 si
1167 4433 1282 4490 eninm
1300 4432 1352 4490 Pe·
