2842 5286
228 475 301 556 Cup.
322 476 401 538 bix.
448 477 493 537 De
515 489 614 539 seuoto
635 480 733 541 Meroe
754 483 940 561 evengelista.
1042 481 1106 544 269

45 630 231 690 Vsuslieruur
250 636 361 691 lutreslt
378 649 490 692 uerum
508 643 535 692 et
552 650 626 693 suum
644 639 788 709 perieulum
799 646 826 696 et
838 615 1105 713 Mereiedjutorium.

49 731 106 788 Pro
126 735 271 806 utriusqus
288 735 371 807 igitur
389 733 518 791 benebeio
537 735 594 792 ileo
607 725 757 808 'gretieuum
775 741 845 794 sotio
870 741 1017 797 exsolvitur
1033 748 1061 796 st
1078 743 1105 796 iu

50 837 152 894 saneto
175 847 226 886 suo
243 831 336 890 ldnroo
354 833 425 890 Deus
443 833 572 890 mirabilis
590 836 806 910 praedicerem).
825 869 854 881 -
867 870 899 882 -
914 870 942 882 -
979 842 1012 899 3.
1038 839 1105 895 llum

53 938 166 1011 quidem
177 940 340 989 meroetores
351 933 444 989 Veneti
454 947 536 1005 supra
546 933 675 1006 quendem
688 953 779 993 nerem
792 939 981 995 Sereeenoruuu
988 937 1106 994 blesen-

54 1038 140 1094 driem
163 1040 311 1110 pergerent
337 1039 364 1089 et
387 1035 523 1089 immiuees
548 1034 694 1105 perieulum
722 1037 862 1100 evidenter¹
878 1037 1015 1102 siderent,
1044 1053 1105 1092 mou

54 1154 138 1209 „per
157 1126 286 1199 ,uphem
305 1129 469 1187 adscendunt
486 1139 513 1188 et
529 1133 617 1190 leuem
634 1135 791 1207 proculiunt
809 1140 951 1209 statimque
968 1138 1043 1192 ueris
1058 1135 1106 1192 ille

57 1237 182 1293 fluam
207 1228 380 1292 inundatioue
403 1234 482 1302 periit
499 1239 526 1288 et
549 1235 689 1290 uniuersos
709 1235 857 1293 Seueoeuos
875 1237 946 1292 uude
962 1251 1044 1292 sorex
1063 1240 1104 1293 iu·

58 1337 150 1392 volvit.
184 1335 257 1392 um
280 1335 367 1384 eutem
389 1344 422 1385 es
454 1331 488 1385 ils
516 1330 623 1388 beatum
646 1333 766 1390 illorsum
789 1338 914 1391 iuuoonns
940 1343 1017 1402 roto,
1052 1351 1104 1408 quo

57 1438 153 1507 potuis,
170 1451 202 1492 η
218 1428 369 1494 adstrinxit,
387 1429 467 1501 quod,
487 1431 511 1484 sl
529 1447 602 1487 suum
621 1433 673 1488 sibl
692 1435 827 1491 oeulerrot
843 1435 978 1502 auxilium,
997 1441 1024 1492 et
1040 1451 1104 1491 suo·

58 1551 114 1590 rum
142 1535 276 1606 baptismus
299 1529 448 1600 sustineret
470 1537 498 1587 et
521 1533 606 1602 ipsius
630 1532 721 1588 limine
746 1536 875 1590 ulelteuet
910 1534 977 1591 Mox
992 1534 1045 1590 sibi
1065 1535 1106 1590 uir

57 1633 216 1706 splendidus
231 1633 336 1706 quidem
354 1634 486 1706 eppenruit,
496 1634 547 1705 ,qul
564 1638 680 1704 ereptum
698 1631 731 1688 de
749 1632 871 1689 fluetibus
892 1635 918 1689 lu
929 1633 1032 1705 soepba
1047 1649 1105 1688 eum

58 1737 175 1791 steteris
192 1732 341 1789 oolloeerlt
377 1732 425 1789 llle
448 1739 534 1788 eutem
551 1730 739 1788 Alexeudriem
762 1735 881 1801 renisus,
900 1733 948 1788 sed
966 1733 1104 1788 liberetur!

58 1849 108 1891 sue
127 1835 248 1907 ingrutus
268 1834 385 1888 euristeus
403 1848 452 1888 uee
467 1831 647 1888 senotlbleroi
661 1830 770 1886 festinet
787 1831 821 1886 ed
839 1833 930 1887 limine
940 1847 989 1887 uso
998 1838 1106 1887 nostroe

58 1931 124 1989 idei
141 1933 256 2004 suseiplt
272 1938 449 1987 seoremeute.
483 1931 532 1986 Cui
550 1930 636 1986 deuuo
656 1929 762 1986 blesens
779 1934 903 2002 apperuit
922 1939 950 1987 et
968 1933 1052 2002 ipsum
1071 1931 1105 1987 de

59 2047 111 2089 sue
133 2029 325 2104 ingratitudine
348 2033 504 2102 luereperlt.
536 2027 651 2086 Rediens
681 2032 765 2102 igitur
782 2031 816 2085 nd
841 2047 871 2086 ee
886 2031 1013 2088 Veuetles
1034 2033 1106 2086 uenit

60 2140 88 2189 et
113 2131 212 2186 ibidem
237 2145 315 2185 seero
333 2127 501 2200 bsptismatis
524 2130 597 2185 loute
616 2138 723 2186 reuolue
742 2136 769 2185 et
786 2112 893 2187 Merene
912 2130 1060 2202 appellatus
1079 2136 1106 2186 et

60 2237 88 2288 lu
107 2231 239 2288 christum
259 2229 377 2301 perleote
397 2229 511 2286 eredidit
531 2235 559 2284 et
576 2230 603 2284 lu
619 2227 697 2284 bouis
716 2229 842 2300 operibus
861 2231 939 2285 rilem
964 2229 1056 2286 inivit.
1072 2259 1107 2270 -

59 2364 97 2374 -
116 2363 148 2374 -
165 2336 204 2390 4.
221 2329 269 2385 Vir
286 2329 391 2401 quidem
408 2329 468 2384 dum
486 2316 677 2385 iu'summitete
695 2329 849 2399 eempnuilis
868 2333 952 2385 snuotl
971 2331 1057 2387 bleuoi
1074 2329 1107 2386 de

61 2431 183 2490 b’enstlls
201 2423 325 2502 quiddam
342 2430 432 2499 operis
450 2437 601 2507 exerceret,
625 2427 714 2483 subito
732 2429 804 2485 oedlt
820 2429 960 2500 inprovide
977 2429 1106 2486 membre-

63 2533 110 2587 tisr
128 2537 185 2586 tuto
203 2543 315 2598 corpore
333 2527 459 2594 lenietur,
477 2530 505 2583 lu
524 2530 583 2599 lpso
601 2535 688 2583 temen
707 2527 771 2583 eeeu
789 2544 838 2583 suo
854 2530 942 2583 saneti
955 2526 1041 2586 blerol
1056 2543 1108 2583 uon

62 2634 199 2685 immemor
218 2629 278 2698 ejus
296 2628 470 2697 patrocinium
488 2627 648 2698 implorauit,
669 2629 714 2699 qui
734 2627 832 2683 ondens
850 2643 883 2683 rx
896 2627 1033 2698 insperato
1050 2629 1108 2683 oui-

63 2731 124 2786 dnm
149 2727 223 2800 ligne
248 2726 405 2798 promiusutl
429 2726 548 2782 substltit
572 2735 600 2783 et
623 2725 686 2782 dete
711 2725 773 2782 lune
795 2727 905 2783 illaesus
929 2729 1014 2783 erosit
1031 2733 1058 2782 et
1074 2725 1131 2781 ed·

64 2843 133 2899 opus
155 2827 292 2898 pristinum
318 2826 546 2881 eonsummeudum
565 2826 676 2882 deuotus
694 2828 820 2899 assurgit.
838 2857 873 2867 -
888 2856 923 2868 -
939 2855 974 2867 -
989 2829 1027 2885 ὕ.
1045 2823 1109 2890 Qui-

64 2927 125 2981 dem
143 2922 281 2998 cujusdem
298 2923 396 2980 nobilis
414 2925 585 2996 provincialia
602 2924 785 2996 temporaliter
801 2941 894 2981 sersus
913 2923 972 2980 dum
985 2933 1046 2980 roto
1061 2923 1109 2980 nd-

65 3028 175 3082 striotus
201 3040 298 3096 eorpus
314 3026 402 3078 suomi
419 3023 507 3080 bleroi
525 3025 635 3080 uisitare
654 3025 752 3092 uellet,
779 3024 826 3088 sed
850 3023 991 3080 oduuino
1010 3040 1059 3079 suo
1077 3025 1110 3079 li-

64 3128 179 3181 oeutlem
195 3123 316 3180 obtinere
334 3140 387 3180 uon
404 3130 505 3197 posset,
521 3123 626 3179 leudem
643 3125 761 3180 timorem
778 3125 893 3179 enmalls
909 3123 1007 3178 domiui
1024 3126 1110 3178 timori

65 3225 194 3282 caelestis
221 3225 374 3294 postposuit
405 3232 433 3279 et
459 3224 601 3279 iusuluteto
626 3222 732 3278 domiuo
760 3223 794 3279 ed
818 3230 934 3279 seruolum
954 3223 1111 3278 risiteuduus

67 3324 180 3379 devotus
197 3325 321 3378 eooeseit.
357 3321 434 3388 Quod
451 3323 570 3379 dominus
589 3337 671 3396 aegro
687 3322 776 3379 lereus
794 3325 879 3395 ipsum
896 3303 1031 3378 reuersum
1045 3337 1111 3378 exu-

68 3423 162 3480 oellerl
180 3423 322 3477 mandevit
357 3419 457 3479 Parent
474 3425 631 3496 qunutooius
646 3420 747 3478 erudeli
766 3421 870 3478 domiuo
890 3420 1053 3477 c-rurdellores
1066 3435 1111 3475 su-

68 3524 188 3590 tellitee,
216 3529 243 3579 et
265 3521 315 3578 Del
338 3521 461 3577 lemuium
483 3529 602 3578 smmum
625 3521 744 3578 blereum
770 3523 935 3577 insonantem
963 3520 997 3574 ed
1016 3525 1113 3575 terreus

69 3624 214 3695 projiciunt
242 3627 269 3677 et
295 3629 388 3676 ocutos
416 3621 492 3692 pnlus
517 3622 601 3677 oeulis
620 3621 777 3677 ellodlsndls
795 3625 938 3692 sppouunt
973 3618 1028 3674 Sed
1046 3616 1113 3672 nibil

68 3723 190 3794 pelorum
207 3719 380 3792 proficiebant
395 3723 547 3788 cunemine,
572 3724 635 3794 quie
648 3699 685 3775 'lu
710 3736 741 3775 se
760 3719 935 3774 tobeseebnnt
951 3717 1040 3773 subite
1058 3717 1112 3771 lue-

70 3825 168 3878 otioue.
202 3819 283 3877 lubet
301 3821 399 3894 igitur,
416 3828 445 3876 ut
463 3821 603 3878 seouribus
621 3833 699 3875 crure
715 3819 872 3890 irerugeutur
889 3823 916 3872 et
932 3816 1015 3887 pedes
1031 3829 1113 3886 puse-

69 3922 209 3988 eideutur,
229 3913 292 3976 'sed
319 3919 480 3977 ludonunblle
507 3921 603 3976 seruum
634 3920 765 3976 securium
788 3919 908 3988 protinus
932 3914 1061 3970 mollescit
1087 3915 1114 3966 iu

70 3997 212 4095 plumbum.
246 4017 329 4076 lubet
343 4019 446 4076 melleis
465 4021 561 4077 feneis
576 4035 607 4074 os
625 4025 653 4073 et
670 4017 763 4072 dentre
783 4013 925 4082 contundi,
949 4014 997 4069 sed
1016 4013 1113 4069 lerrurn

71 4137 137 4176 sune
157 4119 262 4182 uirtutis
281 4117 448 4174 obliviscitur
464 4119 557 4175 oillei
575 4118 694 4190 poteutle
711 4115 860 4170 hebetetur.
895 4111 972 4177 Quod
994 4111 1114 4167 dominus

59 4219 166 4275 ¹videus
189 4227 217 4275 et
242 4225 352 4288 stupens
376 4218 477 4273 usulem
502 4219 579 4288 potiit
603 4226 630 4272 et
654 4227 710 4268 oum
738 4227 816 4268 seruo
839 4209 1007 4282 sepulchrum
1029 4211 1113 4266 seuctl

122 4371 146 4421 l)
158 4337 281 4413 iliston‘olu
293 4367 431 4413 enleesdsus
444 4365 499 4412 iude
511 4379 526 4409 e
538 4363 628 4410 uerbisr
645 4359 771 4407 iuvenis
788 4358 906 4415 quidesse
919 4380 942 4392 -
957 4355 1115 4414 presulis·-

70 4441 118 4482 tuu
131 4435 196 4482 deest
208 4433 231 4480 iu
246 4433 286 4478 sd.
299 4433 371 4478 Psiee.
