2984 5316
345 499 407 560 ttt
507 501 579 580 Cap.
602 499 704 561 XCVI.
747 499 790 560 De
813 513 909 561 sancta
930 501 1021 562 biania
1045 501 1228 582 Magdaiena.

347 666 458 719 ritatem.
494 662 610 736 Cumque
635 661 688 718 boc
709 666 787 719 tertio
812 666 979 735 repetiisset,
1008 663 1088 721 beata
1112 661 1199 721 Maria
1224 659 1389 735 Megisten

346 770 369 824 ni
395 763 547 835 respondit:
571 747 669 822 accede
694 766 803 835 propina
826 770 853 820 et
877 767 1005 833 omnium,
1037 779 1107 836 quaa
1137 763 1273 821 desiderat
1300 766 1388 819 anima

345 871 407 932 ina,
425 865 495 920 seire
513 866 613 935 poteris
632 867 776 920 raritatem.
813 863 929 937 Cumque
954 865 1000 920 iiic
1017 871 1132 922 tremens
1151 880 1237 938 usqae
1255 861 1289 919 ad
1308 863 1388 920 medii

343 965 425 1038 spatii
442 965 580 1024 terminum
598 967 853 1038 appropinquasset,
876 967 914 1020 ait
938 965 972 1020 ad
998 981 1070 1021 eum:
1094 965 1233 1023 meministi
1253 981 1286 1020 ea
1305 979 1387 1021 eram

344 1068 417 1144 gotie
435 1065 469 1122 de
486 1063 575 1121 Marto
592 1065 638 1120 iiia
664 1064 768 1120 famosa
791 1068 953 1136 peccatrice,
978 1081 1047 1137 puae
1070 1065 1152 1136 pedes
1175 1065 1319 1121 salvatoris
1344 1047 1387 1123 io-

342 1167 437 1240 orpnis
455 1165 537 1230 iacit,
555 1163 660 1236 coptttts
677 1166 756 1221 tersit
774 1170 801 1219 et
818 1179 923 1220 aaaron
942 1163 1094 1220 delictorum
1108 1167 1209 1224 reniam
1222 1165 1387 1237 promeruit?

344 1267 393 1323 Cot
411 1265 553 1322 sacerdos:
580 1267 684 1321 memini
712 1269 738 1321 et
757 1264 816 1337 pios
836 1281 912 1336 quarn
929 1266 1041 1338 triginta
1057 1280 1182 1323 annerum
1202 1265 1309 1322 eroiata
1325 1271 1387 1322 aunt

343 1366 488 1433 cornicata,
514 1362 585 1438 quod
601 1365 654 1422 boo
673 1365 767 1421 iactum
786 1367 864 1422 eiiam
884 1373 976 1422 sanato
994 1364 1078 1423 credit
1102 1372 1130 1422 ei
1145 1365 1284 1422 renitatur
1300 1368 1386 1422 eonio·

343 1471 393 1524 ata
428 1464 503 1538 ago,
530 1465 631 1538 inquit,
656 1481 713 1520 sunu
742 1464 805 1534 iiio,
833 1479 901 1537 quae
926 1481 974 1537 per
992 1467 1103 1541 triginta
1126 1480 1252 1522 annorum
1271 1467 1386 1537 spatium

343 1567 463 1624 omnibus
487 1565 636 1621 bominibus
662 1567 755 1639 ignota
782 1565 914 1636 permansi
950 1571 977 1622 ci
1009 1567 1078 1625 siout
1107 1565 1156 1621 tibi
1190 1566 1248 1622 beri
1277 1581 1389 1626 caruere

343 1669 497 1741 permissum
524 1669 582 1733 ast,
606 1665 646 1720 sic
671 1664 785 1737 singuiis
810 1662 903 1720 diebus
926 1665 1056 1743 angelicis
1081 1666 1201 1723 manibus
1227 1669 1253 1722 in
1275 1667 1389 1724 aetbera

343 1767 482 1823 sublevata
503 1765 656 1822 coaiestiuro
680 1766 813 1838 agminum
842 1763 1021 1822 dulcissimam
1048 1765 1236 1838 jubitationem
1266 1770 1387 1842 sapienia

345 1868 444 1924 eicibos
460 1882 509 1937 per
525 1864 646 1939 singulos
665 1865 724 1921 dies
742 1866 879 1937 corporcis
898 1866 1007 1922 auribus
1025 1866 1119 1923 antina
1142 1872 1284 1939 promerui.
1318 1870 1389 1936 Quia

345 1972 426 2044 igitur
443 1965 505 2023 mibi
528 1966 667 2046 adomino
685 1965 828 2022 reraiatnm
853 1971 910 2035 esi,
933 1966 1003 2041 quod
1029 1982 1063 2023 cx
1086 1965 1138 2024 boc
1159 1971 1306 2043 migratura
1328 1986 1386 2024 som

343 2069 466 2138 saecuto,
494 2068 599 2123 boatum
627 2065 797 2124 Maximinum
824 2065 906 2124 adeas
935 2073 962 2121 et
990 2068 1015 2124 ei
1040 2067 1093 2124 boc
1113 2069 1224 2126 atndaaa
1253 2071 1387 2138 intimare,

343 2173 464 2244 proxime
483 2168 527 2226 die
544 2167 747 2226 momeotionis
766 2165 912 2227 dominicae
936 2173 1071 2238 tempora,
1096 2185 1149 2244 quo
1172 2169 1208 2226 ad
1232 2171 1386 2228 mutatinum

344 2285 455 2344 surgere
471 2269 625 2334 muscarii,
648 2269 793 2322 oratorium
815 2268 889 2324 actua
908 2265 1073 2342 ingrediatur
1098 2276 1125 2325 ot
1142 2285 1184 2326 me
1202 2269 1257 2326 iilic
1273 2285 1322 2342 per
1338 2284 1387 2326 an-

344 2369 463 2445 gelorum
480 2367 653 2458 ministerium
672 2367 788 2426 inveniet
803 2367 999 2424 consistentem.
1035 2367 1168 2426 Sacerdos
1189 2375 1275 2427 antero
1295 2384 1385 2426 rocern

344 2473 404 2543 rpus
421 2469 495 2528 reiut
512 2484 602 2526 rocem
621 2469 710 2543 angoti
729 2467 873 2537 audiebat,
897 2469 1025 2526 neminem
1049 2475 1136 2527 autom
1163 2469 1279 2528 ridebat.
1315 2470 1385 2524 ilon-

343 2571 412 2627 ciiue
436 2571 519 2642 igitur
541 2567 646 2626 beatum
672 2569 841 2625 Maximinum
867 2567 937 2654 adiit
966 2577 995 2624 et
1017 2572 1043 2624 ei
1065 2573 1161 2633 ,omnia
1190 2586 1241 2642 par
1266 2571 1386 2628 ordinata

345 2672 495 2741 enarravit,
521 2676 629 2724 sanctus
655 2677 740 2724 autem
760 2667 919 2726 Maximinus
945 2671 1024 2725 nimio
1043 2669 1160 2742 raptatus
1176 2670 1277 2744 gaudio
1295 2671 1385 2727 sdra-

343 2770 394 2826 tori
414 2771 516 2843 gratias
539 2771 678 2826 immensae
701 2768 792 2826 retrriit
815 2775 843 2824 at
864 2767 911 2824 iiia
935 2768 980 2825 die
1004 2785 1036 2828 ao
1063 2769 1145 2836 bora,
1170 2776 1199 2826 ut
1215 2771 1266 2827 sibi
1280 2771 1387 2846 Joas'onr

345 2869 448 2936 iuerat,
473 2872 618 2925 oratorium
643 2870 718 2926 scius
743 2872 882 2942 ingressus
901 2869 973 2925 ridet
990 2869 1094 2927 beatam
1114 2869 1225 2927 Mariam
1244 2869 1386 2948 tingente·

344 2987 419 3048 cam,
444 2976 470 3028 in
489 2971 571 3027 choro
588 2968 677 3026 adbuc
694 2975 806 3025 tinniens
824 2985 930 3036 eorum,
953 2971 999 3042 qui
1022 2983 1079 3028 eom
1098 2968 1276 3040 adduxerunt,
1299 2987 1382 3044 anga-

343 3076 435 3132 iororn.
469 3069 535 3128 Erat
552 3077 638 3128 antea
656 3072 744 3142 spatio
762 3067 871 3124 duemm
888 3068 1035 3125 cubitorum
1054 3070 1159 3128 eierato
1176 3085 1192 3128 o
1208 3076 1289 3138 terra,
1310 3079 1387 3128 suna

343 3178 370 3231 in
387 3172 474 3230 toedio
492 3172 647 3245 augelorum
667 3176 694 3228 ai
716 3172 834 3226 amasia
858 3170 978 3226 manibus
997 3169 1077 3226 Deum
1095 3185 1219 3228 exorant.
1255 3169 1316 3226 Cum
1338 3186 1385 3227 aa·

343 3281 395 3332 tem
413 3274 507 3331 beatus
524 3272 683 3329 Maximinus
701 3269 736 3327 ad
755 3285 814 3328 eam
831 3269 960 3327 accedere
980 3270 1146 3342 trepidaret,
1170 3286 1299 3328 conversa
1318 3273 1387 3328 dixit

344 3375 380 3432 ad
403 3391 476 3431 eum:
502 3373 600 3430 accede
624 3372 676 3428 bac
692 3372 802 3445 propina
819 3386 869 3434 nec
886 3371 975 3444 iugiaa
994 3369 1073 3428 iiiam
1095 3378 1185 3438 inam,
1209 3379 1292 3442 pater.
1329 3370 1385 3444 bp-

343 3477 537 3549 propinquante
554 3465 641 3530 autaoa
664 3488 709 3541 eo,
733 3475 803 3530 sicui
826 3473 852 3526 in
878 3473 961 3544 ipsine
983 3471 1056 3528 boati
1074 3471 1209 3529 Maximini
1227 3473 1328 3548 iegitur
1350 3474 1384 3528 tt-

344 3575 417 3643 bris,
437 3578 475 3632 ita
491 3574 578 3630 rutena
597 3573 719 3630 dominae
736 3588 769 3629 ex
787 3573 912 3630 continua
930 3577 956 3627 et
975 3570 1097 3630 diuturna
1114 3575 1215 3629 risione
1231 3565 1384 3646 angelorum

346 3673 482 3754 radiabat,
505 3679 534 3730 ui
559 3673 665 3729 iaciiios
688 3672 755 3728 soiia
781 3669 873 3728 radica
899 3685 976 3746 qoam
1000 3669 1093 3727 taciem
1119 3687 1192 3729 snam
1212 3674 1306 3730 intueri
1325 3679 1384 3746 quis

277 3797 279 3800 ·
342 3781 444 3847 posset.
487 3773 637 3833 convocato
668 3775 751 3848 igitur
777 3771 900 3828 universo
931 3769 1003 3828 ciero
1029 3777 1055 3828 ei
1081 3772 1222 3832 sacerdote
1247 3775 1384 3846 praedicto

342 3891 440 3948 corpoa
464 3882 490 3932 ei
514 3875 669 3948 sangrnnm
693 3871 791 3928 donnini
813 3871 848 3928 ab
873 3874 999 3944 episcopo
1017 3869 1099 3930 brata
1114 3871 1205 3932 Maria
1222 3875 1385 3951 Magdaiena

343 3991 400 4032 coar
427 3975 508 4034 uuita
535 3975 706 4044 iacrymarum
729 3971 899 4031 inundatione
924 3973 1058 4044 suscepit,
1084 3972 1180 4030 deinde
1199 3982 1255 4032 toto
1271 3991 1385 4048 corpore

343 4081 405 4133 ante
423 4075 516 4131 aitaris
537 4077 706 4147 ¹)prostrato
721 4072 883 4144 crepidinem
900 4075 1069 4132 sanctissima
1090 4072 1137 4130 ttta
1155 4077 1242 4132 antara
1261 4079 1387 4150 migrarit

343 4175 377 4242 ed
396 4174 536 4231 dominam.
571 4173 635 4230 Post
651 4175 727 4246 cajus
744 4175 842 4230 orituro
860 4181 949 4230 tantos
967 4173 1036 4230 odor
1053 4175 1194 4231 snaritotts
1218 4176 1315 4232 ibidem
1341 4195 1382 4234 re-

343 4277 453 4340 mansit.
474 4279 503 4330 ut
519 4289 568 4348 per
586 4281 685 4346 raptem
704 4273 762 4330 dies
782 4273 839 4330 iero
857 4273 891 4330 ab
912 4271 1123 4348 ingredientibus
1140 4279 1283 4334 oratorium
1302 4280 1384 4336 senti-

403 4503 417 4542 b'
433 4497 473 4541 Ed.
487 4500 519 4540 t’r.
532 4496 592 4541 nanta
606 4503 760 4552 prostrato
773 4493 929 4552 crepidine
941 4494 1006 4548 lotii.
