2918 5302
167 529 241 608 Cap.
265 529 407 588 CXXXV.
452 527 495 588 De
518 529 622 586 sanctis
645 528 793 605 Gorgonio
817 536 846 586 et
867 525 1025 586 Dorotlteo.
1067 524 1125 588 dot

93 687 193 742 valeam
217 703 387 759 praeparare.
423 687 477 744 iioo
502 695 587 743 artem
611 685 734 750 dioebat,
765 691 795 741 ni
825 684 885 744 inda
912 685 1004 760 lugere
1027 698 1129 760 posset.

94 786 155 842 Cum
175 795 260 842 auteur
280 787 360 843 bearn
379 795 518 854 exoraret,
538 794 566 842 ut
583 803 612 842 se
630 787 752 842 intactam
771 792 954 853 conservaret,
973 787 1061 843 sabito
1079 789 1129 846 ob·

94 885 217 940 dormivit
240 892 268 942 et
291 903 352 944 ecoe
376 905 442 943 unos
467 891 600 944 martirum
624 888 649 942 sl
673 871 797 957 apparuit
819 891 846 940 et
862 900 919 940 eam
938 884 1050 943 duloiier
1067 903 1128 945 oon·

94 985 203 1053 solans,
222 985 302 1042 atad
319 986 420 1054 ionum,
441 989 466 1042 ln
485 1003 537 1060 qno
556 993 616 1042 aunt
633 999 747 1056 corpora
764 962 908 1050 martirum,
933 987 1028 1054 ueniat,
1049 987 1136 1059 impe·¹

96 1085 172 1141 rarii.
212 1081 347 1158 Evigilana
375 1090 458 1160 igitur
490 1093 516 1144 et
541 1100 641 1140 manum
666 1083 778 1138 Adriani
802 1083 885 1138 solam
910 1085 1044 1155 accipiens
1073 1103 1131 1143 eom

95 1184 182 1238 mullis
205 1183 357 1241 christianis
380 1203 471 1242 nauem
495 1183 658 1242 conscendit.
693 1181 769 1247 Quod
793 1183 914 1238 tribunos
938 1183 1051 1240 audiens
1074 1202 1131 1243 oum

95 1283 183 1338 rrrrritts
202 1285 327 1342 militibus
347 1302 402 1340 oam
423 1302 470 1358 per
489 1286 622 1358 nauigium
645 1286 780 1338 insecutus
798 1288 855 1351 est,
880 1297 1026 1356 exsurgens
1045 1293 1131 1343 autem

98 1389 188 1438 venius
215 1386 362 1439 oorrirarius
394 1385 481 1440 nutritis
515 1399 604 1440 uorans
635 1381 779 1437 submersis
807 1397 854 1437 oos
881 1382 968 1440 redire
997 1386 1122 1455 compulit

96 1479 186 1536 Media
205 1490 291 1539 antem
311 1490 386 1540 nocie
401 1484 529 1557 dyabolus
548 1487 574 1539 ln
587 1483 676 1555 spooio
690 1481 807 1536 oauroleri
821 1497 877 1538 oum
890 1484 951 1537 naui
965 1481 1133 1555 phantastica

95 1577 146 1649 bis,
166 1585 209 1653 qui
228 1589 303 1638 orani
321 1598 377 1638 ouon
396 1582 511 1652 Natalia,
529 1584 653 1654 apparuit
670 1587 697 1637 el
716 1585 792 1654 qnasi
811 1596 875 1636 noae
892 1583 1009 1638 transleri
1027 1587 1066 1639 ait
1083 1587 1130 1641 iis·

95 1679 164 1736 node
182 1685 277 1738 venitis
295 1690 340 1738 aut
359 1701 410 1755 quo
430 1685 564 1757 pergitis?
599 1679 631 1737 Et
649 1681 702 1736 liii:
728 1697 764 1736 eu
785 1679 938 1737 Nicomedis
964 1685 1081 1740 vonimus
1106 1693 1133 1742 ai

56 1849 57 1852 Ἴ
95 1779 350 1854 Constantinopolim
367 1787 513 1856 pergimus.
548 1783 647 1846 Quibus
666 1783 712 1837 ille
730 1784 781 1835 ait:
806 1783 915 1846 erratis,
941 1781 974 1837 ad
990 1769 1132 1848 'sinistram

95 1883 209 1953 pergite,
227 1889 256 1936 ut
273 1885 370 1938 reatina
389 1885 530 1957 nauigatio.
566 1882 620 1938 lios
637 1889 724 1938 aotam
738 1879 852 1948 dicebat,
872 1887 901 1935 ut
914 1896 960 1936 eos
975 1883 1001 1938 in
1020 1883 1132 1958 pelagus

95 1982 210 2035 mitteret
233 1987 259 2035 ei
282 1984 406 2052 perirent
443 1983 506 2038 Com
532 1990 618 2037 autem
645 1982 704 2035 uela
726 1987 872 2047 mutarent,
892 1979 981 2037 sabito
1002 1979 1132 2041 adrianus

96 2081 122 2132 in
142 2080 263 2135 nanicula
286 2081 382 2136 sedens
407 2083 508 2139 eisdem
531 2083 655 2153 apparuit
679 2087 704 2136 ei
729 2095 776 2137 eos
801 2083 946 2154 nauigare,
974 2083 1042 2138 siaiu
1059 2087 1133 2154 prius

94 2186 253 2251 coeperant,
278 2181 425 2250 admonuit,
450 2197 573 2238 assensus
592 2181 732 2251 malignum
751 2182 870 2252 spiritum
890 2182 991 2248 luisse,
1016 2185 1062 2254 qni
1079 2185 1132 2239 albi

69 2321 71 2324 .
95 2278 198 2335 loeutus
224 2279 326 2348 luerat,
351 2297 505 2353 ponensque
528 2297 557 2337 se
583 2286 716 2337 antemos
740 2280 918 2351 praecedebat
940 2281 1001 2336 ilios
1021 2290 1048 2339 et
1064 2286 1132 2340 riam

94 2383 127 2436 iis
146 2379 312 2436 ostendebat.
348 2379 456 2436 Natalia
474 2397 536 2437 noro
554 2381 697 2436 adrianum
717 2379 879 2450 praeoedere
897 2379 988 2438 uidens
1007 2381 1132 2442 immenso

93 2479 194 2553 gaudio
213 2481 316 2551 repieta
335 2488 377 2536 est
393 2483 500 2552 sicque,
518 2487 656 2552 antequam
677 2481 857 2548 llluoesaeret,
877 2481 1131 2555 Constantinopolim

92 2580 262 2636 advenerunt.
298 2578 360 2635 tium
379 2586 464 2636 autern
482 2577 587 2635 Natalia
604 2584 629 2636 in
648 2571 760 2648 domum,
779 2577 824 2635 nbi
842 2588 918 2636 erant
934 2595 1047 2652 eorpora
1062 2598 1131 2639 mar-

92 2681 184 2746 tirum,
208 2681 356 2736 introiisset
378 2689 405 2736 et
429 2696 529 2736 manum
553 2680 662 2736 Adriani
688 2679 722 2736 ad
747 2695 843 2751 uorpns
869 2683 1003 2754 posuisset
1027 2689 1132 2756 etpost
1221 2661 1225 2670 ’

93 2782 237 2842 orationem
263 2779 445 2846 dormitasset,
471 2779 602 2836 Adrianus
627 2784 652 2836 ei
677 2781 801 2852 apparuit
820 2786 848 2836 et
872 2781 990 2838 antuniana
1008 2797 1080 2852 eam,
1104 2791 1133 2841 ui

92 2882 119 2934 in
139 2886 270 2936 aeternam
290 2896 381 2951 paoem
399 2895 487 2935 sooum
507 2883 616 2948 ueniret,
636 2883 778 2950 praesepii.
816 2880 956 2944 Quaenam
974 2883 1132 2956 evigilasset

93 2987 120 3037 et
136 2983 261 3035 somniant
280 2979 445 3036 adstantibus
464 2979 612 3047 retulisset,
638 2979 799 3036 raielaoiens
824 2980 945 3036 omnibus
971 2985 1058 3038 emisit
1075 2984 1130 3050 spi-

92 3083 178 3149 rltnm,
197 3079 288 3135 italos
302 3087 388 3138 antem
405 3097 501 3152 eorpus
515 3081 573 3152 alus
594 3083 754 3153 aoolpientes
769 3081 847 3152 Juxta
866 3095 981 3153 oorpona
997 3085 1130 3139 martirum

91 3180 156 3237 iliud
175 3189 326 3252 posuerunt.

400 3669 496 3767 iat.
521 3668 671 3766 iiiii.
706 3669 823 3768 (128.)

145 3830 220 3900 no
242 3822 423 3897 sanatis
445 3815 694 3908 Gorgonio
715 3819 766 3888 et
791 3817 1075 3890 'monotheo

161 3988 311 4061 Gorgonius
343 3995 371 4043 et
399 3985 549 4042 Dorotheus
579 3980 649 4052 apud
674 3978 851 4039 Nicomediam
877 3984 954 4054 primi
980 3983 1006 4038 in
1031 3977 1131 4053 palatio

92 4089 257 4163 ilpooletianl
281 4090 406 4159 antiquae
431 4085 540 4140 militiae
565 4083 727 4150 serrantiani,
755 4088 783 4137 nt
808 4081 918 4139 liberius
943 4099 1033 4156 rogem
1057 4097 1132 4137 auom

92 4193 245 4261 sequantur,
269 4193 296 4242 et
320 4186 529 4243 christianossa
547 4197 615 4238 roae
633 4180 719 4238 libera
737 4181 915 4238 omittentem
937 4181 1012 4246 Quod
1031 4183 1132 4237 Caesar

93 4288 203 4344 audiens
232 4287 368 4358 plurinum
396 4282 569 4350 anxiabatur,
600 4281 793 4356 aegrotarem
819 4281 931 4353 perdere
956 4279 1024 4337 talea
1048 4282 1130 4346 uiros,

88 4425 509 4442 -μ-μ-η-ι-ῌ

144 4493 165 4546 l)
179 4491 218 4537 Ed.
232 4497 266 4536 Pr.
280 4489 462 4535 Tirorothaur
476 4485 537 4539 ierit.
