2828 5302
274 485 345 564 Cup.
367 483 473 544 xxiv.
517 483 560 544 De
582 492 679 544 saneta
700 487 813 563 Agnete
832 485 951 564 virgine.
1080 482 1139 548 11³

97 647 207 719 spieuss
225 645 281 701 suis
299 642 421 716 precibus
439 657 497 699 saus
514 645 627 700 suasit.
649 674 684 686 -
701 673 734 686 -
753 675 787 686 -
807 646 841 704 a.
860 643 972 720 Legitur
989 660 1093 719 queque
1111 648 1139 703 iu

98 747 186 820 gestis
208 741 460 818 Langobardorum,
496 742 567 816 quoti
591 748 710 816 tempure
733 743 868 801 Gumberti
891 746 963 818 regis
984 742 1062 801 iustis
1082 751 1139 801 tota

99 851 177 902 tauta
196 851 271 918 peste
288 849 482 917 percenseat,
501 848 528 899 ut
547 844 590 899 six
610 858 676 899 auus
695 841 805 900 aiterum
823 845 956 902 suitieeret
969 845 1092 918 sepelire,
1113 855 1140 903 et

100 945 170 1004 baec
185 947 271 1019 pestis
287 945 398 1000 maxime
419 941 516 1000 Romae
533 959 565 998 ac
584 942 684 1016 i’apiae
701 943 886 1018 grassabatur.
912 943 986 1002 Tunc
1001 945 1142 1004 visibiliter

102 1047 188 1102 benus
213 1044 324 1119 augeius
347 1042 434 1099 rsuitis
457 1044 581 1116 apparuit
602 1043 672 1099 assiu
690 1044 787 1117 augeio
804 1051 930 1119 sequente
946 1050 974 1102 ct
987 1045 1140 1104 venabulum

103 1147 200 1204 iereuti
215 1146 390 1219 praecipiens,
409 1151 439 1199 st
455 1146 604 1216 percuteret
620 1158 652 1200 ac
667 1142 773 1202 caedem
793 1143 902 1202 iaceret,
920 1145 1046 1210 Quotiens
1054 1155 1140 1204 autem

103 1247 220 1321 aliquast
240 1244 341 1301 iussu
359 1243 533 1316 percutiebat,
551 1249 592 1300 tut
609 1243 671 1300 iude
689 1245 784 1300 mortui
796 1244 982 1302 efferebantur.
1002 1245 1141 1304 Tuuccui-

104 1347 164 1404 baur
182 1345 470 1410 diuinitas,rcrelaiuus
488 1348 538 1411 est,
556 1343 627 1416 quoi
645 1359 810 1419 nequaquan
828 1343 895 1402 baec
912 1347 996 1418 pestis
1014 1353 1141 1415 cessaret,

104 1448 188 1504 uicuee
203 1453 293 1503 saucio
311 1443 469 1502 Sebastiano
486 1441 571 1499 uitare
590 1443 689 1517 Papiae
706 1451 911 1502 construeretur.
946 1444 1021 1511 Quod
1039 1447 1143 1519 quibem

103 1553 282 1604 constructum
305 1549 347 1602 est
369 1545 397 1599 iss
422 1542 536 1600 ecclesis
557 1545 642 1599 mcii
665 1542 752 1614 Petri,
791 1548 837 1619 qui
860 1546 955 1602 dicitur
972 1543 1006 1600 ad
1024 1547 1143 1615 riaeuia;

104 1664 158 1720 qsu
176 1648 248 1703 iactu
265 1647 353 1702 statim
371 1644 488 1700 cessarit
502 1642 549 1698 ilia
568 1646 714 1716 quassatio.
763 1644 798 1702 Et
810 1646 872 1702 iiiuc
889 1643 1002 1703 aliems
1015 1646 1144 1719 reliquiae

104 1748 191 1804 sueti
216 1745 368 1802 Sebastiuui
393 1748 454 1800 suut
471 1741 587 1801 delatae.
638 1743 792 1802 Ambrosius
808 1747 836 1801 iu
852 1745 1019 1818 praefatione
1036 1749 1074 1802 sic
1091 1749 1145 1804 ait:

103 1847 179 1904 besti
193 1847 308 1903 tamiris
325 1843 476 1902 Sebastiuui
494 1859 542 1915 prc
560 1843 726 1900 ccuiessiuue
742 1847 853 1902 neminis
870 1848 923 1915 tui,
942 1843 1046 1904 demine
1066 1865 1144 1906 reae·

101 1947 210 2013 subitis,
225 1947 335 2019 surgitis
353 1945 452 2000 eiiusus
467 1943 543 1998 simui
560 1948 588 1998 et
603 1948 650 1998 tua
666 1944 798 2000 airubiiiu
816 1945 976 2016 asaniiestsb
995 1946 1064 2020 quud
1083 1962 1144 2020 pse-

104 2049 161 2102 ticis
181 2049 207 2101 iu
226 2045 374 2102 iubruitate
395 2046 532 2112 uirtutem,
561 2047 588 2099 et
603 2045 700 2100 vestris
718 2044 811 2100 studiis
830 2042 878 2100 das
897 2045 1041 2117 profectum
1062 2052 1088 2102 et
1105 2048 1144 2102 iu-

104 2149 187 2205 brusts
212 2148 239 2219 ¹)
258 2161 274 2203 a
290 2159 368 2219 prece
386 2151 507 2218 pesam
526 2141 658 2199 assiliunt.

507 2632 603 2730 iii.
635 2629 749 2730 iiii.

271 2787 346 2856 lie
367 2786 535 2856 sancta
555 2784 750 2875 agnose
771 2781 980 2904 virgine.

178 2955 269 3024 Agnes
287 2949 357 3006 dicta
374 2957 415 3008 est
433 2968 520 3026 agua,
559 2953 622 3024 quia
641 2951 709 3006 uritis
727 2959 754 3008 ei
772 2951 893 3018 bumiiis,
932 2958 1060 3025 uuquam
1078 2969 1151 3028 ugus

110 3052 168 3109 isit.
202 3049 252 3107 Vei
271 3067 287 3108 a
306 3051 407 3109 Grsueu
427 3052 539 3124 quodum
558 3066 653 3124 eguus,
673 3050 743 3123 quoti
763 3058 805 3109 est
822 3054 890 3124 pius,
913 3054 975 3124 quis
992 3055 1037 3122 piu
1054 3060 1081 3108 ct
1101 3056 1149 3108 sui·

110 3153 224 3207 sericurs
242 3154 351 3208 exstitit.
405 3152 454 3209 Vei
478 3153 568 3226 Agnes
586 3148 621 3205 ab
639 3151 823 3224 agnoscende,
857 3155 921 3223 prtia
944 3153 1011 3208 uisu
1030 3155 1149 3211 veritatis

110 3253 229 3324 agsscrit.
265 3249 369 3307 Veritus
387 3259 472 3307 autera
490 3251 630 3308 secuudum
646 3251 818 3324 Augustianis
836 3254 979 3324 apponitur
997 3254 1106 3308 subitati
1123 3262 1151 3311 et

111 3351 224 3407 iaisitati
241 3358 269 3408 ct
286 3350 429 3422 dubietati,
468 3353 530 3424 quia
553 3353 607 3406 tria
621 3365 639 3406 a
655 3365 685 3406 se
703 3353 813 3408 resecuit
833 3367 881 3424 per
900 3353 1034 3421 uirtutem,
1072 3368 1149 3426 pasus

109 3450 210 3509 babuit.

177 3557 206 3612 1.
225 3552 316 3625 Agnes
335 3553 411 3626 uirgo
431 3550 648 3624 prudentissima,
669 3557 696 3608 ut
713 3555 825 3608 testatur
842 3549 1006 3618 Ambrosius,
1027 3555 1072 3625 qui
1092 3553 1149 3626 ejus

111 3655 261 3724 passionum
280 3654 396 3724 scripsit,
414 3651 483 3708 iiiii.
501 3666 571 3706 usuc
589 3655 685 3709 aetatis
704 3667 768 3708 suae
786 3656 892 3707 esuriem
911 3651 1026 3722 perdidit
1034 3657 1061 3707 et
1070 3655 1149 3708 ribaus

111 3755 219 3809 iaseuit.
254 3749 369 3808 iuiautia
387 3751 490 3825 quidem
507 3753 707 3826 computabatur
724 3756 750 3807 iu
768 3753 859 3817 aucis,
884 3751 931 3806 sed
952 3758 1010 3807 erat
1027 3757 1150 3809 reuectus

111 3855 205 3909 ueutis
222 3853 357 3922 inmensa,
377 3867 489 3925 corpure
501 3852 660 3925 iuraueuiu,
680 3853 727 3908 sed
746 3854 832 3907 auimo
849 3867 925 3918 canu,
941 3850 1052 3923 puiehrs
1071 3851 1148 3920 faeie,

110 3952 159 4010 sei
176 3951 311 4025 pulchrior
328 3953 387 4011 tis.
422 3951 496 4018 Quae
514 3951 574 4009 duur
594 3965 611 4007 a
628 3951 727 4008 subulis
747 3954 897 4019 serenitas,
915 3966 933 4006 a
950 3951 1079 4022 praetecti
1095 3951 1149 4008 iiie

110 4054 256 4111 admetus.
293 4053 340 4110 cut
364 4053 410 4111 iiie
433 4067 550 4126 gemmas
568 4059 595 4109 et
617 4052 724 4109 diritius
742 4049 943 4109 innumerabiles
961 4053 1096 4124 promisit,
1127 4055 1150 4108 si

110 4172 264 4214 ucnseusuus
284 4156 342 4228 ejus
360 4155 485 4227 cunjugio
506 4169 557 4207 uun
577 4157 696 4225 separet.
739 4152 785 4209 Cui
804 4153 895 4225 Agnes
912 4150 1062 4223 respoudit:
1094 4152 1149 4208 ciis-

185 4411 208 4462 i)
219 4409 261 4456 liei.
275 4412 328 4454 bec.
342 4407 417 4460 ierunt
431 4405 482 4452 lucu
496 4406 617 4451 verberum
634 4419 648 4451 e
666 4419 765 4464 preces
793 4403 871 4462 sputi
892 4409 927 4452 te.
967 4407 1048 4448 conire
1060 4402 1102 4451 ab.
1116 4407 1147 4450 i'r.

109 4475 187 4523 offert:
206 4475 347 4535 proiicit.
362 4499 385 4510 -
399 4474 460 4530 det,
475 4497 499 4510 -
513 4479 655 4533 praestet.

924 4559 942 4612 8
