2984 5302
336 465 409 544 cap.
434 461 522 524 CXX.
565 468 610 526 De
631 477 729 526 semoto
751 466 910 525 Beruurdo.
1077 465 1140 528 529

104 615 221 690 salubre,
242 624 300 694 ejus
314 623 446 677 oustllntls
462 625 599 694 proposito
615 622 707 679 lueidlt
723 620 870 694 multosque
888 621 939 678 sibl
952 622 1063 697 loqueos
1081 632 1140 680 teu-

102 723 212 776 tsilouis
230 723 365 793 opposuit.
401 721 463 777 Cum
482 723 550 778 enlm
568 721 709 795 aliquando
725 725 752 776 lu
768 721 898 794 quandem
917 722 1037 778 lominum
1049 723 1140 778 oeulos

102 817 204 876 delitus
221 819 382 892 aliquamdiu
408 823 553 886 tenuisset,
578 823 703 876 eonduuo
727 820 762 876 de
784 836 814 876 ee
841 823 900 892 ipso
925 821 1085 878 eruhosoens
1113 825 1140 876 in

102 923 288 990 semetipsum
307 920 491 976 seuerissimus
510 919 581 975 ultor
605 921 718 992 insurgit
742 934 774 974 so
798 921 825 975 in
848 927 970 992 stagnum
993 921 1140 993 geliduruur

101 1035 228 1092 aquarum
247 1019 366 1074 insiliens
385 1017 484 1074 iamdiu
503 995 599 1073 ibidem
617 1022 770 1090 permensit,
791 1019 875 1074 donee
892 1033 976 1089 poene
995 1021 1140 1090 exsanguis

102 1105 212 1176 effertus
235 1119 419 1191 pergratiam
443 1117 493 1173 llel
517 1131 534 1172 u
557 1116 647 1172 coloro
675 1117 791 1172 oumuiis
814 1119 1045 1188 oonuupisoonilue
1068 1125 1140 1174 totus

101 1216 232 1291 refriguit
268 1215 346 1272 Ciroe
368 1216 434 1272 idem
460 1222 564 1288 ternpus
590 1219 714 1272 instinctu
739 1215 874 1272 dromonis
899 1216 987 1287 puelle
1010 1217 1139 1289 quaedum

100 1319 127 1372 in
144 1316 240 1373 loetum
259 1316 413 1376 dormientis
428 1332 458 1372 se
475 1315 546 1371 nuda
565 1317 671 1386 inlesit,
697 1329 773 1387 quem
792 1315 838 1370 ille
857 1317 974 1372 sentiens
994 1331 1051 1372 uum
1070 1320 1139 1372 omni

100 1431 165 1489 paee
184 1423 212 1472 ot
228 1417 333 1472 uilemtlo
354 1423 453 1488 purtem
473 1417 498 1471 el
517 1415 620 1482 leetull,
645 1430 721 1487 quum
740 1423 931 1486 oooupuuerut,
957 1418 1039 1471 uessit
1060 1423 1088 1471 et
1112 1420 1138 1472 in

98 1517 169 1572 lnius
187 1516 296 1572 alterum
318 1531 348 1570 se
364 1523 520 1571 conuertens
540 1514 676 1580 dormivit,
702 1515 799 1570 misere
825 1531 887 1570 vero
912 1514 958 1570 illu
976 1515 1137 1587 aliquamdiu

99 1620 234 1675 sustineus
250 1621 456 1686 stetissemus,
475 1612 570 1670 deinde
580 1615 693 1685 palpuus
706 1620 731 1668 st
745 1611 891 1680 stimulans,
909 1618 1060 1682 nouissime,
1081 1633 1137 1673 oum

100 1716 239 1772 immobilis
259 1717 316 1787 ipse
335 1716 505 1786 persisteret,
531 1713 578 1768 illu
595 1713 658 1768 lioet
675 1711 1006 1783 impudentissimuesset,
1033 1715 1138 1772 erubuit

99 1823 126 1872 et
144 1817 255 1872 horrore
273 1815 374 1886 ingenti
392 1819 472 1884 utque
489 1811 662 1868 admiralium
678 1812 911 1886 perlusesurgens
926 1815 1037 1888 uulluglt.
1074 1817 1136 1872 llum

98 1919 190 1970 iterum
214 1917 240 1970 in
259 1913 336 1968 domo
354 1913 489 1985 eujusdam
508 1918 642 1968 matronae
661 1909 853 1982 hospitemur,
878 1913 925 1968 ills
941 1917 1135 1974 adnleseentom

98 2022 209 2087 asperto
232 2013 355 2069 deeoruru
374 2009 562 2079 considemus,
587 2009 754 2067 uehementer
777 2013 804 2066 iu
821 2015 1059 2082 oonuuplsoentiem
1078 2020 1136 2089 ejus

98 2115 212 2180 exarsit,
236 2127 292 2168 euru
310 2117 395 2169 sulem
414 2115 524 2169 seorsim
542 2111 636 2167 lectum
654 2109 706 2166 siit
723 2113 807 2166 sterni
824 2111 947 2179 lecisset,
974 2117 1034 2185 ipsu
1051 2118 1136 2186 impu-

98 2213 192 2270 denter
203 2211 350 2268 otsllruter
364 2211 397 2267 de
410 2219 487 2268 uooie
500 2225 613 2284 surgons
625 2211 659 2266 ud
674 2227 730 2267 euru
750 2213 873 2268 uuoessit.
909 2211 990 2274 Quum
1011 2213 1056 2270 ille
1072 2229 1135 2272 seu-

98 2316 166 2369 lleus
181 2315 302 2384 protinus
317 2312 487 2367 exolumsult:
508 2312 634 2376 latrones,
648 2310 773 2366 luiruuee.
799 2307 842 2364 nd
854 2325 929 2380 quum
944 2327 1030 2368 uorem
1043 2315 1136 2370 mulier

77 2399 182 2484 ¹fugit,
199 2411 303 2467 iuuilio
319 2415 422 2484 surgit,
442 2410 551 2465 luoerne
567 2408 736 2474 oooeudltur,
755 2407 824 2463 latro
844 2413 994 2480 quaeritur,
1019 2411 1067 2467 sed
1086 2416 1135 2466 mi-

98 2514 166 2568 uime
184 2513 329 2576 invenitur,
356 2509 389 2564 ud
408 2509 519 2566 leutulos
539 2507 637 2582 singull
656 2507 780 2574 redeunt,
801 2509 940 2579 quieseunt
958 2513 1067 2578 coeteri,
1087 2512 1135 2568 sed

97 2627 151 2669 uon
169 2611 216 2665 ille
233 2611 331 2664 misera
348 2611 508 2680 requiescit,
534 2623 592 2664 num
610 2607 696 2666 denuo
716 2609 844 2679 exsurgit,
864 2606 992 2668 semmei
1011 2609 1134 2668 leotuluru

98 2713 182 2782 petit,
199 2709 248 2776 sed
265 2709 324 2764 ille:
344 2709 476 2776 latrones,
495 2707 622 2776 latrones,
641 2705 727 2764 deuuu
745 2706 908 2762 exclamarit.
940 2707 1024 2764 Latro
1042 2713 1134 2767 lterum

98 2809 247 2882 quaeritur,
271 2808 320 2864 sed
344 2823 508 2881 uequuqueru
534 2805 568 2862 ab
594 2823 642 2874 eo,
668 2806 713 2878 qui
736 2804 809 2861 solus
831 2813 956 2875 nouerat,
975 2810 1133 2880 publicetur,

97 2923 181 2980 usque
198 2910 276 2965 terilo
294 2908 415 2980 improlis
432 2908 525 2964 mulier
541 2908 582 2961 sio
605 2904 711 2976 repulso
733 2907 778 2958 uix
798 2904 903 2962 tendum
927 2914 996 2964 metu
1019 2911 1061 2968 uel
1085 2911 1133 2968 de-

97 3008 249 3078 speratione
278 3010 347 3064 uluis
372 3010 497 3066 osssuuit.
531 3007 594 3062 llum
616 3011 703 3060 sutem
727 3007 849 3076 sequenti
875 3005 919 3061 dle
950 3009 1002 3064 iter
1031 3016 1133 3082 egeret,

96 3112 239 3179 urguentes
250 3122 308 3162 eun
325 3109 400 3174 sosii,
419 3105 489 3179 quod
500 3109 595 3162 totiens
611 3104 728 3160 letroueu
739 3107 917 3174 somniaverit,
934 3110 1132 3182 perquirebant

97 3204 197 3268 Quibus
215 3205 261 3262 lllo
280 3207 331 3262 eit:
358 3207 488 3262 uernoiier
509 3203 560 3260 huo
578 3211 656 3260 noete
678 3203 790 3268 lusidius
814 3221 870 3261 sun
889 3223 1031 3279 perpessus
1049 3209 1132 3265 lutro-

96 3306 151 3372 nls‚
170 3307 233 3378 qula
250 3305 356 3379 hospite
374 3304 437 3360 uili
455 3303 588 3362 nliebnlur
606 3303 711 3360 sulerre
731 3303 884 3378 thesaurum
902 3308 1133 3379 irrecuperublleru

97 3405 239 3462 ossfitutls.
273 3403 445 3476 Perpendens
472 3405 554 3476 lgltur
577 3418 629 3464 uun
651 3418 710 3458 esse
732 3409 816 3459 lutum
835 3404 988 3462 cohabitare
1006 3415 1133 3480 serpenti.
1165 3437 1167 3440 ·

95 3502 186 3576 iugum
210 3503 332 3559 ureditsri
354 3507 442 3576 ooeplt
466 3511 492 3561 el
517 3502 634 3558 ordinem
659 3501 874 3560 cisterciensium
906 3512 1000 3562 extuno
1029 3509 1133 3580 ingredi

95 3601 262 3659 deliberavit.
298 3602 374 3666 Quod
399 3619 456 3660 uum
479 3603 576 3658 iratres
602 3601 661 3673 ejus
686 3609 878 3674 eognosoerent
903 3609 930 3660 et
953 3621 1009 3660 euru
1029 3605 1063 3660 ub
1083 3607 1133 3662 lroo

96 3697 234 3772 proposito
251 3700 337 3756 modis
355 3700 474 3758 omnibus
496 3684 681 3773 prohiberent,
709 3705 806 3756 tenum
832 3705 857 3758 ei
882 3707 995 3774 gretiam
1013 3703 1133 3760 domiuus

95 3800 221 3867 oouiullt,
245 3805 274 3854 ut
297 3816 349 3856 uon
373 3800 456 3856 solum
481 3802 539 3872 ipse
564 3795 771 3856 uoonuerslouo
789 3781 841 3856 uon
858 3801 1058 3872 prohiberetur,
1084 3804 1134 3858 sed

95 3913 186 3954 eiures
203 3897 300 3954 lretres
319 3915 383 3954 suos
401 3905 428 3955 et
444 3899 539 3955 multos
557 3901 625 3956 ulios
643 3899 677 3954 ud
695 3898 849 3970 religionem
862 3900 965 3955 domino
977 3900 1132 3958 lucraretur.

96 3997 229 4055 Gerendus
246 4005 337 4054 iumen
354 3998 439 4055 iretur
455 4001 513 4070 ejus
538 3999 614 4054 rullus
632 4005 754 4055 strenuus
773 3996 839 4054 loeo
856 3997 947 4053 lrslris
967 3998 1047 4054 rerlnu
1065 4015 1134 4056 usus

94 4097 206 4170 putubrd
223 4106 250 4154 et
266 4099 326 4170 ejus
344 4101 448 4155 omuino
466 4101 565 4152 monite
583 4096 744 4169 repellebam
763 4101 824 4151 tuno
842 4094 992 4152 Bernsrdus
1011 4095 1062 4154 tide
1076 4101 1131 4171 jum

95 4199 190 4271 igneus
209 4205 236 4254 et
253 4197 370 4254 interno
389 4198 508 4254 our'itetis
526 4195 585 4252 zelo
600 4199 690 4254 mirum
707 4198 732 4251 lu
746 4193 848 4250 modum
862 4203 1048 4266 exasperatus:
1066 4201 1131 4264 seio,

95 4300 188 4369 iuquit,
208 4297 292 4354 lueter
305 4299 349 4358 sul,
370 4297 512 4364 seimonis
530 4299 634 4352 reuutio
652 4295 809 4351 intellectum
823 4294 897 4349 deluit
911 4295 1021 4353 auditui.
1056 4296 1135 4370 lllgl-

94 4402 199 4468 tumque
224 4397 301 4454 lateri
327 4398 385 4468 ojus
408 4411 560 4467 opponens:
586 4399 687 4463 reniet.
715 4395 810 4466 inquit,
835 4391 893 4449 dies
920 4395 1130 4462 stelionum,

888 4493 923 4547 tt
