2828 5302
313 449 355 513 90
534 449 606 534 Cap.
628 454 705 518 xiv.
753 456 798 516 Da
823 457 977 536 epiphania
998 457 1118 516 domini.

313 609 407 678 dinus,
421 613 535 683 inquam,
554 612 774 684 superinducam
791 617 911 686 positam.
930 617 978 674 Vei
998 634 1046 673 nos
1065 619 1224 673 exsistentes
1243 617 1269 672 ir
1288 632 1349 671 nor·

313 715 354 765 tra
376 713 486 784 regione
512 709 622 767 uidimus
645 712 747 768 stellam
768 717 826 786 eJ'us
847 718 873 770 in
891 719 1007 785 oriente,
1041 717 1067 771 id
1086 722 1144 782 esi,
1181 719 1206 769 in
1226 715 1349 771 orientali

312 817 396 882 parte.
433 810 478 866 ilis
497 809 600 881 vorbis,
629 814 698 868 sicut
715 813 778 868 dieii
795 814 928 889 Remigius
944 819 972 872 in
989 815 1130 887 originali,
1158 830 1246 870 seram
1265 813 1349 870 horul-

311 925 369 966 nem
388 916 415 964 et
432 924 521 965 nerum
537 926 627 986 regern
644 917 671 966 et
689 929 776 968 rerum
794 913 875 969 Deum
893 915 1008 971 confessi
1028 923 1096 970 sunt.
1151 914 1246 971 Verum
1264 913 1350 968 bomi-

312 1025 385 1078 nem,
410 1009 620 1066 condixerunt:
646 1011 688 1066 uiri
708 1019 765 1081 est,
793 1015 837 1086 qui
853 1021 930 1070 natus
950 1015 1011 1070 esi?
1045 1013 1140 1071 ilerum
1159 1030 1263 1086 regem,
1291 1031 1348 1070 eun

312 1111 399 1180 ajunt:
435 1125 481 1164 rex
498 1108 667 1167 ludaeorum.
704 1110 799 1168 Verum
816 1113 915 1181 Deum,
949 1129 1005 1168 eum
1023 1113 1203 1185 subjungunt:
1229 1116 1348 1170 uenimus

312 1207 424 1264 adorare
442 1224 508 1265 eun.
543 1199 712 1282 Praeceptum
730 1214 796 1266 enirn
816 1213 873 1281 luit,
892 1219 920 1266 ut
938 1213 1024 1268 nullus
1042 1213 1091 1267 nisi
1110 1214 1263 1271 solusiiens
1282 1215 1348 1269 ado·

310 1315 422 1365 roratur.
474 1307 527 1365 Sed
546 1308 663 1366 lierodes
683 1310 733 1366 iroc
752 1313 861 1368 audieus
878 1311 1001 1367 turbatas
1019 1318 1061 1368 esi
1075 1318 1101 1368 et
1119 1315 1202 1367 onnia
1220 1312 1346 1370 iheroso-

310 1408 373 1462 lima
390 1423 446 1464 ourn
464 1407 520 1464 ilio.
563 1408 674 1482 Triplici
691 1410 724 1466 dc
742 1427 825 1466 cansa
843 1428 889 1467 rex
907 1409 1027 1468 turbetur
1048 1417 1089 1466 est
1108 1417 1134 1467 et
1151 1413 1234 1466 omnis
1252 1410 1347 1468 lbero-

310 1508 405 1563 solima
420 1523 477 1563 cunr
497 1508 552 1564 illo.
592 1508 678 1565 Primo
696 1527 729 1568 ne
746 1511 842 1570 Judsei
858 1527 947 1584 regem
965 1517 1053 1566 natum
1070 1517 1193 1582 tanquam
1211 1527 1286 1567 suuni
1305 1526 1346 1566 re-

309 1609 427 1679 ciperent
444 1612 472 1665 et
487 1622 518 1664 se
535 1613 657 1680 unquam
683 1611 857 1684 alienigenam
875 1611 1045 1682 expellerent.
1096 1609 1169 1666 linde
1188 1608 1346 1682 chrysosto-

310 1724 379 1762 mus:
402 1709 470 1762 sicut
486 1722 585 1762 ramum
604 1707 708 1764 arboris
726 1712 752 1765 in
772 1710 876 1766 excelso
894 1712 1007 1782 positum
1027 1709 1094 1765 leuis
1110 1711 1188 1766 ctiam
1206 1724 1272 1764 aura
1291 1725 1345 1765 mo·

310 1815 362 1876 ret,
381 1811 419 1862 sic
436 1812 463 1863 el
479 1804 604 1862 sublimes
622 1805 740 1864 boninus
756 1812 781 1863 in
799 1808 909 1865 eulmine
928 1809 1084 1882 dignitatum
1103 1810 1260 1866 exsistentes
1279 1800 1345 1865 ie'rir

309 1909 387 1962 eiiam
407 1907 477 1962 ianua
498 1905 646 1962 conturbat.
698 1907 819 1964 Secundo
837 1925 870 1964 ne
888 1924 905 1963 a
924 1907 1046 1963 Romanis
1064 1908 1166 1980 culpari
1184 1915 1291 1980 posset,
1322 1911 1345 1962 si

309 2007 406 2080 aliquis
424 2006 462 2061 ibi
485 2022 533 2061 res
561 2014 715 2075 uocaretur,
750 2025 825 2081 quem
845 2010 980 2082 Augustus
996 2023 1048 2063 non
1063 1994 1255 2064 ‘constituisset
1302 2005 1346 2064 Sic

309 2109 376 2162 enim
394 2107 581 2162 ordinaverent
597 2105 722 2174 Romani,
759 2115 786 2163 ut
804 2107 890 2162 nuilus
907 2107 977 2162 licus
997 2107 1037 2164 uel
1052 2123 1098 2163 rex
1117 2109 1174 2162 sine
1197 2110 1239 2162 aui
1263 2108 1344 2165 liceu-

308 2209 347 2261 ιιι
363 2210 391 2262 et
407 2207 517 2276 inperio
535 2203 673 2262 diceretur.
710 2206 818 2274 Tertio,
854 2209 990 2278 quonian,
1027 2210 1095 2262 sicut
1110 2207 1175 2262 dicit
1190 2205 1345 2280 Gregorius,

307 2305 376 2361 coeii
393 2323 458 2379 rege
475 2310 538 2361 nato
556 2320 603 2362 reu
621 2310 709 2361 terrae
727 2307 848 2361 turbatus
866 2313 922 2372 est,
943 2308 1005 2378 quia
1024 2307 1143 2361 nimirum
1162 2306 1273 2362 altitudo
1289 2314 1344 2364 ter-

308 2421 373 2461 rena
389 2406 571 2476 contunditur,
606 2407 665 2460 dum
684 2405 812 2460 celsitudo
829 2406 953 2462 coelestis
970 2407 1096 2476 aperitur.
1148 2403 1238 2462 Omnis
1258 2413 1343 2464 auten

307 2504 484 2562 iherosolima
499 2522 556 2561 cnm
576 2506 623 2561 illo
638 2505 746 2561 turbata
764 2512 806 2562 est
822 2506 920 2578 triplici
935 2505 968 2560 de
984 2519 1074 2560 causa.
1109 2503 1195 2560 Pdno
1215 2508 1278 2579 qnia
1295 2509 1343 2562 im·

307 2607 344 2676 pii
363 2605 481 2679 gaudere
498 2610 629 2678 nequeunt
648 2605 680 2661 de
703 2605 817 2662 adventu
831 2607 913 2678 iusti,
948 2603 1078 2670 secundo,
1115 2610 1142 2658 ut
1160 2607 1218 2676 regi
1236 2605 1342 2661 turbato

308 2703 487 2772 adularentur,
506 2721 554 2777 per
570 2704 621 2760 iioo
639 2703 709 2776 quod
727 2719 757 2760 se
775 2705 895 2761 similiter
911 2703 1031 2759 turbatos
1050 2703 1235 2773 ostenderent,
1255 2708 1342 2774 tertio,

308 2807 371 2876 quia
390 2807 456 2860 sicut
474 2821 534 2862 sese
552 2808 637 2861 sentis
655 2805 862 2860 concutientibus
879 2797 949 2860 unda
966 2807 1122 2870 concutitur,
1139 2805 1178 2857 sie
1196 2809 1223 2860 et
1235 2803 1343 2876 regibus

307 2905 342 2960 ad
360 2908 468 2962 inuicem
487 2904 648 2962 certantibus
667 2904 782 2976 populus
798 2905 986 2968 conturbatur,
1005 2909 1031 2959 ei
1053 2903 1115 2958 ideo
1132 2918 1166 2957 es
1183 2901 1233 2959 iroc
1249 2906 1341 2959 timue·

307 3013 382 3072 runt,
422 3021 454 3060 ne
472 3005 573 3061 scilicet
597 3008 731 3076 praesenti
749 3010 776 3061 ei
793 3011 902 3061 uenturo
920 3019 984 3075 rego
1002 3003 1036 3057 ad
1055 3004 1164 3057 invicem
1181 3001 1342 3057 cenantibus

306 3107 357 3176 ipsi
381 3103 624 3176 perturbationibus
647 3103 851 3160 involverentur.
903 3101 973 3158 llaec
998 3104 1066 3156 ratio
1091 3108 1133 3157 est
1152 3099 1342 3172 chrysostomi.

307 3204 380 3259 Tunc
406 3204 522 3260 licrodes
548 3217 637 3258 omnes
660 3201 813 3260 sacerdotes
830 3208 857 3259 ei
875 3200 977 3257 scribas
995 3215 1142 3256 convocans
1158 3199 1344 3255 sciscitabatur

306 3304 402 3370 abiis,
421 3302 466 3358 ubl
485 3301 605 3358 Christus
624 3308 783 3357 nasceretur.
818 3302 882 3358 Cum
900 3309 986 3356 autern
1003 3299 1038 3354 ab
1055 3303 1089 3354 iis
1109 3298 1255 3366 didicisset,
1272 3298 1343 3370 quod

306 3405 332 3460 in
353 3401 485 3459 iictieben
505 3402 607 3470 iudae,
632 3401 732 3458 uocatis
750 3401 784 3455 ad
802 3417 832 3457 se
850 3400 916 3455 claun
934 3403 1020 3473 magis
1038 3397 1181 3471 diligenter
1198 3397 1231 3453 ab
1250 3399 1284 3452 iis
1301 3396 1340 3452 dl·

308 3504 373 3566 dicit
387 3507 489 3573 tompus
508 3501 612 3568 suetiae.
630 3507 659 3556 ut
678 3500 800 3556 uidelicet
817 3504 906 3567 sciret,
925 3499 987 3572 quid
1006 3499 1115 3564 iaceret,
1133 3500 1155 3551 si
1174 3497 1207 3552 ad
1227 3511 1257 3550 se
1270 3502 1341 3569 mugi

306 3619 358 3656 non
376 3600 500 3658 redirent.
534 3601 658 3672 Dixitque
675 3602 719 3668 iis,
736 3603 842 3656 inuenio
861 3615 943 3672 puero
962 3602 986 3655 ei
1004 3599 1198 3664 renuntiarent,
1216 3595 1342 3650 sinistans

307 3718 336 3758 se
355 3700 422 3756 uelle
440 3698 563 3768 adorare,
582 3716 658 3771 quem
678 3699 785 3756 volebat
803 3699 932 3755 occidere.
964 3698 998 3754 iit
1014 3703 1087 3763 nota,
1107 3694 1177 3766 quod
1194 3709 1252 3749 oum
1272 3695 1341 3766 na&

307 3801 507 3859 lherosolimam
524 3801 638 3873 ingressi
659 3800 787 3867 iubsent,
813 3800 907 3856 stellae
926 3799 1045 3853 ducatum
1066 3797 1223 3850 amiserunt:
1250 3800 1276 3849 ei
1293 3791 1343 3849 boc

307 3907 417 3972 propter
434 3902 627 3956 mentiones.
647 3897 743 3967 Prinna,
762 3905 791 3955 ut
807 3898 841 3955 de
858 3897 917 3953 loco
935 3899 1081 3953 natiuitatis
1099 3893 1198 3951 (ibristi
1215 3908 1344 3973 quaerere

306 3995 474 4074 cogerentur,
492 4004 520 4053 ut
534 4001 573 4054 sio
591 3998 624 4054 de
643 4001 727 4069 ipsius
745 4005 804 4054 ortu
820 3996 1035 4064 canticarentur,
1054 4003 1106 4050 uun
1125 4000 1234 4066 propter
1249 3991 1344 4049 stellae

308 4101 498 4172 apparitionem
519 4113 595 4171 quarn
616 4113 664 4169 per
676 4097 831 4170 prophetiae
849 4099 1030 4164 assertionem,
1051 4098 1119 4150 sient
1135 4099 1162 4148 et
1180 4092 1275 4148 iactum
1294 4099 1343 4154 ost.

308 4197 438 4264 Secunda,
457 4199 578 4269 quoniam
596 4198 722 4253 auxilinm
739 4204 898 4268 quaerentes
915 4195 1052 4251 humanum
1067 4195 1141 4265 juste
1159 4191 1272 4264 pordero
1290 4205 1342 4246 me·

233 4366 234 4369 Ἴ
309 4302 415 4352 ruerunt
432 4295 553 4352 diuinum.
605 4295 714 4363 iectu,
741 4297 864 4368 quoniam
882 4298 961 4368 signa
978 4291 1125 4348 inideiibus
1144 4292 1208 4346 daia
1223 4297 1284 4343 sunt
1302 4303 1343 4343 se·

308 4395 416 4453 cundum
436 4396 600 4468 apostolum,
625 4394 672 4452 sed
690 4393 831 4466 prophetia
848 4392 985 4458 ldeilbus,
1013 4397 1038 4447 et
1056 4391 1115 4446 ideo
1135 4393 1237 4462 signum
1257 4387 1345 4444 dature
