2984 5302
357 510 430 591 cap.
455 510 543 571 cxx.
586 511 632 571 ne
652 473 751 571 tanen
774 509 932 572 serrano.
1100 511 1161 573 sur

128 669 202 728 Unde
220 669 253 728 de
272 669 319 727 iiiii
337 676 474 743 potestate
491 677 620 745 nnqnsn
638 671 670 728 de
688 671 738 729 hei
764 675 859 730 strtute
876 689 929 728 nou
947 669 1098 729 notuhunds
1114 673 1163 731 ‹ie-

129 770 311 829 heleuterius
337 771 416 829 dixit:
442 775 529 829 uinun
555 789 606 828 uon
630 771 743 840 hubent,
768 775 855 829 ueiens
880 789 936 828 eun
963 772 1162 847 hoogotuisse.

129 872 198 945 quoti
222 888 281 930 eunt
302 888 365 928 rnuu
389 875 501 947 oontigit
526 874 653 929 niruouio
677 873 860 946 complevisse.
894 871 962 930 Eoos
980 875 1061 945 igitur
1075 873 1164 931 hienis

128 972 180 1029 nte
199 979 323 1045 stupere
342 971 440 1029 Christi
460 975 645 1030 ministratrix!
681 975 709 1029 Si
735 973 773 1028 ihi
790 990 842 1030 nou
859 973 955 1041 inunt,
978 973 1023 1029 uhi
1042 973 1162 1032 Christus

129 1073 261 1130 ministros
280 1089 344 1131 snos
365 1077 419 1131 ruit
437 1091 514 1142 esse,
542 1075 589 1131 uhi
607 1091 673 1148 ergo
690 1076 762 1131 erit?
778 1082 806 1131 et
823 1076 848 1131 si
865 1073 903 1130 ihi
920 1074 1013 1143 inerit,
1038 1075 1164 1149 nunquid

128 1174 235 1247 sequuti
250 1176 361 1248 gratini
382 1183 407 1232 et
425 1179 449 1232 si
467 1176 575 1249 uoquuii
592 1178 696 1248 gratis,
722 1175 766 1230 uhi
785 1190 872 1248 nequa
889 1174 938 1231 uei
956 1188 1076 1245 censoru,
1093 1193 1162 1249 quun

128 1273 216 1330 rediit
233 1277 371 1348 uniruique
391 1277 532 1333 secundun
551 1277 666 1333 nerito?
701 1275 730 1331 Si
747 1279 840 1332 nerito
854 1291 918 1348 prou
930 1275 1163 1333 omnihushiurius

128 1377 228 1432 uiuenti
244 1381 317 1431 tuntu
335 1382 375 1432 ost
392 1379 481 1449 grutio
498 1376 613 1444 donato,
641 1382 668 1432 et
685 1377 775 1448 gratie
796 1381 915 1432 nortuse
933 1378 984 1432 erit
1000 1377 1162 1434 minuerint

129 1474 215 1532 nisit.
250 1475 280 1532 Si
298 1479 364 1531 enin
382 1479 493 1532 onniuu
512 1483 662 1532 sunotoruu
680 1492 750 1533 nrore
769 1481 812 1532 est
828 1479 961 1548 pretioso,
978 1475 1081 1533 Murius
1097 1493 1163 1535 sune

130 1581 171 1630 eut
187 1577 386 1647 pretiosisstuu.
422 1575 600 1632 (innitendum
620 1578 702 1649 igitur
718 1591 834 1644 censeo,
856 1576 970 1634 hierium
995 1575 1029 1631 sd
1046 1580 1162 1634 oeterni-

129 1677 192 1730 tutis
210 1675 333 1750 gundiun
351 1683 492 1734 usunrntsn
510 1676 673 1750 benignitate
692 1676 793 1733 Christi
810 1683 837 1732 st
853 1675 1035 1732 honorabilius
1053 1693 1161 1751 suseep-

128 1783 180 1831 tun
197 1779 327 1839 oseieris.
346 1774 423 1851 nuans
442 1775 689 1851 grotinhonorsuit
706 1780 915 1848 praecaeteris,
942 1782 1021 1849 etque
1038 1777 1072 1833 sd
1089 1793 1161 1834 oon-

128 1893 228 1934 nnnenu
250 1877 437 1934 inmanitatem
465 1895 516 1934 non
540 1893 600 1933 essu
624 1876 761 1932 munuum
786 1882 848 1949 post
873 1884 980 1933 norton
1004 1878 1160 1950 putredinis,

127 1963 253 2035 videlieet
270 1980 366 2034 uernis
384 1985 412 2035 et
430 1979 563 2051 priveris,
591 1992 659 2050 quae
681 1993 754 2033 suurn
782 1985 808 2033 et
832 1980 944 2033 omniurn
961 1981 1053 2050 gennit
1070 1980 1160 2035 esino·

126 2086 220 2135 iurent.
254 2078 282 2134 Si
308 2079 390 2152 elegit
412 2079 502 2135 dirius
525 2077 645 2135 solonius
672 2079 741 2132 tutor
762 2079 861 2150 igninrn
881 2078 1005 2138 ,honorus
1022 2094 1160 2150 puerorum

128 2180 283 2236 uestimento
309 2180 552 2246 serimentum,
584 2193 631 2234 our
646 2176 747 2233 uhnuut
776 2179 910 2236 inuenire
933 2181 1058 2250 propriu,
1090 2181 1160 2252 quod

127 2279 211 2353 elegit
227 2285 254 2337 tn
272 2286 345 2337 reste
364 2280 473 2337 utiensi
507 2281 601 2338 Jonsur
625 2293 733 2336 seruere
761 2280 788 2334 tn
806 2284 895 2336 uentre
916 2283 966 2336 osii
985 2282 1162 2351 inoorrupiuun

17 2403 18 2406 ¹
127 2379 210 2435 uuiuh
226 2379 286 2436 eois
304 2380 501 2447 misericordis,
525 2378 637 2435 hierium
656 2381 832 2450 inourruptsrn
850 2396 903 2434 nou
919 2379 1038 2436 eerrnhit
1055 2379 1161 2456 grutisi

127 2479 255 2536 Serestus
279 2486 321 2536 sst
336 2478 430 2535 Dentri
448 2483 474 2534 in
493 2479 711 2550 desperatissime
727 2479 796 2536 iaus
813 2479 929 2548 ieonuru,
953 2495 1009 2536 non
1031 2481 1162 2537 servanda

128 2585 169 2636 esi
191 2579 280 2637 hirris
304 2581 386 2635 tentis
413 2580 512 2636 donato
547 2582 624 2636 etiarn
653 2582 754 2637 neritis
785 2580 963 2654 dignitatum?
996 2579 1069 2638 lineo
1095 2596 1161 2654 ergo

126 2683 236 2746 onnotn',
260 2694 328 2751 quse
346 2678 471 2746 diuinus,
496 2683 559 2754 quis
575 2685 693 2736 nutnrunr
711 2697 764 2735 non
782 2694 905 2737 serruese
924 2682 1116 2754 cognoscimus,
1134 2685 1161 2737 in

127 2781 280 2853 integrttste
303 2796 408 2854 guoque
431 2780 535 2838 Mense
562 2779 622 2852 glus
647 2783 761 2854 grutinrn
786 2795 863 2854 quoru
892 2787 1011 2836 nutururu
1042 2784 1161 2853 potuisse

127 2895 181 2936 non
197 2879 356 2938 dubitemus.
392 2881 511 2938 Christus
530 2897 594 2954 ergo
612 2879 707 2938 lsetsri
728 2881 789 2936 iuuit
812 2880 924 2937 hierium
947 2882 1034 2938 enisos
1056 2888 1083 2937 et
1099 2896 1160 2937 uor-

126 2997 191 3052 pore
209 2983 236 3036 tn
255 2997 286 3038 ee
302 2983 410 3055 proprio
428 2981 500 3050 iiio,
524 2997 574 3038 nuo
598 2981 676 3037 uiiuur
704 2984 781 3054 sequi
799 2977 977 3053 eorruntiunts
1001 2996 1160 3062 uernnnnnr,

126 3096 203 3153 quun
220 3081 292 3138 nutis
310 3089 404 3140 secuto
422 3087 463 3139 est
480 3089 579 3138 tuntum
600 3081 727 3153 puniendo
744 3081 824 3138 iiiunu
840 3083 1001 3155 integritatis
1015 3083 1159 3153 eorruptio,

125 3188 155 3237 nt
172 3184 208 3238 eit
224 3199 329 3256 semper
346 3185 511 3255 incorrupto,
536 3198 612 3255 quun
631 3189 705 3239 tento
724 3181 840 3255 perfudit
856 3183 960 3256 gustis,
987 3182 1023 3236 uit
1039 3182 1158 3264 integru-

125 3281 187 3339 iiter
204 3286 314 3352 sireis,
338 3299 406 3356 quoe
428 3285 540 3339 onuiuur
564 3285 694 3357 integrans
716 3283 809 3356 genuit
833 3283 919 3338 ritsn.
955 3280 985 3338 Si
1007 3297 1073 3354 ergo
1094 3280 1159 3344 tint.

125 3389 155 3438 ut
180 3382 274 3452 tinini,
301 3383 436 3457 eporohu,
463 3383 583 3451 christe,
606 3391 634 3439 tn
659 3390 686 3440 st
707 3385 761 3450 tut,
785 3385 810 3438 ei
834 3398 897 3440 uero
923 3398 991 3450 non,
1017 3388 1046 3436 ut
1069 3379 1159 3448 debui,

124 3484 248 3558 ignusue,
266 3483 397 3555 niseum,
415 3491 443 3540 tu
461 3489 488 3541 et
503 3485 551 3541 tut.

537 3728 743 3741 *—

345 4033 346 4036 ¹
460 3975 556 4074 tit.
581 3976 675 4072 hii.
708 3975 816 4074 (115.)
904 3961 906 3966 ’
995 4005 996 4010 ‘

312 4129 395 4200 lie
429 4129 627 4200 saneto
656 4125 965 4200 Bornos-uio.

184 4291 563 4364 semimortuorum
592 4294 663 4367 quoti
681 4299 722 4352 eui
739 4301 834 4367 putem
858 4292 899 4350 uei
918 4292 978 4349 iens
997 4299 1024 4348 et
1048 4291 1153 4360 narius,

120 4406 196 4464 quse,
214 4398 243 4448 ut
253 4391 317 4449 iiott
332 4392 430 4451 Giorss
442 4409 523 4468 super
535 4396 648 4464 ooutiuu,
666 4393 750 4452 heris
764 4401 805 4452 est
822 4393 926 4474 huniliu
945 4399 972 4450 et
984 4391 1087 4449 onitin
1105 4407 1154 4448 uu·

117 4495 194 4551 tuse
218 4498 245 4549 et
269 4491 413 4551 uioriiers
448 4493 508 4552 Fuit
533 4498 600 4553 eoin
622 4494 725 4552 nuliius
748 4496 776 4551 tn
793 4494 907 4552 terrenti
923 4508 1025 4561 suere,
1048 4490 1154 4548 inuitis
