2866 5310
344 465 417 547 Cap.
439 465 572 526 Lxxttt.
620 467 665 525 De
685 475 785 525 saneto
808 465 919 545 spiritu.
1088 465 1152 528 335

112 629 205 698 plicam
224 627 275 682 uim
294 629 391 682 amoris
409 629 520 698 spiritus
538 632 646 682 sanetus
665 625 867 694 emollietur,
891 640 958 698 quos
976 627 1068 697 replet,
1089 630 1151 700 quia

111 729 220 783 inclinat
237 743 285 783 eos
305 744 354 798 per
371 728 543 783 humilitatem
563 735 589 782 et
606 729 648 780 sui
665 734 830 788 contemtum.
849 728 935 781 eleuat
952 729 977 780 in
992 727 1150 783 desiderium

110 843 283 898 supernorum
314 834 341 884 et
366 827 506 882 coordinat
529 829 638 882 inuicem
663 844 712 896 per
742 825 944 881 uniformitatem
968 843 1076 883 moron.
1110 827 1151 885 Ile

29 992 33 1000 Ι
111 930 191 982 tertio
209 927 352 995 sciendum,
372 925 442 998 quod
462 929 586 996 apparuit
602 929 691 997 petius
708 929 735 982 in
754 927 855 996 lingua,
874 939 951 997 quain
968 929 993 979 in
1006 929 1059 982 alio
1071 943 1153 983 mem-

111 1025 177 1090 bro,
204 1025 303 1098 triplici
327 1030 438 1083 ratione.
473 1027 578 1098 Lingua
603 1027 671 1082 eninr
694 1033 734 1082 est
760 1025 899 1081 nenbnunr
925 1028 987 1096 igne
1010 1023 1152 1084 Gebennae

113 1125 310 1188 trudamrnatum.
341 1124 449 1181 dillieile
482 1125 516 1180 ad
549 1127 691 1197 regendum
714 1133 739 1180 et
762 1126 826 1180 utile
849 1127 918 1181 bene
943 1135 1048 1181 rectum.
1085 1127 1152 1191 Quia

112 1241 178 1296 ergo
195 1225 287 1297 lingua
305 1227 366 1298 igne
386 1226 507 1280 infernali
527 1227 686 1280 inflammata
704 1231 769 1288 erat,
788 1225 849 1280 ideo
868 1215 1150 1298 igne'spiritussanoti

113 1324 263 1398 indigeba13
280 1322 428 1380 taceant:
439 1325 529 1396 lingna
540 1333 631 1378 nestra
642 1326 713 1397 ignis
725 1333 764 1379 est
779 1332 841 1388 ete,
854 1323 1151 1398 quiadiffieileregitur‚

113 1423 174 1478 ideo
197 1438 261 1495 prae
286 1427 399 1480 caeteris
424 1424 547 1479 membris
573 1427 661 1496 gratia
685 1425 794 1492 spiritus
812 1425 894 1478 saneti
919 1425 1035 1495 indiget,
1058 1425 1151 1492 Jacob,

111 1521 162 1579 lli:
185 1526 269 1578 omnis
292 1531 385 1579 tratura
408 1525 551 1580 bestiarum
570 1531 620 1579 etc.
656 1523 724 1586 Quia
743 1524 815 1577 utilis
832 1523 928 1586 ualde,
951 1527 975 1577 si
993 1523 1060 1580 bene
1077 1529 1153 1600 regi-

113 1630 170 1689 tur,
195 1624 255 1678 ideo
272 1639 383 1678 neeesse
409 1623 473 1689 luit,
497 1631 525 1678 ιιι
542 1623 663 1694 spiritum
687 1629 806 1677 sanctone
824 1633 950 1678 rectorem
969 1623 1088 1682 haberet.
1116 1626 1151 1680 ln

112 1722 204 1794 lingua
220 1724 298 1776 etiam
316 1726 450 1794 apparuit,
469 1722 502 1777 ad
522 1721 732 1794 significandum,
751 1721 820 1792 qaod
839 1722 1054 1791 praedicantibus
1075 1726 1153 1781 valde

113 1824 280 1876 necessarius
305 1822 371 1891 l'nit;
394 1822 609 1894 praedicantibus
635 1825 701 1876 eninr
727 1823 896 1876 necessarius
923 1828 980 1890 cst,
1006 1827 1069 1893 quta
1089 1823 1156 1884 lauit

114 1937 161 1975 eos
179 1921 249 1994 loqui
268 1921 401 1977 ferventer
419 1922 521 1992 absque
540 1921 702 1991 trepiditate,
722 1929 748 1977 et
767 1919 828 1975 idco
845 1924 942 1976 missus
961 1933 1002 1978 est
1021 1927 1152 1995 inspecte

114 2021 194 2094 ignis.
228 2019 393 2076 bernardus:
412 2023 483 2077 uenit
499 2023 610 2092 spiritus
628 2029 736 2075 sanetus
755 2036 837 2090 super
853 2019 1000 2090 discipulos
1016 2023 1041 2076 in
1053 2023 1152 2096 linguis

113 2121 216 2192 igneis,
235 2128 265 2176 ut
282 2122 364 2177 rerba
380 2123 460 2195 ignea
474 2122 647 2192 loquerentur
663 2129 690 2174 et
706 2119 792 2192 legem
812 2122 914 2190 igneam
933 2119 1040 2194 linguae
1057 2124 1154 2194 igneae

114 2223 305 2290 praedicarent.
342 2220 511 2276 Confidenter
535 2219 638 2291 absque
655 2221 882 2290 pusillanimitate,
907 2221 965 2274 Αιι.
985 2219 1031 2276 ll':
1058 2221 1153 2290 repleti

112 2329 174 2376 sunt
197 2335 287 2376 omnes
311 2323 406 2393 spiritu
432 2327 524 2376 sancto
546 2327 572 2374 et
597 2327 740 2389 coeperunt
760 2319 834 2390 loqui
857 2333 913 2374 eurr
933 2317 1029 2375 inducia
1045 2320 1152 2375 uerbum

110 2420 162 2476 Dei
185 2429 235 2476 etc.
270 2420 453 2492 Multiplieiter
477 2428 587 2492 propter
609 2420 767 2490 capacitatis
790 2420 938 2475 auditorum
962 2421 1153 2484 diversitatem.

115 2529 143 2577 et
159 2523 218 2575 ideo
237 2520 335 2575 dieitur
352 2521 410 2575 Xet.
428 2517 461 2586 11,
481 2520 551 2592 qnod
568 2525 713 2589 coeperunt
728 2519 802 2590 loqui
816 2521 896 2573 uariis
909 2520 1015 2592 linguis.
1050 2518 1155 2574 Utiliter

114 2620 149 2674 ad
168 2617 376 2676 aedificationem
397 2620 596 2685 mutilitatem,
614 2617 813 2676 tratastxtt:
832 2621 941 2689 spiritus
960 2619 1057 2673 domini
1074 2635 1156 2689 super

115 2736 156 2774 ene
174 2736 205 2775 eo
225 2719 295 2791 quod
312 2720 417 2775 unxerit
435 2735 474 2774 me
492 2726 542 2773 etc.
578 2717 672 2773 Tertio
690 2721 766 2788 ipsae
783 2718 891 2791 linguae
916 2726 1093 2789 apparuerunt
1111 2734 1153 2772 se-

115 2819 201 2874 dendo
220 2818 253 2873 ad
266 2816 477 2892 sigrnlieandnnr.
495 2818 566 2890 quod
579 2817 794 2888 praesidentibus
805 2819 972 2872 necessarius
984 2826 1049 2873 erat.
1074 2817 1155 2872 Prae·

115 2917 261 2973 ridentibus
281 2934 386 2990 quoque
404 2923 431 2973 et
445 2916 583 2988 jndicibus
601 2919 768 2972 necessarius
788 2925 844 2981 est,
862 2919 926 2988 quia
941 2916 1045 2971 eonlert
1063 2923 1154 2974 auoto-

54 3053 59 3063 ·
117 3019 219 3072 ritatem
250 3018 284 3072 ad
314 3026 450 3088 peceatum
482 3016 681 3082 remittendum
709 3015 770 3072 tob.
798 3014 865 3069 XX:
894 3018 1007 3086 aecipite
1035 3019 1155 3088 spiritum

115 3125 249 3188 sanctuni,
273 3132 381 3188 quornm
403 3118 559 3172 remiseritis
578 3123 690 3185 peecata
708 3124 758 3171 eta
793 3115 955 3185 Sapientiam
977 3115 1011 3171 ad
1031 3115 1156 3188 Jndiean-

117 3217 192 3282 dum,
215 3215 406 3273 Ysalalell:
441 3231 536 3287 ponant
563 3216 682 3285 spiritum
706 3231 790 3270 meum
815 3230 897 3284 super
924 3230 998 3281 euin,
1026 3215 1156 3288 judiciuin

116 3317 240 3387 gentibus
260 3316 386 3387 proteret.
422 3315 651 3370 Mansuetudinem
670 3315 705 3369 ad
729 3315 952 3385 supportandum,
977 3313 1081 3371 Numeri
1108 3312 1157 3369 Xl:

117 3413 186 3470 dabo
205 3418 238 3469 iis
257 3416 290 3472 de
310 3417 423 3485 optrito,
449 3417 494 3488 qui
513 3417 539 3470 in
557 3422 584 3469 te
602 3421 660 3483 est,
685 3421 712 3469 ιιι
734 3421 905 3485 supportetur
921 3429 987 3470 onus
1004 3414 1097 3486 populi
1116 3421 1157 3470 te-

116 3528 180 3568 oum.
217 3513 333 3585 Spiritus
355 3516 443 3585 Mopsi
471 3521 528 3570 orat
553 3515 662 3585 spiritus
686 3513 907 3582 mwsuetndinis,
936 3521 966 3570 ut
989 3521 1062 3585 patet
1081 3512 1157 3568 Num.

116 3610 180 3668 Xll:
200 3621 256 3668 erat
273 3615 382 3684 Moyses
402 3616 628 3668 mansuetissimus
647 3622 697 3667 ete.
734 3613 858 3669 Ornaturn
882 3614 1031 3668 sanctitatis
1057 3612 1090 3666 ad
1116 3615 1155 3668 in-

117 3712 295 3776 lormonudum3
315 3713 375 3769 tob.
395 3711 734 3784 XXV1:spiritusdomint
753 3715 857 3767 ornauit
869 3713 967 3768 coelos.
1002 3713 1079 3767 Circa
1095 3727 1159 3767 sex·

117 3819 186 3880 tum,
211 3814 235 3867 in
262 3829 329 3882 quos
350 3813 453 3866 seilicet
477 3814 572 3868 nrlssns
597 3818 650 3882 est,
674 3810 832 3868 notandum.
859 3799 932 3882 quod
952 3813 1049 3866 missus
1072 3817 1113 3864 est
1132 3813 1158 3864 ln

118 3911 278 3981 discipulos,
296 3913 340 3983 qui
360 3909 465 3966 luerunt
485 3911 651 3982 receptacula
667 3909 761 3965 munda
779 3917 805 3965 et
830 3907 933 3966 habilia
954 3909 988 3964 ad
1008 3912 1159 3980 susceptio·

117 4026 174 4064 near
193 4011 305 4080 spiritus
323 4013 407 4065 sancti
425 4020 536 4081 prepter
551 4017 667 4078 septem,
686 4025 754 4080 quae
773 4009 878 4064 luerunt
895 4011 921 4062 ln
941 4010 984 4062 iis.
1019 4007 1071 4078 ipsi
1092 4011 1159 4063 enirn
1183 4032 1193 4054 ·

118 4112 201 4179 primo
225 4109 329 4166 luerunt
353 4111 440 4164 anino
466 4110 563 4180 quieti,
585 4109 655 4180 quod
680 4115 787 4163 notatur
810 4110 835 4161 in
860 4107 926 4176 boe,
957 4105 1027 4178 quod
1050 4105 1159 4161 dieitur:

117 4208 178 4262 dum
195 4210 388 4278 conplerentur
403 4208 461 4264 dios
480 4214 662 4279 pentecostes,
689 4207 717 4263 ld
736 4212 779 4262 ost
798 4205 856 4262 dies
874 4207 1058 4276 requietionis.
1092 4203 1159 4260 lilud

118 4308 185 4360 enirm
204 4305 298 4361 lulum
317 4313 376 4361 erat
391 4306 425 4361 ad
446 4308 560 4378 requicrn
580 4306 747 4376 deputatum,
766 4304 838 4360 tert.
855 4301 956 4360 axvi:
984 4321 1066 4375 super
1083 4319 1160 4376 quern

119 4407 260 4476 requiescit
283 4406 393 4477 spiritus
421 4421 507 4471 meus,
539 4407 590 4460 nisi
623 4422 703 4475 super
726 4404 849 4460 lrunrileru
877 4411 926 4459 cto.
966 4401 1088 4459 Secundo
1117 4402 1157 4455 di-
