2902 5310
318 464 381 532 716
547 469 622 548 Cap.
645 466 747 528 CLlll.
774 468 820 528 De
842 477 940 527 sancto
964 467 1131 528 Euatacblu.

316 628 486 686 devenerant
504 633 530 686 et
545 625 703 692 Eustochiae
721 630 755 683 iis
773 627 918 686 seruiebat.
951 625 986 686 tte
1003 628 1125 686 recolent
1144 629 1285 699 pristinnne
1302 635 1361 685 rte·

314 721 367 785 tarn
392 744 466 784 ιιιιι
490 729 621 800 lacrymae
645 730 780 785 continere
805 744 856 785 noa
882 735 1002 802 poterat,
1026 743 1153 802 egressus
1176 734 1263 784 aaron
1283 728 1360 786 tores

314 845 388 885 ιιιιι
412 828 506 886 licien
530 828 597 884 levit
615 834 643 884 et
664 831 757 884 iterato
782 827 889 885 rediens
913 831 947 885 iis
971 828 1115 886 serviebat.
1150 825 1191 884 llli
1210 843 1274 884 reto
1293 843 1360 884 con·

313 929 464 986 silerentes
488 929 660 986 abinvicem
683 925 820 984 dicebant:
842 943 920 1001 ιιιιι
942 928 1037 984 etnttts
1065 935 1107 984 est
1132 928 1211 988 bono
1236 927 1284 983 blo
1307 928 1358 997 tttt,

314 1046 388 1104 quera
397 1029 563 1102 quaerimus!
582 1026 614 1083 Et
626 1025 791 1099 respondens
803 1029 873 1084 alter
883 1027 963 1083 dixit:
982 1027 1061 1085 valde
1072 1028 1178 1102 quiden
1191 1028 1289 1083 sinilia
1303 1035 1358 1097 est;

312 1127 514 1186 consideremus
524 1130 607 1201 igitar
618 1133 645 1183 et
656 1129 678 1182 sl
692 1126 773 1183 baben
784 1129 887 1200 signare
900 1129 1032 1185 cicatricis
1050 1131 1077 1183 ln
1094 1132 1191 1201 capite,
1212 1129 1286 1202 quod
1304 1130 1357 1186 albi

312 1231 340 1285 in
354 1229 425 1285 bello
440 1228 545 1295 accidit,
563 1229 622 1299 ipae
638 1233 688 1282 est.
722 1225 756 1282 Et
769 1229 944 1299 respicientes
958 1235 985 1284 et
1003 1231 1108 1302 signa·
1128 1227 1250 1287 ridentes
1268 1232 1357 1302 ipsun

312 1344 389 1396 cese,
414 1344 491 1401 quern
509 1326 688 1400 quaerebant,
711 1329 831 1398 protinas
848 1333 1030 1400 cognorerunt
1051 1334 1079 1385 et
1095 1329 1244 1386 insilientes
1264 1337 1294 1388 et
1311 1346 1359 1386 os-

311 1430 430 1486 culantee
453 1443 511 1484 aare
536 1427 570 1484 tle
587 1442 671 1482 uxore
689 1433 716 1482 et
733 1425 793 1482 iliis
811 1429 871 1498 ejas
887 1429 1017 1484 sciscitati
1037 1435 1107 1488 sent.
1142 1429 1192 1494 Qui
1218 1430 1287 1486 dixit
1312 1433 1357 1498 iis,

311 1528 383 1603 qnod
398 1527 445 1584 blit
462 1529 557 1583 nonni
570 1531 661 1583 essent
678 1532 706 1582 et
722 1542 790 1582 uxor
808 1525 923 1584 detenta.
959 1527 1042 1585 Vicini
1060 1534 1147 1586 anton
1166 1545 1257 1586 omncs
1276 1534 1356 1604 qnasi

310 1629 346 1686 ad
363 1627 540 1700 spectaculum
559 1623 766 1695 concurrebant,
782 1626 842 1683 don
861 1628 958 1684 railttes
975 1631 1098 1686 rtrtnteat
1114 1632 1174 1702 ejus
1197 1635 1225 1687 et
1242 1633 1355 1703 primunr

309 1730 423 1804 glorian
441 1726 641 1799 praedicabant.
675 1725 751 1783 Tunc
769 1728 865 1784 milltes
889 1735 1058 1801 praeccptnn
1076 1731 1244 1802 inperatorte
1262 1734 1288 1787 et
1308 1746 1355 1787 ex-

311 1835 411 1901 ponant
423 1835 450 1884 et
462 1827 568 1898 optimis
582 1827 744 1884 vestimentis
759 1829 843 1898 ipsura
854 1828 974 1884 induunt.
997 1827 1061 1885 l’ust
1074 1831 1126 1886 lter
1138 1829 1187 1886 xv
1200 1828 1303 1887 dierunt
1318 1831 1353 1886 ad

310 1931 493 2000 inperatorem
514 1928 684 1995 devenerant,
702 1928 747 2000 qul
766 1927 824 2000 ejas
842 1927 981 1984 adventurn
999 1929 1110 1986 satiens
1127 1932 1249 2001 protinas
1265 1930 1353 1988 ellare

310 2031 427 2085 occurrit
440 2034 467 2084 et
477 2030 561 2101 ipsun
577 2027 669 2084 sidens
682 2029 708 2083 ln
721 2029 814 2083 oscula
825 2029 884 2100 ejas
899 2029 961 2088 ruit.
978 2026 1103 2085 Narravit
1116 2047 1221 2102 qnoque
1230 2031 1354 2098 onpibar

310 2135 420 2197 cuncta,
444 2143 512 2201 qnae
532 2127 584 2184 sibi
602 2145 651 2200 per
668 2127 785 2184 ordinere
805 2127 981 2198 accidissent,
1008 2131 1149 2202 statimqne
1167 2130 1203 2186 ad
1221 2133 1354 2206 magiste-

309 2233 375 2286 rtun
392 2228 502 2285 militiae
519 2228 634 2284 trabitur
651 2227 779 2296 ettiloni,
808 2228 877 2301 quod
895 2229 984 2300 prins,
1002 2228 1117 2284 ontotnn
1135 2246 1261 2288 exeroere
1280 2247 1353 2287 core·

309 2329 425 2403 pellitur.
461 2329 511 2394 Qut
528 2331 671 2384 numeratis
691 2327 818 2384 militibus
840 2334 867 2384 et
889 2344 990 2400 pancos
1008 2335 1099 2385 contra
1116 2335 1156 2386 tot
1177 2330 1270 2386 hostes
1290 2348 1352 2389 esse

308 2446 473 2504 cognoscens
482 2431 564 2503 jussit
576 2433 676 2486 tirones
690 2429 781 2502 colligi
790 2441 935 2500 perennes
950 2431 1071 2486 ctrttatee
1087 2436 1113 2485 et
1127 2432 1210 2487 eicos.
1232 2431 1353 2505 Contigit

309 2537 406 2596 autent,
425 2529 496 2586 illan
509 2536 615 2597 terram,
630 2531 656 2585 ln
670 2545 722 2601 qua
735 2528 782 2583 tttt
795 2530 854 2601 ejas
868 2529 973 2584 educati
986 2538 1056 2596 sant.
1071 2530 1197 2599 describi,
1212 2539 1242 2587 nt
1255 2531 1352 2588 darent

309 2631 377 2687 daus
389 2633 499 2687 tirones.
518 2629 638 2686 Untrcrsi
648 2636 734 2685 auten
750 2629 808 2700 ejus
823 2628 876 2683 loci
888 2629 992 2686 incolae
1006 2630 1068 2687 ilios
1080 2631 1269 2703 decajurence
1283 2640 1351 2687 tan-

309 2746 386 2805 quan
403 2732 516 2787 caeteris
534 2732 652 2801 aptiores
670 2731 798 2802 magistro
812 2729 919 2784 nllitnna
935 2732 1133 2804 consignarunt.
1168 2729 1268 2788 Violens
1287 2749 1351 2788 sero

205 2831 206 2834 ’
306 2835 420 2907 juvenca
443 2830 579 2903 elegantes
602 2834 629 2884 et
652 2843 750 2883 ιιιιιιι
770 2828 909 2886 honestate
929 2833 1107 2901 conpositos,
1142 2846 1198 2886 carn
1219 2829 1272 2886 sibi
1291 2833 1351 2903 plu-

309 2935 399 2989 rimam
419 2929 597 3002 plocensem,
617 2929 686 2984 inter
702 2931 800 2998 primus
819 2931 945 2985 convivas
963 2946 1025 2989 euos
1044 2931 1177 2990 ordinauit
1196 2930 1305 2987 euadere
1323 2938 1351 2988 et

309 3035 349 3089 sic
376 3031 511 3104 proiectus
533 3030 568 3085 ad
586 3029 683 3084 bellun
701 3025 829 3100 subjectis
853 3027 974 3087 hostibus
998 3033 1142 3087 exercitum
1164 3047 1240 3087 saura
1262 3031 1350 3087 tribas

308 3133 402 3190 diebus
427 3133 456 3186 ln
479 3128 592 3203 quadarn
615 3128 692 3196 loco,
720 3126 767 3182 abl
792 3145 860 3184 naor
885 3143 934 3186 soa
957 3144 1059 3202 pauper
1084 3131 1193 3203 bospite
1215 3131 1349 3198 manebat,

309 3235 475 3306 requiescere
494 3230 565 3286 lecit.
599 3227 642 3284 lili
660 3243 723 3284 vero
742 3227 794 3283 dno
812 3227 997 3286 adolescentes
1022 3231 1047 3285 in
1065 3230 1238 3287 tabernaculo
1256 3233 1348 3287 reatris

308 3349 373 3390 eune
387 3336 549 3388 notnunen
560 3329 609 3385 ttet
623 3327 749 3400 hospitati
764 3336 833 3398 sant,
849 3331 1007 3399 nescientes,
1021 3331 1092 3403 quod
1104 3337 1189 3387 nater
1201 3345 1251 3390 sua
1265 3338 1349 3400 esset,

310 3439 336 3491 el
355 3433 477 3489 sedentes
496 3433 565 3486 circa
584 3428 717 3485 nerttten
736 3435 763 3484 et
780 3436 869 3485 natac
888 3428 1090 3488 confabulantes
1108 3434 1277 3503 exponebant
1295 3430 1349 3488 albi

309 3536 419 3591 inalceaa
438 3531 471 3588 tle
490 3531 603 3586 infantia
618 3545 677 3587 aaa
710 3527 799 3584 Mater
817 3546 880 3585 aero
899 3546 988 3585 ecreto
1004 3529 1037 3586 dc
1050 3530 1261 3600 contestatione,
1279 3547 1349 3603 quae

309 3636 362 3708 ipsi
388 3632 554 3699 referebant,
578 3631 705 3686 attentius
728 3629 862 3686 audiebat.
898 3629 1009 3686 llioebet
1033 3631 1100 3686 ent·
1130 3631 1216 3702 nator
1239 3634 1349 3688 ntnort:

309 3751 379 3808 ogo,
403 3733 462 3787 dant
481 3731 570 3786 inians
588 3744 689 3796 esrem,
713 3728 778 3784 nibil
800 3728 872 3786 ιΙΙιιΙ
890 3730 996 3797 ιιιιΙι,
1021 3731 1073 3784 niel
1092 3729 1162 3802 quoti
1179 3736 1258 3801 pater
1274 3747 1349 3788 ιιιιι

310 3837 438 3908 magister
455 3832 563 3886 rnilitum
582 3836 640 3884 erat
658 3835 686 3884 et
702 3835 787 3884 mater
804 3844 863 3886 nea
880 3832 1005 3901 speciosa
1022 3829 1119 3897 ualde,
1138 3829 1260 3902 tuosque
1277 3829 1349 3889 blica

310 3934 473 3998 babuerunt,
492 3929 595 3985 scilicet
612 3944 652 3984 ete
669 3933 696 3984 et
711 3929 791 3984 aliun
809 3932 933 3986 minoren
950 3947 1007 3999 nae,
1025 3933 1070 4004 qui
1089 3937 1115 3986 et
1132 3931 1191 4002 lpse
1209 3933 1350 4002 speciosos

311 4033 389 4091 raide
414 4036 484 4098 erat,
515 4031 729 4102 accipientesque
758 4044 807 4085 noe
829 4033 934 4102 eversi
960 4037 1021 4087 sant
1044 4030 1078 4087 le
1101 4029 1178 4086 dono
1205 4037 1282 4087 noae
1308 4033 1349 4087 ia-

311 4134 451 4208 gressiqae
474 4137 662 4198 casinatem,
691 4129 782 4185 nescio
807 4144 859 4201 qno
883 4136 984 4187 euntes
1020 4130 1083 4186 Cn·
1114 4137 1200 4186 autera
1226 4131 1261 4188 tle
1287 4139 1351 4190 nnat

313 4232 514 4305 egrederemur,
532 4235 616 4285 mater
635 4234 743 4295 nostra,
768 4230 859 4284 neseio
877 4244 929 4300 qao
947 4229 1041 4298 nodo,
1059 4232 1086 4286 ln
1103 4233 1168 4285 mari
1187 4230 1281 4287 relicte
1300 4240 1351 4297 esi.

312 4338 389 4402 pater
412 4345 476 4387 vero
504 4336 595 4384 noster
618 4334 727 4401 portans
745 4344 793 4385 noe
815 4327 883 4384 duos
905 4329 972 4386 liene
991 4328 1122 4403 pergebat
1139 4333 1352 4404 perveniensque

312 4428 347 4487 att
366 4429 493 4505 quaedam
512 4429 618 4485 fluviata
644 4429 769 4486 trnnetrtt
786 4439 844 4485 cun
868 4428 952 4487 tratre
970 4444 1028 4487 ereo
1042 4431 1149 4502 juniore
1169 4437 1195 4485 et
1212 4445 1253 4487 ιιι
1271 4446 1354 4504 saper
