2984 5316
335 454 398 518 876
487 457 559 536 Ccp.
583 456 738 518 lxxxix.
780 457 824 518 De
845 467 944 517 sencio
968 457 1053 520 Petro
1073 453 1216 540 apostolo.

336 621 437 686 trentee
460 622 552 688 portuu
578 617 670 684 unuln,
695 617 800 674 tndntoe
827 621 945 678 restibus
969 613 1156 675 lrrntnositeile
1181 618 1222 676 rel
1240 623 1314 676 rorte
1331 617 1373 674 lu-

337 718 414 772 uulnlu
434 725 461 772 el
478 720 582 772 coronio
600 717 728 773 clorituito
748 725 774 774 et
787 718 853 774 lucis
867 726 984 776 ornator.
1019 719 1089 776 llnec
1101 719 1374 793 decipitne-m-

337 823 375 879 8.
399 817 470 874 liceo
496 824 582 873 nutem
605 833 657 872 non
683 819 822 890 imponitur
849 821 951 875 exstitit
974 835 1056 891 rupee
1077 819 1128 876 iroc
1144 819 1245 876 scelere
1259 826 1286 876 et
1303 819 1375 885 aliie,

338 933 406 990 putto
421 919 566 982 commisii,
593 932 652 972 nntn
676 933 753 974 nunno
778 921 887 991 proprio
909 935 940 974 re
964 922 1090 990 peremit,
1116 909 1224 992 quorum
1247 919 1375 975 scelerum

338 1017 388 1072 irio
407 1016 498 1090 ulique
521 1017 636 1074 breviter
659 1023 813 1075 inseramur.
849 1017 911 1073 dnm
934 1019 1036 1075 Seneca
1052 1022 1180 1092 magister
1196 1015 1275 1082 eous.
1302 1021 1375 1074 utin

339 1117 450 1192 quadem
468 1115 598 1190 hprtorittp
614 1118 677 1176 licet
691 1119 849 1191 apocrypha,
867 1118 974 1192 legitur,
991 1120 1146 1192 condignam
1165 1119 1308 1176 mercedem
1334 1117 1376 1175 lo·

340 1218 417 1274 borlo,
431 1221 615 1291 ruiepererel.
632 1220 714 1290 lussit
727 1216 797 1273 Nero
815 1219 899 1290 ipsun
919 1218 1030 1292 eligere,
1048 1223 1073 1273 in
1088 1221 1164 1290 cujus
1182 1218 1286 1274 arborio
1303 1233 1376 1274 rnmo

340 1317 511 1390 suspendium
533 1318 685 1385 affectaret,
707 1317 814 1386 diceus,
837 1317 907 1391 quod
931 1318 982 1374 hoc
1006 1319 1146 1390 proemium
1164 1318 1264 1374 loboris
1282 1321 1323 1374 sui
1341 1315 1376 1375 eir

340 1433 375 1473 eo
402 1425 556 1489 recepturus
584 1426 678 1476 esset·
700 1419 762 1475 cun
790 1425 876 1474 eutem
901 1418 1003 1476 Seneca
1030 1421 1190 1491 requireret,
1225 1418 1294 1474 uude
1326 1418 1379 1473 lruc

341 1519 432 1573 mortio
455 1519 610 1591 supplicium
635 1521 787 1586 meruisset,
811 1528 914 1575 neutum
939 1519 1057 1594 gladium
1080 1535 1161 1592 super
1178 1521 1378 1591 ejtneerttoen

341 1617 435 1674 crebro
454 1619 552 1675 ribrnrl
572 1619 650 1686 lecit,
675 1621 777 1676 Seneca
799 1627 885 1675 autem
904 1626 966 1674 nutu
983 1621 1077 1690 cepitis
1097 1621 1204 1674 minanti
1222 1619 1315 1694 gladio
1333 1634 1379 1674 ce-

331 1716 441 1786 debat,
469 1717 637 1776 veliementer
659 1722 758 1775 limene
779 1719 924 1792 pericliter!
947 1719 1038 1774 mortis
1057 1720 1208 1790 pericnlum.
1244 1719 1291 1776 Cui
1309 1717 1381 1775 Nero

342 1819 398 1872 nit:
420 1821 564 1898 nugloter,
594 1819 662 1890 ¹)ed
686 1821 748 1893 quid
766 1827 837 1876 nutu
849 1821 946 1891 cupitis
965 1821 1073 1874 ntinnnti
1089 1818 1180 1891 gladio
1198 1819 1299 1876 cedis?
1332 1815 1382 1875 Gul

343 1917 446 1974 Seueoo
465 1916 615 1988 rospondit:
633 1919 711 1975 horno
729 1937 786 1975 eom
804 1927 831 1976 et
848 1919 908 1975 ideo
926 1926 1033 1975 mortem
1053 1934 1147 1975 vereor
1165 1927 1191 1976 et
1210 1919 1305 1974 lrrritns
1325 1937 1381 1974 mo·

343 2019 413 2074 rior..
442 2017 490 2073 iloi
507 2015 576 2073 Nero
593 2022 643 2074 nil:
663 2020 703 2076 uic
720 2036 772 2093 ego
790 2019 876 2076 udlruo
893 2025 922 2075 to
938 2013 1037 2085 metum
1052 2025 1081 2074 ot
1099 2033 1164 2089 puer
1182 2027 1299 2076 metuere
1317 2033 1381 2074 con-

343 2117 434 2184 crevi,
453 2133 535 2188 quero
552 2126 579 2175 te
596 2121 699 2176 nitente
716 2122 805 2192 quiete
821 2131 877 2175 non
893 2126 986 2190 potero
999 2121 1095 2175 rivere.
1130 2117 1254 2200 Dicitque
1266 2119 1383 2174 Seneca:

344 2219 370 2272 el
388 2233 428 2274 ure
445 2221 511 2273 mori
529 2235 638 2277 neccsse
657 2227 713 2286 estc
738 2221 831 2277 saltem
857 2218 919 2275 mihi
942 2218 1072 2286 concedc4
1100 2226 1146 2286 ut,
1169 2216 1240 2291 qnod
1264 2219 1383 2282 toloneo,
1466 2235 1469 2240 ·

344 2317 440 2391 eligam
457 2332 542 2391 genus
559 2303 661 2375 mortis.
696 2319 744 2376 Col
761 2319 846 2377 Nero:
874 2319 987 2376 lertinue
1010 2320 1117 2392 eliger,
1142 2310 1241 2373 inotnr'o
1265 2309 1332 2372 ¹mori
1351 2335 1384 2374 ne

344 2417 461 2474 diderat.
496 2416 573 2474 Tunc
587 2420 689 2475 Seneca
705 2421 801 2476 bnlrreo
819 2423 846 2476 in
862 2435 934 2492 ¹noun
950 2420 1019 2476 lncto
1033 2421 1058 2475 iu
1072 2425 1183 2488 utroque
1201 2417 1312 2475 bunt-llio
1330 2421 1384 2474 nitri

346 2517 495 2574 minutior-il
504 2519 576 2574 etoio
584 2521 662 2575 nlmlo
673 2521 809 2592 sanguinis
817 2521 886 2576 lluutr
896 2518 993 2576 ibidem
1004 2522 1082 2574 ultorn
1094 2519 1176 2574 duirit
1186 2526 1212 2576 et
1223 2521 1261 2574 ric
1270 2517 1385 2592 quodum

345 2620 488 2690 prueeugio
503 2617 605 2675 Senectt
621 2637 715 2677 nomen
735 2619 826 2675 inbuit
843 2621 918 2693 quusi
937 2621 1091 2685 ennecone,
1111 2621 1173 2692 qula
1192 2599 1385 2692 quodamnodo

346 2717 410 2776 licet
420 2723 724 2793 conmernonuproprin
732 2737 761 2776 se
773 2724 885 2777 necarit.
905 2720 951 2776 llic
960 2719 1062 2776 Seneca
1070 2709 1141 2775 duoe'
1150 2718 1247 2774 tratres
1259 2717 1385 2774 habuisse

345 2816 453 2890 legitur.
489 2815 558 2874 linus
577 2819 627 2874 luit
642 2819 763 2877 Julianus
782 2819 868 2878 Gallio
887 2820 1048 2877 declamator
1072 2822 1213 2892 egregius,
1240 2818 1284 2890 qui
1308 2835 1385 2874 menn

346 2919 456 3000 propriu
471 2933 504 2974 sc
520 2921 647 2990 peremit,
673 2922 742 2977 nliuo
761 2921 833 2978 Mein
852 2930 928 2992 puter
944 2919 1044 2977 Luceni
1062 2919 1173 2992 poetae,
1201 2921 1245 2992 rput
1263 2916 1385 2974 Lucanus

344 3018 423 3090 jussu
439 3015 553 3075 Neronis
572 3022 699 3077 incisione
725 3037 847 3078 rcnmru
872 3022 972 3077 olriioeo
989 3019 1094 3094 legitor.
1131 3017 1230 3076 durrus
1248 3019 1319 3075 Noro
1338 3035 1384 3076 no·

349 3121 416 3176 inriti
434 3122 527 3175 meotis
542 3123 652 3176 resunin
671 3119 781 3188 domne,
806 3128 836 3177 ut
863 3125 888 3176 ln
914 3121 1006 3178 eadem
1031 3119 1150 3190 hystoria
1167 3119 1318 3193 apocrypho
1341 3139 1386 3178 rc·

348 3221 466 3292 peritur,
485 3227 593 3276 metron
610 3219 696 3277 occidi
714 3229 740 3277 et
757 3221 843 3277 ocludl
860 3223 951 3296 jussit,
969 3227 998 3276 ut
1013 3217 1131 3284 rideret,
1151 3219 1266 3290 qualiter
1283 3223 1309 3276 tn
1327 3207 1387 3294 ejus

349 3317 598 3390 numiculator,
626 3320 728 3394 physici
751 3337 815 3378 uero
841 3335 898 3378 eum
917 3319 950 3377 do
969 3321 1060 3376 nutris
1078 3317 1227 3390 perditione
1244 3327 1387 3394 ergueutcc

349 3419 488 3477 dloelreel:
500 3423 564 3493 June
581 3403 681 3494 negent
698 3429 725 3478 et
747 3422 788 3477 iar
807 3421 941 3494 prohibet,
961 3428 990 3476 ut
1008 3419 1076 3474 dilue
1094 3425 1201 3475 matrem
1218 3428 1302 3482 umet.
1321 3437 1389 3494 qnae

350 3523 434 3594 lpeum
452 3535 509 3577 curn
529 3521 621 3579 doloro
639 3525 743 3594 peperit
759 3530 787 3579 et
803 3537 859 3579 cum
875 3529 949 3579 tnuto
967 3521 1060 3578 tutore
1079 3529 1107 3578 et
1129 3520 1306 3578 sollicitudine
1323 3537 1388 3578 enrr-

349 3623 432 3678 trirtl:
458 3621 568 3686 ,Quibus
582 3621 667 3679 Nero:
686 3622 790 3679 indatio
803 3638 843 3679 me
852 3639 935 3694 puero
951 3623 1127 3695 impraegnari
1143 3626 1272 3692 etpooton
1283 3634 1390 3693 perere,

350 3730 393 3789 ut,
419 3731 530 3795 quentin
548 3721 624 3778 dolor
643 3727 719 3780 metri
738 3738 811 3779 neue
830 3721 924 3789 luerit,
947 3711 1047 3794 porrim
1072 3723 1151 3778 coire.
1186 3720 1258 3776 llnnc
1282 3721 1390 3793 insopor

352 3822 512 3878 uoluntatem
528 3803 654 3893 ‘pariendi
670 3829 828 3896 conceperat
846 3838 894 3887 ec.
912 3820 983 3893 quod
1000 3817 1050 3894 per
1062 3821 1152 3878 urbem
1163 3822 1294 3877 transient
1306 3837 1390 3895 quen·

238 3974 241 3980 .
352 3922 411 3978 dum
436 3922 568 3978 muliere·
595 3925 740 3995 pertentent
765 3921 953 3978 uociferantem
976 3921 1125 3978 oudlrcrni
1158 3919 1255 3978 Illount
1273 3922 1312 3978 ei:
1338 3939 1391 3978 non

353 4031 395 4080 ert
410 4023 556 4095 possibile,
575 4022 645 4096 quod
663 4032 773 4079 neturue
793 4023 955 4079 eontrarium
971 4027 1027 4087 eet,
1045 4036 1094 4076 nec
1111 4027 1152 4076 eet
1172 4007 1301 4090 ²)lttcilo‚
1320 4023 1390 4094 quod

353 4123 449 4180 rutloni
473 4141 524 4179 non
543 4132 585 4180 eol
607 4129 817 4179 consentaneum.
853 4122 927 4179 Dixit
944 4123 1058 4196 ergoiie
1079 4119 1163 4176 Nero:
1192 4121 1301 4179 nisime
1320 4123 1391 4181 leoc—

356 4227 412 4279 ritio
431 4225 781 4298 impraegnarietparore‚
801 4233 891 4278 omuot
909 4237 957 4278 roo
977 4221 1071 4277 incluto
1088 4221 1190 4279 crudeli
1210 4229 1293 4279 morte
1311 4225 1393 4280 inter,

355 4328 401 4381 ire.
437 4324 512 4380 'lonc
539 4323 577 4378 illi
601 4333 664 4380 erut
678 4323 880 4394 impotionuntee
901 4337 990 4378 renum
1008 4323 1061 4378 ribi
1078 4321 1180 4381 occulte
1197 4322 1232 4380 nd
1251 4321 1392 4382 libendnnr

349 4415 722 4437 ...a-unm-

406 4447 528 4500 spirituo:
547 4444 666 4499 utquid.
742 4439 823 4498 mlii
837 4440 948 4489 ocibile
961 4439 1043 4495 legunt.
