2918 5302
146 475 219 554 Cap.
243 472 374 532 cxxxi.
417 470 462 531 lle
484 471 629 529 nativitate
650 470 752 530 beeiee
774 469 883 530 blaciae
907 467 1030 546 virginis.
1074 465 1133 528 593

96 632 183 690 oidoio
202 647 258 690 esus
277 632 451 704 suspendens,
470 647 502 686 ne
521 630 554 686 de
573 635 679 685 csetero
700 645 756 684 een
771 631 876 685 nissam
890 635 998 686 cenism
1012 627 1133 690 auderet.

95 733 240 790 interdixit.
275 733 401 804 Sequenti
431 738 508 787 nocte
539 729 620 786 beata
649 727 737 784 Maria
766 732 894 800 episcopo
921 744 1055 800 apperens
1076 746 1133 786 etus

96 833 233 903 plurimum
248 831 394 902 increpavit
406 835 441 897 et,
460 846 507 885 cur
519 845 592 884 sunus
605 829 644 884 eic
662 828 730 884 orale
745 829 888 886 traciee'eet
908 827 1134 895 'icanceiisriuua

96 933 237 1004 requisivit
253 929 425 1002 addiditque,
446 928 517 1001 quud
537 929 582 985 die
599 925 684 982 lillll.
703 935 858 992 moreretur,
882 930 934 984 nisi
953 929 998 984 ilie
1015 927 1048 983 ad
1069 945 1133 986 cun·

95 1037 198 1098 sueinus
223 1027 336 1086 uibciuru
361 1032 557 1086 restitueretur.
591 1025 774 1082 Treueloctus
797 1029 939 1098 epiecopus
958 1029 1134 1099 presbiterum

96 1131 235 1186 accersivit
260 1135 287 1184 et
312 1131 413 1184 saniem
439 1125 592 1199 postulans,
625 1131 654 1180 ut
675 1127 771 1180 nulio·
797 1128 903 1182 unlessus
928 1133 1036 1198 prseter
1053 1127 1134 1194 illuto,

96 1243 173 1300 quem
192 1227 305 1294 sciebat,
323 1227 356 1283 de
374 1229 452 1284 beata
469 1226 559 1284 Meris
575 1223 711 1280 celebrare
730 1224 835 1292 debeat,
853 1227 1000 1297 imperavit.
1016 1255 1044 1268 -
1056 1255 1084 1268 -
1102 1252 1134 1266 -

96 1331 134 1387 Β.
153 1323 264 1391 Quiden
289 1327 402 1382 clericus
427 1340 511 1382 renue
535 1331 562 1382 et
585 1323 700 1381 iubricae
718 1333 791 1390 arat,
820 1325 868 1381 sod
887 1333 972 1382 tanen
989 1325 1037 1382 liei
1056 1329 1134 1400 geni-

95 1426 187 1482 trice·
204 1425 341 1496 piurissun
360 1425 490 1500 diligebat
507 1434 534 1480 et
551 1427 609 1498 ejus
628 1423 710 1479 iroree
727 1432 834 1480 sanctae
853 1423 948 1482 devote
966 1434 993 1482 et
1009 1427 1136 1482 alacriter

96 1525 263 1584 decaotubsi.
298 1525 415 1588 Quadra
441 1527 525 1599 igitur
546 1532 622 1581 nocie
646 1526 672 1578 in
691 1525 793 1580 risione
810 1523 877 1580 uidit
893 1541 923 1581 se
942 1533 1003 1582 unic
1018 1525 1134 1580 tribunal

96 1625 143 1682 liei
168 1625 276 1680 adstare
300 1631 327 1684 et
351 1625 481 1680 doninurn
506 1622 734 1681 circumeuntibus
757 1623 860 1680 dicere:
885 1624 917 1682 dc
937 1625 999 1692 iiio,
1024 1628 1068 1697 qui
1086 1641 1134 1680 ros

95 1724 226 1796 adspicit,
246 1740 298 1796 quo
313 1724 415 1800 judicio
435 1724 598 1798 digesserit,
617 1724 734 1794 vosipsi
752 1701 918 1788 decernatis.
943 1740 1019 1796 quau
1037 1724 1135 1780 tandiu

96 1831 123 1880 et
143 1824 256 1882 tolerari
290 1831 318 1879 et
345 1825 442 1879 nullutn
471 1823 559 1904 adbuc
584 1825 611 1879 in
635 1839 667 1879 eo
695 1822 885 1880 emendationis
909 1824 1013 1896 siguum
1038 1821 1135 1885 iuueni.
1187 1881 1191 1890 ,

97 1921 172 1978 Tunc
189 1923 309 1978 doninus
327 1925 448 1980 onnibue
465 1921 676 1996 approbantibus
698 1937 779 1994 snper
798 1938 856 1980 euers
883 1923 1058 1984 dannationis
1075 1930 1136 1984 tuiit

96 2026 262 2088 sententium,
282 2029 310 2079 et
326 2037 389 2080 ecce
406 2027 482 2098 ringo
501 2023 581 2080 beata
599 2023 714 2078 surrexit
731 2028 758 2078 et
776 2021 830 2077 dlis
848 2022 929 2082 dixit:
947 2041 996 2095 pro
1010 2029 1072 2094 istu,
1091 2032 1136 2100 pie

98 2123 150 2190 llll,
174 2123 338 2179 clementiani
356 2129 425 2178 tuen
444 2139 528 2196 rogo,
553 2129 582 2178 ai
605 2135 687 2192 super
709 2135 767 2177 esu
786 2120 962 2180 dannationis
980 2130 1135 2182 sententiata

98 2225 220 2296 nitipeee
246 2225 320 2278 vitat
346 2237 412 2296 erpo
433 2221 477 2278 bic
500 2222 534 2278 ub
558 2222 670 2294 gresten
695 2222 761 2286 uei,
785 2223 829 2292 qui
852 2221 886 2276 ob
910 2227 1020 2295 propriu
1043 2230 1136 2284 aredis

97 2323 231 2380 addicitur
247 2325 332 2378 nord.
369 2321 418 2377 cui
436 2321 572 2378 doninus:
599 2321 652 2375 tuis
679 2321 747 2375 eninr
771 2321 943 2390 petitionibu
961 2339 1019 2380 eure
1037 2326 1135 2390 tribuo.

97 2425 121 2480 si
141 2423 182 2478 sel
200 2421 294 2479 enitent
311 2437 379 2478 nunc
398 2423 456 2493 ejus
474 2421 661 2476 correctionem
681 2421 831 2490 inspexero.
865 2419 899 2476 lli
916 2437 1047 2480 conserua
1060 2427 1136 2498 virgo

98 2523 133 2580 sd
153 2523 280 2578 borsinern
299 2523 378 2577 dixit:
406 2521 473 2578 sade
491 2527 518 2576 et
534 2519 646 2590 emplius
666 2518 719 2574 noli
738 2533 866 2590 pauesce,
892 2537 926 2578 ne
952 2519 1069 2578 deterius
1087 2523 1136 2579 tibi

99 2627 243 2696 contingat.
277 2619 325 2677 lile
349 2623 430 2694 igitur
453 2622 582 2676 excitetur
606 2621 685 2674 titan
711 2621 819 2674 nutavit
836 2625 863 2675 et
886 2620 1041 2694 religionen
1060 2625 1137 2694 petiit

100 2729 127 2778 et
144 2721 181 2778 ibi
200 2723 227 2776 io
244 2721 322 2776 bonis
341 2718 467 2790 operibus
488 2722 565 2775 ritem
584 2718 675 2776 inicit.
689 2749 720 2760 -
732 2749 763 2764 ·-
776 2749 810 2760 -
828 2723 868 2780 0.
885 2721 964 2792 Apud
985 2723 1137 2790 ²)Sieiiien

100 2837 168 2878 anno
191 2820 288 2876 donini
310 2818 456 2876 cxxxvii
481 2819 531 2876 luit
553 2821 658 2892 quidam
684 2821 724 2874 sir
740 2820 844 2874 noerius
862 2817 1028 2891 Theophilus
1046 2825 1137 2896 cujus·

100 2920 160 2976 dans
178 2923 297 2994 epiceopi
318 2919 510 2985 vicedominus,
535 2924 563 2975 ui
581 2921 620 2974 ait
636 2917 776 2976 l’uibertus
794 2919 965 2976 crrnosensis
985 2925 1137 2996 episcopus,

100 3026 144 3095 qui
172 3031 224 3078 tera
248 3021 392 3094 prudenter
418 3019 468 3076 sub
500 3021 627 3092 episcopo
659 3035 701 3076 ree
728 3018 924 3076 ecclesiacticis
954 3020 1137 3092 dispensatus,

100 3123 170 3195 quod
190 3129 291 3177 nonno
309 3123 508 3194 episcopocum
526 3119 633 3192 dignun
651 3121 806 3190 episcopata
824 3121 908 3174 onnia
925 3121 1038 3192 populus
1049 3121 1138 3177 accis·

100 3223 197 3278 nabet.
233 3222 268 3276 At
288 3222 333 3278 iiie
350 3220 542 3278 ricadoninaiu
561 3225 700 3276 oostentns
722 3217 801 3274 cliuus
828 3219 854 3272 in
877 3221 1030 3292 episcopans
1048 3220 1140 3278 naluit

100 3321 227 3375 ordinarl
264 3317 382 3376 'laudern
411 3318 445 3375 sb
474 3322 535 3392 ipso
561 3319 650 3376 elicio
676 3321 758 3390 insite
775 3317 810 3374 sb
830 3319 890 3390 ipso
909 3322 1036 3392 episcopo
1054 3321 1138 3393 depo-

101 3421 168 3474 situs
187 3421 213 3474 in
231 3425 329 3474 tanturn
346 3421 535 3492 inpeticntlsos
556 3425 598 3475 eet
615 3419 754 3490 delapsus,
781 3424 809 3474 st
831 3418 864 3473 ad
889 3434 963 3475 suase
981 3435 1141 3493 recuperas·

101 3519 160 3574 dan
179 3518 335 3592 dignitatem
353 3517 490 3588 eujusdam
506 3519 602 3576 ludaei
629 3519 739 3576 odrici
758 3517 895 3575 consillum
912 3523 1057 3590 expeteret.
1092 3519 1140 3577 llie

101 3621 184 3692 igitur
207 3615 347 3688 dyabolum
378 3615 518 3674 advocavit
551 3624 578 3675 et
607 3618 750 3674 sdrocaiue
780 3620 899 3674 concitus
927 3620 1005 3674 venit
1048 3617 1139 3676 'lireo-

102 3715 191 3790 pblius
210 3718 292 3790 igitur
309 3717 387 3788 iussu
407 3715 544 3773 daemonis
568 3717 699 3774 cnrissun
722 3722 749 3774 et
770 3723 878 3774 nstren
902 3720 960 3790 cias
984 3717 1139 3792 abnegarit,

101 3813 263 3872 cirristiause
292 3815 454 3886 professioni
488 3815 686 3873 abrenuntiavit
722 3821 749 3872 et
785 3818 869 3888 ipsius
900 3818 1140 3874 abrenuntiationis

101 3923 129 3971 et
153 3914 339 3988 abnegationis
368 3913 573 3988 cbirogrspbun
602 3931 652 3973 suo
679 3919 809 3990 sanguine
840 3918 949 3987 proprio
981 3918 1091 3988 scripsit
1113 3923 1141 3973 et
1195 3921 1197 3926 '

102 4016 227 4085 scriptun
263 4013 359 4069 annulo
400 4013 531 4087 sigillavit
566 4023 592 4073 et
626 4017 771 4090 sigillatum
807 4013 928 4070 daemoni
964 4014 1074 4072 tradidit
1113 4023 1142 4075 et

102 4115 141 4168 sic
168 4115 227 4184 ejus
258 4115 367 4168 servitio
399 4129 429 4170 se
461 4113 572 4172 addixit.
612 4105 641 4171 l'n
672 4117 813 4172 crestinsnr
841 4116 923 4187 igitur
954 4119 1141 4187 procuratione

102 4211 237 4268 lunonis
255 4211 420 4292 Theophilus
439 4215 464 4268 lu
483 4217 595 4286 ςναιίαιιν
619 4219 736 4288 episcopi
755 4215 882 4286 recipitur
906 4215 936 4268 ei'
949 4213 975 4269 in
993 4216 1034 4270 esi
1052 4213 1140 4289 digni-

428 4347 530 4358 nna-—

154 4433 174 4490 i)
187 4435 279 4482 distent.
293 4433 430 4480 lsruulum
445 4435 534 4488 ineunt,
607 4435 679 4490 titel.
695 4439 726 4478 i·r.'
742 4433 811 4478 rnsle:
826 4431 970 4480 cilicium.
