2842 5286
220 461 294 538 Cup.
314 459 390 518 th.
433 457 479 517 Do
499 459 598 518 senelo
618 457 717 516 Murro
738 453 922 530 evangelion.
1027 453 1089 516 265

400 763 497 862 tit.
520 763 602 862 tlt.
632 763 742 864 (57.)

171 921 248 990 lto
275 920 442 992 emoto
462 919 624 989 Moneo
647 913 965 1007 evangellum

115 1085 226 1142 biennes
250 1089 438 1158 iuterpretatur
460 1085 581 1141 sublimis
606 1083 744 1148 mundato,
769 1088 871 1151 certus,
897 1082 1043 1140 declinatus
1067 1092 1095 1138 et

42 1199 166 1241 nauus.
201 1185 327 1242 Sublimis
350 1183 474 1240 nandulo
499 1187 602 1240 untione
627 1183 799 1254 perfeetionis
816 1185 842 1238 in
861 1185 933 1252 ritu,
957 1188 1020 1256 quia
1042 1199 1094 1238 non

45 1284 135 1339 selum
153 1286 270 1340 seruerit
285 1285 410 1340 mundato
429 1285 592 1348 eommunia,
616 1280 665 1338 sed
684 1283 763 1338 etiem
785 1281 924 1349 sublimio,
948 1285 1017 1338 siout
1035 1287 1096 1338 suut

46 1382 175 1440 eonsiliu.
210 1381 304 1438 Certus
319 1383 422 1439 ratione
435 1382 602 1440 certitudinis
614 1384 639 1436 ie
651 1380 771 1436 doctriua
780 1382 912 1456 evangelii
926 1385 979 1450 sui,
1000 1384 1097 1454 ¹)quln

49 1481 201 1538 doctrinam
218 1483 352 1556 euangelii
369 1484 412 1538 sui
426 1490 524 1538 certam
542 1481 654 1537 eredidit
675 1480 838 1550 domninam,
863 1489 954 1552 utpote
976 1499 1053 1554 quem
1080 1499 1097 1540 s

49 1581 133 1638 Petro
151 1585 279 1656 magistro
297 1598 347 1637 suo
365 1581 467 1638 didicit.
501 1581 654 1638 Declinntus
672 1583 774 1638 ratione
799 1581 945 1654 profundae
965 1584 1098 1638 humilite-

52 1684 105 1748 tis‚
129 1697 188 1738 nuru
207 1688 315 1754 propter
333 1684 436 1736 nimiunn
453 1681 625 1738 humilitatem
650 1681 771 1753 pollinem
791 1683 843 1737 sibi
862 1689 1012 1754 amputasse
1031 1684 1098 1738 diei-

51 1787 107 1848 tur,
126 1787 155 1836 ut
170 1781 322 1838 sacerdotio
338 1780 468 1854 reprobus
479 1781 631 1838 intonetur.
666 1783 778 1838 Amanus
793 1783 896 1838 untione
910 1798 1013 1853 poeueo
1024 1799 1099 1840 noer-

54 1881 160 1948 bitetis,
179 1884 242 1954 quie
260 1881 357 1955 ubique
375 1898 424 1954 per
442 1883 573 1936 olvitntern
593 1886 692 1936 eruetur
712 1879 762 1935 init
778 1887 803 1936 et
815 1883 885 1937 inter
896 1883 963 1939 iseo
971 1891 1102 1940 tormenta

55 1983 179 2052 spiritum
198 1981 314 2039 tradidit.
349 1980 397 2038 Vei
409 1979 516 2036 blnrous
527 1979 623 2036 dieitur
636 1996 653 2036 n
665 1995 763 2050 mereo,
784 1980 854 2054 quod
865 1989 906 2038 est
920 1983 1029 2041 malleus
1046 2000 1101 2040 nnn·

51 2084 117 2153 jor,
141 2083 187 2154 qui
207 2081 311 2155 quidem
330 2080 422 2136 eodem
440 2083 495 2135 iotu
513 2080 609 2136 terrum
628 2080 730 2146 domat,
753 2081 891 2138 melodiam
910 2089 1036 2156 generet,
1060 2088 1102 2140 iu-

57 2181 152 2237 oude·
171 2181 264 2236 irunt.
299 2180 344 2236 Sie
360 2178 468 2236 marens
486 2184 565 2236 unies
583 2181 706 2236 doctrino
723 2183 765 2235 sni
783 2183 914 2255 evangelii
932 2183 1021 2238 dosunt
1038 2184 1102 2240 bne-

57 2283 201 2336 retieorum
221 2280 372 2352 perfidiam,
391 2280 486 2335 dilatat
503 2279 606 2336 laudem
625 2280 757 2347 divinem,
777 2283 914 2337 oonirmat
930 2283 1078 2340 eeclesiam.

127 2379 240 2452 blrtretrs¹
254 2380 421 2454 evangeliste
438 2380 561 2438 lenitious
579 2394 678 2454 genere
696 2387 723 2435 et
740 2381 878 2446 uouendos,
899 2380 971 2438 Petri
989 2384 1106 2454 apostoli

59 2484 88 2536 iu
113 2481 274 2552 baptismate
297 2480 367 2535 iilius
390 2487 472 2551 utque
496 2481 523 2534 ln
549 2479 638 2534 divino
662 2495 783 2536 sermone
807 2481 953 2554 discipulus
971 2498 1027 2538 oum
1046 2485 1106 2556 ipso

59 2581 143 2638 betto
158 2577 241 2636 Petro
259 2578 366 2636 bomem
386 2579 523 2650 protentus
543 2585 593 2635 est
630 2579 692 2634 ilum
709 2586 794 2636 auteur
809 2579 903 2636 Petrus
916 2582 1014 2640 ibidem
1025 2598 1107 2640 erun·

61 2681 161 2756 pelium
179 2678 362 2750 pruedienret,
386 2685 548 2750 rogauerunt
568 2677 676 2746 fideles,
700 2683 745 2752 qui
771 2680 977 2750 emollientes,
1002 2682 1109 2738 beatum

61 2780 197 2847 blancum,
221 2786 250 2834 ut
275 2776 440 2852 euangelium
464 2777 498 2832 nd
522 2784 675 2849 perpetuent
700 2778 814 2835 lideliunr
832 2784 982 2838 memoriam
998 2782 1110 2838 deberet

63 2879 243 2937 eouseribere.
279 2877 354 2941 Quod
373 2877 418 2932 illo
444 2877 559 2948 quidum,
582 2884 612 2932 ut
634 2893 667 2934 or
685 2894 732 2934 ore
749 2882 870 2954 magistri
887 2884 928 2937 snl
945 2882 1018 2938 boeti
1037 2882 1109 2939 Petri

63 2978 201 3042 audieret,
216 2977 289 3035 bdeli
306 2979 369 3032 stile
390 2978 563 3048 oouseeipsit.
586 2976 679 3034 Petrus
696 2985 783 3035 nutem
798 2980 866 3036 illud
884 2981 1028 3056 diligenter
1044 2999 1108 3041 eua-

64 3081 168 3135 ruiuans
185 3078 231 3134 ubi
250 3093 351 3134 omnem
371 3077 508 3133 eerltnten
523 3076 600 3148 plene
621 3081 775 3150 conspexit,
801 3081 980 3152 recipiendum
1003 3084 1037 3138 nb
1055 3099 1111 3138 om-

64 3180 143 3236 uibus
163 3177 287 3234 fidelibus
306 3174 497 3248 comprobavit.
534 3175 632 3234 videus
650 3183 736 3234 nutem
752 3177 847 3235 Petrus
858 3179 975 3236 Marcum
987 3189 1111 3238 consten-

65 3285 117 3335 tenu
136 3281 164 3334 iu
180 3275 249 3345 ide,
273 3277 360 3348 ipsum
385 3273 553 3348 Aquilogiam
579 3275 738 3345 destinarit,
764 3278 809 3333 ubi
835 3280 941 3336 verbum
964 3280 1015 3338 Ilei
1033 3297 1111 3355 prue-

66 3378 160 3434 diusns
178 3380 328 3432 innumerus
346 3377 461 3449 gentium
480 3375 658 3432 multitudines
676 3377 710 3432 od
728 3377 803 3435 fidem
817 3379 917 3436 Christi
935 3385 1065 3439 conuertit
1081 3398 1114 3438 uo

68 3477 236 3550 euangelium
260 3491 335 3533 suurn
360 3474 482 3530 similiter
505 3475 544 3528 tbi
562 3478 755 3547 conscripsisse
778 3478 889 3546 dieitur,
914 3481 984 3553 qnod
1010 3483 1114 3553 quidem

68 3591 153 3650 usqne
177 3575 257 3632 bodie
282 3577 307 3630 iu
331 3575 516 3646 Aquilegiensi
541 3575 655 3630 eoeleste
673 3576 829 3634 ostenditur
847 3587 875 3636 et
891 3579 1032 3639 deuotione
1051 3599 1114 3637 oon-

67 3690 138 3750 grun
163 3681 324 3732 reserentur.
360 3672 480 3730 Tandem
507 3673 602 3730 tentus
632 3675 741 3732 Murrus
770 3678 986 3754 Aquilegiensenr
1020 3683 1114 3748 sineru,

68 3775 176 3831 sotlieet
194 3773 375 3846 timagoram,
398 3788 475 3845 quern
493 3772 528 3828 nd
554 3768 631 3830 fidem
650 3775 748 3831 Christi
771 3781 917 3847 conuertit,
945 3778 1052 3836 iiomou
1080 3780 1115 3836 ud

69 3875 174 3932 l’etruur
193 3873 314 3941 edberti,
333 3879 362 3926 ut
382 3887 439 3928 eum
458 3872 617 3946 Aquilegloe
635 3876 662 3930 ln
679 3879 830 3948 episcopum
849 3886 1027 3936 eonseeeuret.
1049 3880 1115 3936 Sus-

67 3979 147 4046 eepto
166 3975 256 4046 ituque
273 3971 435 4046 lirmugorue
454 3970 621 4044 pontiieotns
633 3973 723 4030 olloio
733 3991 790 4031 euru
802 3977 1019 4054 Aquilogienseru
1031 3979 1115 4035 eoele-

69 4076 138 4128 siau
155 4075 253 4144 optlrue
272 4074 465 4146 gubernasset,
493 4071 598 4128 tondens
623 4073 656 4128 ub
682 4073 833 4132 infidelibus
852 4080 956 4148 eupitnr
974 4083 1001 4133 et
1018 4078 1115 4134 ibidem

68 4173 189 4228 martirio
207 4179 360 4240 coronetur,
378 4170 487 4228 Mersus
504 4187 567 4228 vero
585 4189 603 4228 n
619 4173 698 4229 boeto
717 4174 796 4230 Petro
812 4175 999 4232 Alexandrinus
1019 4182 1116 4236 missus

70 4277 156 4328 estet
174 4271 211 4328 ibi
229 4273 330 4342 primus
349 4271 456 4328 uerbum
472 4270 521 4328 liei
541 4273 713 4344 praediosrit.
749 4274 777 4332 ln
798 4277 882 4346 primo
901 4279 1115 4335 sutemintroitu

126 4423 148 4474 l)
161 4421 235 4464 Verba
249 4419 317 4474 quin
331 4443 354 4454 -
369 4421 411 4464 uni
426 4421 507 4466 domur
522 4420 544 4464 im
559 4421 599 4465 Ed.
614 4421 683 4464 l'riuc.
