2842 5286
284 433 346 497 Μ
554 438 626 516 Cup.
649 435 683 496 L.
725 437 769 497 De
790 447 888 497 nancto
910 437 1042 498 retecto.

285 605 345 650 eree
362 597 435 648 terro
452 581 519 649 inter
537 593 660 650 eimuium
678 609 709 649 ee
730 595 871 668 aperuit·)
895 599 921 650 et
946 599 1041 667 putere
1064 593 1193 647 munimur
1218 596 1245 646 et
1259 605 1321 662 pro-

285 692 455 749 iuudieslmue'
474 692 512 748 ibi
531 696 653 765 apperuit
669 694 866 766 revelatumque
887 699 928 750 erl
946 693 1025 749 beabo
1043 689 1171 760 Patricio,
1197 691 1268 764 quod
1288 690 1323 744 lbi

286 792 391 866 quidem
408 795 557 866 purgatorii
574 793 649 848 looue
667 801 756 862 esset,
775 795 802 848 in
820 809 895 866 quem
915 796 1034 868 quisquis
1053 791 1133 850 veliet
1151 787 1324 858 deeeerdere,

283 893 340 951 elia
357 894 410 950 eibi
427 895 591 962 poenitentia
614 909 667 948 non
688 895 802 949 moret
826 909 876 950 nee
892 893 964 951 aliud
981 910 1030 966 pro
1053 893 1173 966 peoratir
1195 899 1324 964 purgato-

286 995 352 1049 rium
376 997 502 1063 eentirei,
528 995 648 1066 plerique
670 997 756 1050 autem
780 993 841 1050 inde.
861 1011 913 1051 non
937 995 1053 1052 redirent
1078 999 1106 1050 et
1129 993 1176 1066 qui
1199 991 1326 1058 redirent,

286 1111 333 1151 eoo
353 1109 370 1150 a
387 1107 463 1150 mane
476 1109 559 1166 oeque
576 1095 602 1147 in
622 1107 736 1166 sequens
752 1107 828 1151 nane
846 1095 942 1151 ibidem
959 1109 1056 1151 unorum
1073 1093 1165 1150 dooere
1181 1099 1325 1163 oporteret.

286 1193 364 1252 Multi
385 1196 468 1266 igitur
487 1192 711 1266 ingrediebantur,
732 1193 778 1267 qul
796 1193 830 1250 de
843 1201 950 1250 caetero
966 1210 1019 1250 non
1031 1192 1242 1250 revertebuntur.
1265 1193 1327 1248 Pori

287 1293 395 1366 longum
413 1295 497 1366 igitur
512 1299 615 1364 temper
638 1301 740 1348 mortuo
760 1293 891 1363 Patricio,
917 1295 959 1348 rir
981 1292 1085 1365 quidem
1107 1290 1206 1347 nobilis
1222 1293 1327 1348 nomine

287 1392 427 1461 Nioolaue,
450 1394 495 1464 qul
512 1398 623 1464 peuouta
638 1393 721 1450 multa
738 1395 919 1460 commiserat,
938 1409 994 1450 eum
1013 1409 1071 1449 eum
1089 1391 1246 1452 delictorum
1264 1407 1327 1447 euo-

289 1510 343 1548 ruur
363 1495 511 1565 poeniteret
528 1499 556 1547 ei
572 1497 752 1565 purgatorium
771 1495 855 1548 saneti
872 1493 981 1553 Patrioll
1000 1495 1134 1550 sustinere
1154 1491 1252 1560 veliet,
1271 1508 1327 1546 eum

288 1601 368 1649 antea
384 1594 529 1666 quindecim
544 1591 647 1660 diebus,
664 1600 694 1648 ut
709 1608 799 1648 omnes
813 1592 955 1660 iaciebant,
975 1609 1005 1650 ee
1022 1594 1135 1666 jejuniis
1156 1597 1327 1657 noeeraaret,

288 1699 382 1765 aperto
401 1695 471 1749 ostio
489 1708 546 1748 oum
557 1692 635 1759 eleut,
654 1691 882 1765 quaeinquadeur
899 1691 1007 1750 abbatia
1020 1693 1185 1759 serrabatur,
1204 1693 1231 1744 in
1245 1695 1328 1762 ipsun

289 1791 477 1864 epeluneanv)
500 1793 637 1852 deseendit
654 1799 683 1848 et
708 1790 839 1866 quoddam
857 1794 952 1848 ostium
980 1792 1099 1849 alaiere
1117 1793 1201 1862 ipsius
1220 1793 1327 1846 invenit.

289 1892 317 1948 lo
336 1891 407 1965 quod
423 1892 575 1966 ingrediens
595 1906 652 1946 oum
666 1885 797 1972 quoddam
814 1887 852 1946 ibi
870 1893 1014 1948 oratorium
1037 1893 1195 1962 reperisset,
1223 1890 1328 1962 quidam

289 1989 411 2048 moueebi
438 1992 506 2048 albis
531 1992 614 2052 induti
640 1993 784 2048 oratorium
810 1995 974 2048 intraverunt
1003 1997 1029 2047 el
1063 1989 1175 2046 olbciuut
1199 1990 1328 2045 iacientes

289 2091 400 2147 Nlooiuro
418 2091 549 2160 dixerunt,
570 2089 634 2163 ³)ut
645 2101 769 2148 eonstone
787 2097 868 2159 erret,
888 2091 951 2164 quia
959 2091 1042 2148 multa
1051 2089 1157 2164 dyaboli
1171 2095 1330 2146 tentamento

291 2207 349 2248 eum
367 2205 524 2264 pereurrere
541 2197 684 2263 oporteret.
727 2192 789 2248 Gurn
813 2191 859 2248 ille
876 2194 1058 2264 perquireret,
1083 2189 1153 2262 quod
1171 2190 1329 2261 adjutorium

292 2299 385 2348 eontra
403 2290 454 2346 boo
472 2289 571 2347 babere
589 2295 696 2362 posset,
716 2291 851 2348 dixerunt:
874 2307 930 2347 eum
948 2298 976 2347 te
992 2290 1085 2362 poeula
1101 2289 1186 2363 eiiligi
1203 2290 1329 2357 senseris,

291 2395 411 2464 protinus
438 2389 556 2447 exclamo
574 2394 601 2448 ei
626 2390 683 2447 diet
707 2391 772 2448 lesu
790 2389 895 2447 Girieto
920 2383 957 2445 dli
974 2389 1024 2445 liei
1041 2391 1096 2446 ulei
1118 2392 1246 2446 miserere
1267 2387 1330 2443 mibi

291 2492 434 2563 peneatori.
460 2489 653 2547 decedentibus
671 2492 753 2563 igitur
768 2489 913 2562 praedietis
932 2492 997 2546 nirle
1014 2491 1137 2546 eontinuo
1151 2489 1247 2545 odeum
1265 2488 1330 2544 dne-

291 2607 382 2647 monee
401 2597 428 2646 ei
446 2597 473 2646 ut
490 2597 637 2646 reuertatur
662 2595 688 2646 ei
706 2589 758 2644 eibi
777 2589 900 2658 obediat,
924 2593 1006 2660 pulmo
1023 2588 1128 2644 blendia
1146 2589 1331 2661 promissioni-

292 2691 342 2746 bus
359 2689 521 2762 persuadent
543 2699 709 2753 maerentes,
735 2689 805 2762 quod
826 2705 883 2747 enm
903 2689 1052 2745 euetodient
1068 2687 1145 2746 etad
1163 2689 1272 2760 propriu
1289 2689 1331 2743 ln-

292 2791 419 2847 eoluurem
436 2789 588 2862 perducent.
613 2789 665 2844 Sed
685 2803 742 2845 oum
761 2791 794 2843 iis
812 2789 859 2846 ille
870 2789 1021 2845 nuliatenue
1037 2787 1148 2845 obedire
1162 2788 1250 2855 vellet,
1267 2802 1332 2872 pm-

293 2891 364 2947 tinus
384 2890 545 2954 diuersorum
569 2889 684 2946 derorum
709 2889 811 2944 audiuit
837 2904 915 2945 reoee
940 2892 1040 2961 pariter
1067 2895 1093 2944 et
1114 2890 1229 2962 mugitus
1255 2903 1287 2944 ae
1308 2890 1333 2944 ei

293 2994 381 3047 omnia
404 2971 533 3046 elemento
549 2992 696 3045 tererentur
704 2991 742 3060 ⁴).
777 2988 819 3046 Ad
843 2988 912 3062 qnod
938 3005 994 3046 oum
1016 2988 1062 3045 llio
1083 2995 1187 3044 terrore
1210 2987 1335 3044 borribiil

292 3088 528 3163 primoomnium
546 3089 667 3156 Christe,
687 3087 724 3143 nit
740 3087 790 3146 Dei
808 3091 869 3157 uiri,
887 3090 1011 3146 miserere
1029 3087 1092 3144 mibi
1109 3089 1251 3160 peccatori,
1269 3107 1333 3162 pru·

293 3195 364 3246 tinus
384 3189 546 3256 exclamavit,
565 3193 591 3244 et
607 3190 697 3244 rtatim
712 3190 796 3244 omnio
814 3188 927 3249 derorum
944 3189 1046 3245 illarum
1062 3189 1187 3245 tumultus
1204 3189 1336 3244 terribilia

295 3291 453 3362 conquievit.
488 3287 588 3344 limetur
607 3293 648 3344 eet
666 3286 727 3344 inde
749 3285 784 3344 ad
808 3287 989 3344 allumlooum
1010 3291 1036 3346 ei
1058 3287 1155 3344 ibidem
1173 3286 1252 3358 adeet
1268 3287 1334 3345 dae·

296 3405 398 3444 monum
424 3387 563 3443 multitudo
590 3387 731 3442 direntium
749 3388 815 3444 eibi:
833 3395 927 3459 putas,
953 3387 1022 3459 quod
1040 3403 1130 3444 manue
1148 3395 1254 3444 nostrae
1271 3403 1334 3446 emt-

295 3489 387 3544 reriei
405 3501 584 3559 nequaquem,
602 3487 652 3546 red
669 3503 739 3543 nuno
755 3491 843 3559 pollue
861 3489 972 3558 iueipiee
990 3486 1075 3560 aiiiigl
1094 3493 1121 3544 et
1136 3489 1265 3560 torqueri.
1302 3487 1340 3548 Ei

296 3603 359 3644 ecoe
371 3587 476 3659 quidam
489 3588 614 3641 morimur
633 3589 704 3660 ignis
724 3592 750 3643 et
767 3587 895 3644 terribilis
911 3587 1006 3642 ibidem
1022 3589 1144 3658 apparuit
1163 3589 1339 3663 dixeruntque

297 3690 323 3744 ei
340 3686 497 3743 doemonem
522 3687 575 3741 niel
592 3684 669 3741 nobie
689 3687 869 3752 consenseris,
888 3687 916 3742 in
935 3688 1022 3760 ignem
1040 3692 1067 3742 te
1084 3687 1244 3761 jaetabbuue
1264 3703 1337 3745 eom-

296 3784 448 3844 burendum.
486 3785 561 3850 Quod
583 3801 640 3840 aum
659 3785 704 3842 ilio
728 3793 865 3852 renueret,
894 3787 979 3852 iprum
998 3792 1158 3859 aeceperunt
1175 3793 1202 3843 et
1219 3787 1337 3844 inillam

298 3890 384 3960 ignem
402 3885 549 3942 terribilem
567 3887 754 3958 projecerunt,
773 3887 818 3941 ubi
838 3884 896 3941 dum
912 3889 1091 3954 cruciaretur,
1107 3888 1228 3957 protinus
1246 3886 1337 3944 euola-

298 3989 395 4043 marit:
419 3984 483 4041 Jeru
503 3984 609 4041 Girrirte
628 3989 677 4040 eto.
702 3987 842 4058 statimque
860 3983 930 4062 ignle
948 3987 1093 4041 exstinetue
1113 3993 1162 4042 eet.
1197 3986 1239 4043 Ad
1256 3988 1337 4044 ulium

298 4084 412 4158 denique
431 4084 515 4140 loourn
537 4084 631 4142 duetur
648 4085 716 4139 uidi-t
731 4085 858 4158 quosdam
878 4089 949 4141 vitoe
967 4086 993 4138 in
1014 4088 1075 4159 igne
1094 4089 1168 4142 rlroe
1187 4089 1298 4144 eremari
1311 4095 1339 4146 et

350 4275 373 4326 l)
386 4280 412 4318 et
428 4293 450 4306 -
466 4275 604 4328 apparuit
621 4273 691 4316 verbu
705 4269 790 4314 emittit
802 4269 843 4314 ua
857 4269 927 4316 Primo.
983 4270 1199 4324 duodennium
1212 4277 1241 4317 in
1254 4287 1339 4328 pree·

301 4341 411 4386 dietum
425 4345 549 4394 puteum.
618 4342 640 4392 ³)
655 4339 694 4382 ed.
707 4338 778 4384 Primo.
791 4337 889 4395 praefert
902 4336 951 4384 uir.
1001 4344 1130 4400 dedecent.
1142 4347 1338 4388 concuteren-

301 4419 347 4454 tur
361 4417 388 4452 ει
401 4407 476 4460 elom
489 4407 563 4459 lenoni
578 4413 600 4451 ei
613 4412 666 4450 anie
679 4417 767 4452 voeet
780 4405 867 4451 addunt
881 4405 1050 4452 ierribidet.·
