2866 5310
299 550 499 632 eanctxx.
535 551 580 611 lle
601 561 702 612 sancio
727 551 886 612 Clemente.
1047 550 1108 613 aba

73 711 174 782 auertit
186 709 270 766 oeulis
282 707 317 768 nii
326 711 454 768 uidentem
466 718 493 768 et
505 709 570 767 nihil
584 713 688 783 penitus
703 713 862 781 audientem,
874 729 982 786 eumque
990 713 1109 770 Clemens

73 825 121 880 pre
140 826 173 865 ne
190 819 295 867 enasset
312 817 339 868 et
358 811 402 866 ille
416 795 536 867 ¹auditum
555 809 684 868 etlumen
702 816 862 885 recepisset,
881 813 972 870 aidane
991 811 1108 869 Clemen-

71 916 123 966 tem
133 911 213 983 Juxta
226 927 333 968 arerem
348 927 421 967 auam
434 917 546 968 stantem
561 921 650 968 amena
665 911 780 969 edicitur
791 920 818 970 et
829 929 859 970 ee
877 913 980 970 illusum
998 914 1108 986 magieis

73 1012 174 1065 artibus
192 1013 342 1083 auspicatur
360 1011 550 1083 praecepitque
571 1013 655 1067 aeriis
673 1015 740 1080 aeis,
757 1020 786 1067 at
804 1009 924 1069 tenerent
942 1011 1108 1081 Clementem,

73 1109 178 1166 dicent:
202 1117 230 1165 ut
247 1111 433 1184 ingrederetur
450 1110 484 1166 ad
503 1125 611 1166 uxerem
628 1127 725 1179 neam,
748 1115 857 1186 magieis
874 1112 976 1168 artibus
996 1129 1037 1168 mn
1061 1129 1108 1170 ent-

72 1213 200 1268 oneravit.
234 1209 425 1284 l’raaeepitque
442 1211 586 1276 ministris,
611 1217 641 1268 ut
666 1209 822 1269 Clementem
846 1211 963 1283 ligarent
987 1220 1015 1268 et
1036 1213 1108 1287 lige-

73 1317 125 1364 tnn
143 1309 288 1368 traherent.
323 1311 359 1367 dt
375 1310 417 1366 illi
435 1311 550 1384 ligantea
568 1309 703 1367 calumnas
718 1312 839 1383 latenter
858 1317 959 1367 rteara
971 1311 1107 1384 puniant,

72 1411 141 1486 sieut
154 1413 236 1466 *etiam
257 1407 373 1466 Sirlnnie
392 1411 543 1477 ridebatur,
566 1409 637 1482 qued
660 1417 778 1468 maetam
798 1411 952 1468 manentem
976 1427 1032 1467 eum
1049 1415 1107 1470 auia

73 1509 177 1566 elerieir
200 1509 337 1566 traherent
361 1514 388 1566 ei
411 1509 537 1584 ligarent.
571 1507 647 1567 Tune
674 1508 793 1566 cienena
818 1511 935 1567 sisinnio
959 1514 1013 1567 ait:
1046 1515 1108 1585 quia

72 1625 136 1666 rara
155 1610 225 1666 liene
243 1610 328 1678 dieii,
355 1624 422 1665 aare
443 1609 550 1666 trahere
575 1611 703 1665 nernlsti.
738 1607 786 1666 lile
813 1615 898 1666 autein
917 1626 980 1666 aere
999 1625 1055 1668 eum
1074 1614 1108 1668 li-

72 1717 161 1782 gutnm
181 1712 335 1766 existimant
354 1714 408 1765 ait:
425 1725 476 1783 ego
495 1716 522 1766 te
540 1710 648 1766 interfici
667 1709 771 1766 laetam.
806 1709 927 1766 Glemeua
946 1718 1031 1767 autern
1049 1713 1110 1771 inde

71 1808 218 1866 abscedens
244 1806 413 1866 Theodoram
439 1812 558 1884 rogavit,
589 1826 622 1866 ae
651 1810 685 1865 ab
717 1812 837 1866 eratione
862 1818 995 1878 cessaret,
1025 1811 1109 1869 donee

72 1911 154 1964 airum
184 1923 258 1966 aurun
292 1905 412 1964 deminae
445 1911 573 1966 risitaret.
608 1909 700 1966 Oranti
725 1910 808 1984 igitur
829 1907 990 1968 Theoderae
1014 1910 1108 1970 Petrae

71 2009 209 2079 aperieiur
227 2011 352 2081 apparuit
369 2008 476 2065 dieenr:
494 2025 542 2081 per
559 2015 586 2065 te
604 2010 644 2064 atr
660 2013 720 2064 iuur
739 2007 893 2076 salvabitur,
912 2016 941 2065 ut
958 2011 1107 2083 impleatur,

72 2107 143 2179 quud
160 2107 226 2180 dixit
247 2107 330 2164 irater
347 2123 419 2164 meua
436 2107 543 2176 Parias,
561 2107 709 2164 ralrabitur
726 2109 767 2166 alr
782 2109 895 2164 inlidelia
913 2112 1107 2181 permanerent

72 2207 187 2276 fidelem,
206 2215 234 2265 et
253 2207 305 2265 bne
321 2209 413 2265 dimna
431 2207 570 2290 abscentit.
605 2207 752 2282 Statimque
765 2207 897 2265 Sirtuniur
910 2227 1015 2268 uxerem
1034 2228 1107 2269 raam

71 2306 107 2363 ud
126 2322 155 2364 ae
174 2310 275 2366 aerarii
294 2307 450 2376 obsecrans,
469 2316 498 2364 nt
517 2325 565 2380 pre
583 2324 613 2365 re
625 2313 715 2364 uranei
729 2315 755 2364 et
772 2318 888 2365 renatum
903 2307 1060 2369 Clenieuten
1073 2314 1108 2369 ad

47 2459 48 2462 ,
74 2425 105 2464 re
124 2415 241 2465 necaret.
276 2407 326 2472 Qui
343 2425 399 2464 eun
420 2411 544 2476 renisret,
562 2410 646 2481 ipsun
665 2411 691 2465 ln
709 2407 761 2466 bie
782 2411 907 2466 instruxti
931 2417 958 2466 et
974 2427 1031 2468 earu
1050 2427 1107 2470 eam

58 2507 200 2566 ‘cccliiii
218 2507 251 2564 de
269 2509 346 2578 derne
364 2523 414 2564 aua
430 2509 582 2580 baptizarit.
618 2508 669 2565 l’er
685 2507 753 2564 buue
770 2517 857 2566 autern
875 2509 1017 2566 sisinnium
1035 2513 1109 2570 multi

70 2607 174 2665 nubilar
204 2615 232 2663 ei
256 2611 333 2663 antei
355 2606 459 2664 Nervae
489 2610 656 2680 imperatorie
680 2607 787 2664 demine
813 2603 989 2669 erediderunt.
1032 2609 1107 2668 Tene

71 2723 158 2764 eumen
177 2723 313 2764 ramerum
331 2711 466 2780 pecuniam
485 2708 573 2762 multis
594 2708 665 2764 dedit
679 2715 936 2766 eieeutraranetuin
950 2709 1105 2769 Clementem
1147 2691 1150 2700 ⁴

70 2808 226 2864 aeditiunem
245 2813 380 2864 maximam
399 2809 531 2866 eaeitarit
568 2807 644 2863 Titne
667 2786 840 2865 Mamertinae
863 2808 937 2865 urbia
955 2811 1105 2880 praelectas

70 2906 162 2980 pepuli
188 2905 343 2964 aeditumum
368 2913 503 2964 martinam
528 2925 580 2964 nen
604 2908 692 2964 terere
716 2907 750 2964 ad
773 2923 804 2964 ae
828 2907 985 2966 Clementem
1009 2911 1106 2969 adduei

70 3007 142 3068 irati.
177 3009 258 3072 Quem
279 3024 334 3064 eam
354 3009 528 3082 redargueret
545 3015 572 3065 ei
589 3007 624 3064 ad
638 3023 669 3064 ne
685 3007 811 3065 inclinare
824 2991 975 3078 attentaret,
994 3011 1040 3068 ille
1051 3015 1104 3068 ait:

70 3114 191 3180 aptarem
209 3115 236 3163 te
255 3107 290 3164 ad
310 3112 436 3165 rationem
457 3108 597 3176 recedere,
622 3123 680 3163 nau
706 3112 730 3166 at
754 3123 834 3165 eaner
857 3109 929 3164 multi
948 3119 1041 3168 unnim
1057 3127 1105 3172 neu

69 3208 224 3266 intraverint
242 3215 269 3266 et
286 3209 417 3264 numlbur
435 3211 648 3276 attreetarerlnt‚
671 3223 801 3281 uunquam
824 3208 875 3266 line
898 3208 975 3265 nabin
999 3211 1105 3268 auterre

70 3314 197 3380 pemani,
216 3309 287 3382 qued
303 3325 353 3365 nen
370 3324 460 3364 ranae
478 3308 652 3365 rationabiles
670 3308 788 3365 heniuea
807 3315 833 3364 et
851 3311 981 3380 instrunt
999 3313 1104 3367 irretie-

69 3407 173 3465 nabiles
192 3421 288 3475 muner,
312 3407 409 3464 reditio
438 3415 524 3464 autern
543 3407 578 3464 ab
602 3411 730 3481 imperitia
749 3416 842 3465 exerta
859 3407 976 3464 ostendit
992 3423 1023 3466 re
1039 3410 1104 3466 uihit

70 3506 171 3564 babere
188 3513 285 3564 eertum
302 3507 344 3563 rel
364 3525 460 3564 aerum.
496 3506 572 3564 Tune
589 3505 761 3564 Mamertinus
779 3508 812 3563 de
832 3524 864 3564 ee
883 3506 1001 3580 'l'rajanu
1020 3509 1103 3581 tarpe-

69 3609 152 3664 raturi
170 3607 289 3664 aeribena
308 3623 462 3679 rmpenrum
480 3609 597 3678 aceepit,
620 3606 690 3681 qued
708 3615 754 3663 aut
771 3607 940 3663 uaeriliearei
960 3613 1005 3666 aui
1030 3613 1104 3664 trane

68 3716 176 3780 pentum
195 3710 274 3763 marla
293 3710 319 3762 tu
337 3722 441 3775 arene,
468 3706 538 3780 qnod
563 3706 670 3780 adjacet
691 3709 792 3763 eiritatt
812 3706 996 3774 ¹)l'emenae,
1019 3711 1106 3779 ipsun

72 3809 99 3862 in
119 3806 240 3863 exsilium
258 3810 380 3864 mitteret.
415 3806 492 3864 Tune
515 3807 667 3879 praelectus
691 3808 826 3865 Clementi·
840 3823 896 3864 curu
913 3805 1036 3877 laeryrnia
1052 3810 1106 3863 ait:

68 3905 140 3962 lleua
163 3913 244 3978 tuua,
267 3921 343 3980 quen
367 3922 433 3979 nure
456 3907 537 3976 reita,
563 3909 621 3979 ipen
646 3915 673 3964 te
695 3908 812 3981 adjuret.
846 3905 1000 3965 Praelectur
1019 3914 1106 3966 autetn

69 4009 95 4062 ei
115 4022 207 4063 ararem
226 4006 318 4063 tribuit
337 4013 364 4063 et
381 4010 468 4062 emula
485 4009 637 4063 neeeraaria
654 4009 826 4074 mintrirarit,
851 4005 924 4062 multi
948 4011 1033 4063 autem
1052 4008 1105 4064 ule-

68 4107 117 4163 rlei
149 4113 176 4162 et
205 4105 267 4162 latei
290 4109 375 4178 iprum
399 4109 426 4160 in
451 4107 571 4164 exsilium
597 4113 658 4163 aunt
678 4109 770 4165 recall.
804 4105 944 4163 Preleetnr
970 4112 1056 4162 autern
1078 4109 1105 4163 tu

67 4205 177 4261 insulani
204 4208 305 4262 inaruit
331 4205 368 4261 ibi
393 4204 452 4278 nine
476 4221 552 4279 quain
583 4207 635 4262 due
665 4207 748 4263 iutilia
774 4205 976 4264 christianorum
1008 4203 1105 4262 ibidem

62 4287 215 4377 iamdudum
226 4306 261 4362 ad
280 4305 395 4364 necanda
409 4321 539 4362 narmera
555 4308 733 4365 damnaturum
761 4310 806 4380 qui
818 4313 935 4363 nanctum
947 4297 1105 4363 Clementem

67 4406 188 4462 videnter
211 4409 299 4462 rtatim
326 4405 457 4462 infletum
476 4415 503 4462 et
520 4407 648 4480 laerymar
667 4413 850 4480 erumperunt.
886 4404 958 4470 ilaue
977 4403 1022 4460 ilie
1039 4419 1103 4460 eun-

116 4525 139 4580 t)
152 4527 191 4574 bd.
204 4531 238 4575 Pr.
252 4527 395 4574 crinonae
409 4525 471 4579 legit.

215 4618 218 4623 ·
859 4608 896 4664 te
