2866 5310
284 474 346 541 uati
515 481 586 560 Cap.
610 480 741 540 Lxrttti.
792 482 836 541 De
858 491 956 541 saucio
977 483 1088 562 spiritu.

282 639 397 710 proposit
419 657 460 696 me
486 636 595 708 spiritus
618 637 686 691 iuter
711 637 810 694 eoelum
833 647 860 694 et
884 647 979 696 terram
1005 647 1055 697 eto.
1090 639 1153 695 item
1176 634 1270 693 Ezeeb.
1296 636 1320 692 i:

282 756 446 812 quorumque
464 740 519 795 itu
535 739 659 809 spiritus,
684 737 747 792 iiiuc
765 748 843 795 eunte
861 743 955 812 spiritu
974 749 1001 798 et
1018 747 1094 796 rotae
1111 741 1213 810 pariter
1230 738 1320 792 eiera-

282 843 377 894 bautur
393 849 535 912 sepientes
554 854 627 904 eum,
645 839 755 908 spiritus
772 841 838 894 euim
857 844 999 897 uitauerat
1017 843 1042 894 iu
1059 828 1134 895 rotis.
1167 835 1231 894 Item
1253 833 1317 892 (ire-

281 943 388 1010 gorius:
412 947 520 1013 gustato
544 917 640 1010 spiritu
666 939 764 1008 desipit
787 942 871 994 omnis
897 955 971 995 earo.
1005 940 1126 996 Secundo
1152 939 1319 1011 refrigerium

280 1041 400 1107 praestat
416 1047 509 1096 eontra
526 1041 656 1094 incentiva
675 1041 809 1104 vitiorum:
832 1040 902 1096 uude
918 1047 945 1096 et
956 1041 1061 1098 Mariae
1074 1041 1170 1095 dietum
1187 1047 1243 1094 est:
1263 1039 1319 1106 spi-

279 1139 347 1194 ritus
363 1143 481 1209 ‘saueius
505 1141 674 1211 superveniet
696 1141 722 1193 iu
747 1145 773 1194 to
791 1145 819 1194 et
835 1141 917 1196 virtus
934 1140 1057 1196 altissimi
1074 1139 1243 1197 obumbrabit
1260 1139 1319 1208 tibi,

280 1237 307 1292 id
332 1245 388 1305 est,
413 1246 441 1296 te
467 1243 500 1297 ab
527 1235 596 1295 oiurri
620 1244 696 1296 aestu
715 1241 837 1295 uitiorum
856 1239 1035 1314 refrigerabit.
1069 1239 1144 1297 Unde
1162 1245 1189 1296 et
1208 1241 1317 1313 spiritus

278 1345 385 1394 sanutus
410 1347 519 1396 uocatur
544 1355 628 1413 aquia,
654 1355 722 1412 quae
746 1341 827 1399 babet
850 1345 900 1398 rim
920 1342 1139 1414 regenerativam.
1173 1339 1317 1398 inavit:

278 1437 382 1493 flumina
398 1439 431 1494 do
446 1447 536 1496 verrtre
552 1441 610 1512 ejus
628 1441 708 1496 fluent
726 1457 810 1512 aquae
828 1444 912 1498 uiuae.
945 1440 1000 1496 boe
1018 1447 1104 1496 autem
1123 1439 1190 1495 dixit
1209 1441 1242 1496 do
1261 1443 1315 1511 spi-

278 1538 329 1591 ritu
349 1545 458 1609 semoto,
477 1553 552 1610 quem
572 1549 648 1595 eraut
664 1543 799 1610 eeoepturi
817 1542 955 1598 eredentes
975 1543 1001 1595 iu
1019 1557 1085 1597 eum.
1121 1540 1214 1596 Tertio
1234 1557 1316 1612 goue-

277 1644 319 1690 rst
344 1637 459 1708 pierium
489 1638 670 1710 tuerpmaruu.
705 1639 816 1697 Psabm:
849 1641 923 1697 fluuit
950 1643 1060 1712 spiritus
1096 1642 1154 1712 ejus
1183 1647 1209 1698 et
1235 1641 1319 1696 bueut

275 1750 376 1806 aquae,
395 1738 498 1793 seilicet
514 1738 694 1808 laerymarum.
729 1739 823 1795 Tertio
840 1747 999 1797 monstratus
1018 1749 1059 1798 est
1080 1741 1105 1796 iu
1124 1742 1214 1812 speeie
1227 1741 1314 1796 ssatus.

274 1833 367 1892 Fletus
384 1845 426 1893 est
448 1838 568 1904 mobilis,
595 1840 713 1906 subdus,
740 1840 807 1896 iouis
827 1851 852 1898 et
878 1840 912 1896 ad
930 1841 1112 1911 respirandum
1132 1840 1316 1897 necessarius:

258 1938 315 1990 ¹sio
332 1939 442 2006 spiritus
461 1947 566 1994 saueius
586 1938 700 2005 uobitis,
720 1939 747 1994 id
767 1947 824 2008 est,
845 1942 922 1996 reiux
941 1940 1032 1996 estad
1051 1957 1082 1996 se
1101 1941 1295 1996 diffundendum
1306 1962 1314 2010 ;

274 2036 395 2090 omuibus
423 2027 654 2094 ouim'uobiiiius
682 2041 806 2114 mobilior
822 2048 871 2094 est.
908 2039 1004 2096 Glossa
1022 2055 1105 2112 super
1122 2039 1201 2096 iiiut:
1226 2040 1314 2098 iactus

274 2141 316 2189 est
332 2146 438 2206 repento
457 2137 490 2192 do
509 2139 584 2194 eaelo
602 2155 682 2195 souus
701 2138 865 2196 auiueuieutis
888 2142 996 2212 spiritus
1015 2139 1176 2196 vehementis
1201 2149 1251 2196 eto.
1272 2141 1312 2194 rii-

274 2238 324 2293 uit:
348 2240 433 2314 uestit
454 2237 529 2293 tarda
557 2235 689 2295 moiimiua
707 2242 792 2295 susurrii
811 2243 919 2310 spiritus
937 2245 1034 2313 gratia.
1069 2240 1191 2296 Secundo
1210 2241 1314 2296 ualidus

274 2343 317 2424 esi
333 2337 366 2392 ad
384 2337 601 2396 inflammandum.
637 2341 701 2395 Lae.
720 2337 783 2395 itit:
806 2343 893 2412 iguem
919 2344 979 2397 roni
1000 2343 1103 2397 mittere
1128 2340 1268 2397 interram
1287 2349 1314 2397 et

273 2437 337 2507 quiid
363 2437 442 2504 roio,
466 2443 519 2492 uisi
543 2440 614 2511 qood
641 2442 742 2496 ardeat.
778 2439 850 2496 bauo
876 2447 903 2496 et
926 2447 1016 2496 austro
1036 2447 1113 2496 ueruto
1135 2441 1221 2495 esitio
1239 2455 1312 2495 eoru·

272 2521 389 2606 paratur.
416 2525 526 2600 'Cautio
545 2538 593 2595 iv:
612 2555 708 2612 surge,
726 2541 830 2611 tuobe,
851 2547 876 2595 et
896 2543 971 2608 veui,
990 2547 1094 2604 arister,
1113 2541 1227 2611 perflare
1247 2541 1309 2595 bor-

271 2642 325 2689 tum
343 2651 425 2691 ureuru
444 2644 471 2692 et
488 2639 569 2693 iioeut
587 2646 706 2695 aromata
722 2641 802 2705 iilius.
838 2639 930 2694 Turrtio
958 2640 1025 2694 istuis
1050 2646 1090 2694 est
1109 2639 1143 2693 ad
1162 2639 1309 2695 demulceu-

273 2734 349 2802 rium,
368 2737 436 2792 aude
456 2737 532 2793 etad
553 2739 611 2808 ejus
629 2739 763 2796 leuitatem
782 2739 962 2796 insinuandam
976 2745 1083 2795 roustur
1095 2741 1197 2794 nomino
1209 2723 1309 2795 auctio·

272 2840 331 2904 uis,
359 2844 387 2891 ut
411 2844 484 2909 patet
503 2841 531 2892 iu
550 2841 676 2894 canoniea
695 2839 755 2896 Jub.
775 2839 794 2894 l.
813 2856 835 2894 e.
854 2839 893 2895 tt:
918 2841 1007 2894 unotio
1032 2841 1089 2910 ejus
1114 2841 1193 2894 rioret
1212 2857 1258 2893 uos
1277 2841 1310 2896 de

271 2931 400 2994 erunibus.
436 2935 545 2993 Nomine
564 2943 641 2994 roris.
676 2938 749 2996 Uauie
769 2946 857 2994 earrtat
874 2939 1004 2994 ecelesia:
1030 2945 1056 2993 et
1074 2937 1114 2992 sui
1134 2941 1201 2992 roris
1220 2941 1310 2993 iotiuua

271 3039 446 3110 adspersione
470 3039 612 3095 ioeeuudet
630 3047 679 3096 ete.
716 3037 824 3095 Noouios
845 3055 925 3094 aurae
950 3039 1043 3094 tenuis.
1077 3035 1119 3092 iit.
1146 3037 1213 3110 Rug.
1232 3037 1309 3092 xiii:

272 3144 381 3209 etpost
405 3141 494 3210 iguem
517 3142 612 3194 sibilus
638 3154 719 3194 aurae
743 3143 843 3207 tenuis,
870 3147 897 3196 et
919 3137 955 3193 ibi
980 3139 1107 3192 dominus.
1144 3139 1243 3200 Quarto
1262 3156 1309 3192 ue-

271 3241 404 3293 cessarius
431 3239 523 3295 estad
543 3239 733 3310 respirandum.
768 3240 844 3295 Adeo
862 3240 961 3310 quiippe
980 3237 1056 3292 battus
1074 3239 1242 3292 necessarius
1260 3245 1309 3302 est,

271 3337 381 3411 quodsi
399 3339 434 3394 ad
452 3339 543 3394 boram
562 3341 775 3406 subtraheretur,
794 3340 871 3394 homo
891 3341 1014 3392 ouutiuuo
1033 3343 1186 3391 orurrereiur.
1220 3335 1267 3391 Sie
1284 3345 1310 3393 et
1393 3413 1395 3416 Ι

271 3440 304 3494 de
324 3441 419 3510 spiritu
443 3446 534 3493 saneto
552 3439 755 3512 intelligentium
774 3446 823 3493 est.
860 3436 932 3493 Unde
950 3439 1082 3512 psuimus:
1102 3436 1208 3492 auferes
1230 3439 1308 3506 spiri-

270 3547 322 3595 tuur
347 3556 436 3595 euruur
462 3549 488 3594 et
512 3538 635 3594 deiciunt
659 3547 686 3595 et
704 3542 729 3594 iu
750 3538 882 3609 pulverem
908 3555 982 3592 suum
1005 3543 1177 3591 revertentur.
1211 3535 1309 3594 Emitte

268 3643 388 3714 spiritum
412 3646 481 3694 tuum
507 3647 533 3694 et
555 3639 713 3694 creabuntur
737 3648 763 3695 et
781 3637 922 3694 renovabis
942 3635 1035 3692 iscium
1054 3642 1142 3691 terrae
1161 3641 1210 3690 etc.
1245 3635 1309 3690 item

268 3741 328 3799 toi.
348 3737 395 3797 Vl:
423 3741 532 3811 spiritus
559 3745 615 3806 est,
642 3741 685 3810 qui
713 3738 825 3792 riribrat
854 3744 904 3792 etc.
940 3736 1039 3800 Quarto
1065 3737 1173 3806 spiritus
1199 3743 1309 3791 sanetus

269 3833 428 3898 morostratus
447 3846 488 3895 est
508 3841 533 3893 iu
548 3842 638 3908 specie
657 3841 736 3912 iguis.
771 3839 868 3902 Quinto
890 3836 916 3892 iu
941 3838 1031 3907 speeie
1049 3835 1157 3907 liuguae
1182 3837 1307 3906 ¹)seruu-

269 3943 327 3999 dum
346 3941 426 3996 iiiut:
452 3945 630 4010 apparuerunt
648 3939 702 3993 iltis
722 3939 878 4009 dispartitae
900 3939 1007 4009 liuguae
1022 3941 1153 4004 ianuarium
1173 3936 1243 4006 iguis
1263 3952 1306 3989 se·

269 4045 308 4100 siit
326 4058 407 4114 supra
425 4041 545 4112 siuguiou
564 4056 653 4093 eorrrur
672 4048 720 4095 ete.
757 4039 843 4102 Quare
864 4047 949 4092 auteur
968 4037 995 4090 iu
1014 4035 1065 4090 boo
1082 4035 1124 4088 die
1137 4035 1235 4104 duplici
1246 4051 1308 4105 spe·

268 4148 309 4200 eie
338 4145 474 4214 apparuit,
501 4139 604 4196 dicetur
621 4139 699 4194 iufra.
735 4137 813 4193 Cir-oa
839 4139 959 4204 tertium,
987 4135 1090 4191 seilicet
1114 4151 1165 4206 quo
1191 4141 1308 4205 tempore

269 4245 365 4298 missus
383 4249 438 4311 est,
457 4241 612 4307 notandum,
632 4241 701 4312 quod
714 4241 808 4294 missus
827 4245 868 4295 est
880 4237 1098 4311 quiuquagesimo
1114 4235 1184 4290 diea
1200 4233 1307 4306 paseha.

275 4379 673 4394 m

319 4465 342 4518 t)
354 4464 427 4508 Verbo
442 4463 556 4517 semirutis
571 4461 729 4508 seerruduru
743 4482 766 4495 -
780 4467 833 4506 etc.
848 4457 938 4505 omittit.
954 4456 993 4506 ed,
1006 4463 1040 4504 t'r.
