2984 5316
281 449 354 530 Cap.
377 449 478 510 XCVI.
519 449 562 510 De
591 462 689 528 saneta
708 450 802 510 Mesia
823 453 1007 532 Magdalena.
1100 452 1160 516 tlt

122 609 214 682 aliquo
231 610 326 665 itinere
346 609 501 682 tupettren
527 624 618 666 natan
641 611 723 686 igitur
740 609 860 668 omnibus
878 613 1037 672 noeeasaells
1055 615 1165 684 oopiose

47 709 50 716 '
124 718 266 767 onerantes
285 715 406 778 opetona,
424 711 493 782 qnae
511 707 661 778 habebant,
681 712 710 765 lu
728 709 830 769 Marius
847 709 1026 786 Magdalonuu
1042 714 1166 770 eustolia
1231 763 1232 768 ,
1321 701 1323 704 ’

116 810 304 890 'relinquentes
327 807 457 880 pnoioiscl
483 819 628 884 coeperunt
646 812 754 885 Jamque
773 813 850 869 onius
867 812 922 868 diei
940 819 967 870 ot
982 814 1068 870 noetis
1085 829 1164 871 sunu

126 916 304 966 oonsnuotato
321 911 412 986 eoepit
428 912 533 966 nimium
553 925 624 967 utare
642 913 832 980 intumescere,
860 921 952 970 tentus
976 914 1058 982 lare,
1082 915 1122 970 tto
1138 921 1166 969 ot

125 1025 216 1067 onnes
235 1019 262 1067 et
278 1013 389 1068 maxime
407 1019 526 1066 matrona
542 1011 657 1086 gravida
674 1018 701 1068 et
719 1012 815 1072 debilis
833 1022 885 1069 tatu
901 1027 984 1072 saeua
995 1013 1167 1071 inundatione

126 1112 248 1168 linotuutn
265 1112 386 1184 quassati
401 1113 568 1185 gratissimis
587 1115 719 1187 angustiis
739 1119 905 1188 negarentur,
927 1115 953 1170 ln
970 1121 1078 1180 tantum,
1096 1111 1167 1186 quod

127 1213 152 1267 ln
164 1227 221 1268 eatn
233 1213 322 1268 subito
336 1210 413 1268 dulor
425 1219 517 1286 pertus
535 1214 612 1268 irruit
629 1219 656 1270 et
673 1217 742 1272 inter
758 1217 897 1290 angustias
908 1215 1008 1270 tentala
1022 1220 1049 1271 et
1058 1228 1167 1286 presso-

126 1327 171 1368 ras
197 1317 324 1385 tenpeeis
354 1313 434 1368 iliuta
462 1315 613 1387 parturiens
638 1317 793 1387 exspiravit.
828 1313 912 1371 Natus
936 1315 1019 1388 igitur
1041 1311 1167 1385 puerulus

126 1413 276 1486 palpitabat
298 1421 326 1472 et
349 1413 546 1472 mammillarum
570 1423 750 1497 ostentarunt.
766 1429 898 1487 quarens
919 1415 1018 1470 solatia
1040 1413 1168 1470 lassentu-

127 1513 195 1570 illes
213 1513 294 1574 tiabat
312 1519 426 1589 vagitus.
461 1513 532 1574 Proh
552 1516 642 1575 dolor!
670 1521 790 1574 etunius
810 1523 851 1574 est
867 1514 955 1572 inians
976 1515 1052 1572 uitas
1069 1520 1097 1570 et
1114 1529 1169 1568 usa·

127 1614 366 1684 tristissimus,
387 1618 454 1672 nori
473 1631 530 1674 eoin
550 1618 686 1686 eosvenit,
704 1629 762 1672 ouon
779 1631 832 1690 non
850 1617 896 1684 sit,
915 1619 960 1688 qul
981 1615 1052 1673 uitae
1069 1611 1171 1670 tribuat

128 1716 287 1776 alimentum.
324 1715 393 1782 Quid
417 1717 500 1774 laoiet
516 1717 691 1792 Peregrinus,
716 1724 744 1774 et
766 1733 823 1774 cuin
846 1731 954 1772 uxorein
978 1719 1105 1798 murinum
1131 1714 1169 1770 ti·

129 1816 190 1872 dest
209 1825 236 1872 et
252 1833 362 1888 puerum
381 1819 528 1890 lugientem
548 1797 665 1889 querulis
684 1817 793 1874 tuellas
814 1819 909 1894 *nstris
934 1829 1069 1872 namnam
1087 1829 1170 1886 uppe-

127 1919 247 1974 tentoni
278 1915 488 1974 Lamentnbaton
504 1917 642 1990 pistrinum
660 1925 687 1976 el
705 1903 825 1976 dicebat:
850 1916 902 1974 ineu
920 1919 1016 1985 miser,
1041 1913 1104 1988 quid
1128 1911 1171 1969 ia-

128 2015 206 2074 oles?
237 2018 317 2074 ilion
339 2015 441 2075 hahere
463 2017 640 2089 desiderasti,
671 2025 699 2077 et
723 2026 831 2076 matteas
855 2034 913 2074 cunt
943 2016 998 2074 lilio
1020 2014 1172 2089 perdidisti.

129 2117 232 2175 Nautes
249 2119 431 2192 acclamabant
447 2119 583 2178 dieentes:
600 2121 758 2194 projiciatur
776 2119 801 2173 in
819 2134 892 2176 unare
908 2117 959 2174 hoe
973 2132 1079 2190 conpos,
1096 2121 1171 2171 ante-

130 2233 208 2292 quam
236 2219 341 2278 insimul
369 2237 523 2298 pereamus,
553 2219 678 2296 quandin
715 2221 784 2276 euius
815 2217 951 2276 nobiseum
981 2215 1075 2286 luerit,
1106 2213 1173 2271 leaeo

130 2322 268 2391 possmio
285 2337 338 2379 non
357 2321 485 2392 cessabit.
518 2321 552 2380 Et
568 2338 627 2380 enen
650 2338 749 2394 eorpus
771 2315 1028 2394 apprehendissent,
1055 2322 1084 2372 ut
1107 2313 1172 2372 illud

130 2421 157 2474 ln
180 2435 252 2478 utare
270 2425 420 2496 Jastareut:
442 2427 563 2497 poenite,
587 2426 671 2498 lnquit
688 2421 862 2498 Peregrinus.
889 2419 1006 2491 poscite,
1030 2422 1057 2475 et
1074 2417 1099 2472 sl
1126 2433 1174 2474 neo

130 2517 193 2576 uuili
212 2535 261 2582 nee
276 2525 358 2581 metui
373 2540 484 2598 pareone
502 2525 657 2594 nolueritis,
682 2525 859 2582 misereamini
883 2519 977 2578 saltent
1001 2515 1105 2591 pertuli
1128 2531 1176 2574 ta·

130 2621 239 2694 gisoiis,
258 2624 338 2681 stulte
354 2622 484 2682 notionis
502 2635 529 2684 et
545 2630 692 2696 sustinete,
710 2628 735 2682 si
753 2623 823 2682 lorte
840 2623 935 2698 nullae
952 2633 1017 2696 prae
1034 2619 1130 2677 dolote
1147 2619 1173 2676 ln

130 2724 233 2780 eustasi
251 2727 340 2796 posits
356 2724 441 2784 altus
458 2727 548 2786 taient
570 2729 715 2801 respiraro.
749 2723 784 2782 Et
806 2741 871 2782 ooee
886 2741 940 2782 aon
960 2719 1052 2798 procul
1072 2735 1090 2780 a
1109 2720 1174 2780 suari

131 2820 239 2895 quidm
261 2806 339 2882 sollis
361 2829 502 2900 apparuit,
525 2845 578 2901 quo
604 2832 661 2884 tiso
686 2827 778 2886 utilius
805 2841 868 2884 esse
892 2821 1004 2882 eredidit
1027 2833 1123 2898 oon-pos
1148 2830 1177 2880 et

131 2925 267 2995 pustulata
284 2925 352 2984 llloo
370 2925 485 2996 deferet,
507 2945 585 3003 qoaut
608 2932 718 2986 mannis
740 2928 837 2986 loellstls
862 2928 900 2984 ad
919 2922 1097 2984 deuorandum
1117 2923 1175 2980 duel

132 3029 159 3080 et
187 3025 260 3096 'leis
285 3042 305 3086 a
329 3031 418 3086 nuutis
441 3041 520 3102 prees
544 3035 572 3086 et
599 3031 686 3104 pretio
710 3029 839 3095 extorsit,
868 3036 898 3085 ut
920 3024 976 3084 lilio
1003 3027 1177 3100 applicarent,

130 3141 240 3199 cunque
259 3125 315 3186 illio
331 3145 400 3202 prae
414 3129 513 3188 durtnn
529 3129 634 3188 lovetot
651 3146 705 3187 uon
723 3133 856 3205 potuisset
873 3127 1009 3199 elindeo-e,
1036 3130 1061 3182 ln
1087 3141 1174 3184 seore-

130 3225 193 3282 tionl
211 3236 288 3300 parte
308 3227 385 3287 collis
402 3229 540 3304 oilsnpde
559 3235 701 3306 supposita
716 3243 813 3304 eorpus
831 3229 972 3287 eolloesult
997 3237 1025 3288 at
1042 3227 1176 3302 puerulum

132 3331 249 3385 numnis
267 3331 325 3402 ulos
342 3346 481 3404 apponens
499 3349 557 3390 eun
574 3331 696 3406 laorpsuis
715 3335 768 3390 ali:
797 3329 921 3390 eMarla
937 3325 1115 3406 Magdulena‚
1144 3327 1179 3384 ad

132 3428 290 3501 perditionis
307 3446 383 3490 aseae
402 3433 531 3491 mutiunt
553 3432 725 3506 *illasstttse
742 3432 863 3507 partibus
882 3431 1052 3505 applicuisti:
1069 3443 1117 3485 eus
1136 3429 1177 3484 in·

133 3527 198 3586 teliu
216 3531 396 3590 admonitione
415 3539 461 3590 tos
477 3531 529 3592 loo
545 3537 596 3592 iter
618 3535 743 3608 arripui?
766 3536 893 3606 petistine
916 3531 1016 3601 Deum,
1041 3537 1069 3587 at
1086 3531 1180 3587 mulier

132 3643 193 3689 tuos
215 3631 265 3690 luas
291 3629 325 3691 tle
348 3647 431 3690 saue
455 3631 609 3708 sonelpeeet
635 3642 662 3692 et
678 3637 802 3707 periret?
835 3633 906 3694 liene
924 3636 993 3692 enim
1010 3632 1132 3705 oenoepit
1151 3637 1179 3687 et

132 3733 262 3805 pariendo
287 3743 397 3790 nonem
421 3735 518 3804 subiit,
548 3743 745 3810 susceptusque
763 3743 805 3794 eat
822 3744 917 3802 naus,
942 3742 973 3792 ut
989 3741 1097 3808 penest,
1121 3747 1180 3788 eon

133 3849 186 3894 uua
204 3836 258 3904 sit.
283 3837 330 3908 pul
350 3837 476 3894 enutriat.
510 3833 596 3907 Boeo,
619 3836 693 3911 qood
718 3833 798 3910 pne'oe
821 3841 869 3893 toa
891 3833 1012 3904 obtinui,
1036 3835 1087 3890 tibi
1110 3833 1179 3890 enlm

104 3992 107 4001 ,
134 3937 223 3992 onnia
238 3947 299 3994 nea
315 3935 494 3995 oonneudatl
508 3933 618 4011 [leoque
637 3945 683 3995 tno
701 3936 870 4005 uonnendo;
893 3928 1035 4010 al'potens
1052 3949 1100 4004 es,
1122 3949 1176 3990 une-

134 4051 192 4092 suor
207 4038 247 4092 sle
263 4038 368 4094 animae
384 4040 493 4106 neuls,
518 4044 546 4094 et
564 4053 644 4111 prese
665 4045 712 4096 tua
729 4041 904 4106 misereatur,
928 4019 969 4095 ne
981 4043 1074 4109 petant
1090 4041 1178 4092 nauus.

126 4135 212 4195 ‘Touo
233 4135 368 4212 ottsnyte
393 4153 443 4194 suu
466 4153 565 4210 eorpus
590 4155 647 4198 sous
674 4157 757 4212 puero
781 4141 986 4212 damnosaque
1015 4139 1119 4209 operuit
1152 4141 1180 4192 et

134 4238 299 4312 postmodun
317 4253 409 4298 ntem
428 4239 590 4298 messeniis
624 4241 740 4315 cunque
757 4238 792 4298 ad
811 4235 917 4298 Petraeo
933 4237 1068 4307 uenisset,
1085 4234 1180 4295 Petnts

185 4393 488 4453 insimulantium
507 4391 614 4438 nentis.
639 4391 707 4437 liele.
785 4391 809 4444 Ἄ)
827 4389 868 4433 td.
886 4387 1001 4444 relegite
1021 4385 1180 4433 nussttin

135 4458 327 4520 applienisti.
347 4461 393 4507 stit
405 4459 495 4506 addunt
507 4469 561 4508 ente
574 4475 653 4508 nesse
666 4461 738 4506 verba
751 4467 780 4504 et
793 4457 937 4504 miseriae.
