2828 5302
145 487 221 566 Cup.
243 485 358 546 xxvtt.
403 485 446 544 De
468 497 567 544 nuncto
592 485 723 544 iohanne
746 482 983 544 Eleemosiourio.
1038 481 1092 543 131

60 655 137 715 turs,
176 647 245 719 quod
269 649 380 702 trecenti
407 645 502 701 (lomim
522 647 563 700 soi
582 643 614 699 de
633 649 707 699 tauto
728 645 813 714 pretio
830 645 960 714 cooperiri
980 651 1095 714 possent.

60 745 132 802 Tute
148 749 257 818 insuper
274 750 350 802 noete
367 743 560 801 lomentuiotur
572 742 726 800 etelieelmt:
745 745 834 814 quenti
846 743 986 809 ineeemtt,
1003 745 1092 813 quenti

61 849 87 900 in
110 845 169 900 toro
188 845 284 916 pieriis
302 844 457 912 meletaco,
491 845 580 916 quenti
600 857 664 915 pree
689 843 789 915 frigore
812 841 932 897 lentium
955 841 1095 898 stridentes

61 944 141 1000 indie
160 945 338 1009 dormierunt,
364 953 392 1000 tu
418 961 479 1002 uero
503 944 620 1017 grandes
636 927 723 1015 pisces
742 943 872 998 levorem
891 948 918 998 et
935 944 961 998 iu
982 942 1095 998 tirolsmo

62 1048 230 1115 requiescens
251 1061 306 1100 eune
325 1045 443 1100 ournilms
461 1045 537 1100 melis
562 1045 614 1098 tots
632 1045 740 1113 insuper
757 1049 783 1098 te
802 1046 969 1115 coopertorio
987 1045 1095 1116 triginta

61 1161 110 1200 sex
126 1147 307 1200 numismatum
325 1144 466 1212 calefacis,
492 1143 595 1199 irumilis
611 1140 745 1200 Johumms
764 1142 818 1198 ulio
837 1145 893 1199 vitm
911 1144 961 1199 lroe
979 1162 1030 1200 nou
1049 1161 1093 1203 ve·

60 1247 165 1300 otietur.
200 1244 345 1317 Statimque
369 1242 438 1301 sueto
455 1259 529 1300 mene
547 1241 611 1298 iilud
631 1242 706 1298 rentii
726 1243 786 1299 leeit
800 1249 826 1298 et
843 1247 953 1314 pretium
973 1250 1096 1322 pauperi-

62 1343 112 1398 lrus
131 1347 269 1416 erogarit,
300 1344 368 1417 quod
390 1344 498 1400 audieus
517 1344 561 1399 ille
579 1344 653 1398 ‹lires
671 1345 755 1414 ipsum
773 1347 964 1415 coopertorium
982 1347 1096 1403 semotio

62 1447 169 1502 enitet
188 1444 267 1500 beato
285 1443 398 1500 leinrmi
417 1443 540 1508 tradidit,
574 1459 688 1517 rogans,
724 1448 752 1496 ut
769 1445 852 1514 ipsum
870 1444 903 1500 rte
920 1452 1026 1502 euetero
1045 1462 1097 1502 nen

64 1543 205 1610 venderet,
241 1545 288 1601 seul
305 1560 386 1616 super
402 1545 486 1616 ipsun
505 1550 614 1601 teneret.
660 1542 696 1599 m
718 1543 764 1598 ille
780 1543 850 1599 istud
869 1547 1001 1615 resipiens
1015 1547 1096 1618 jussit

62 1646 157 1700 iterum
175 1644 252 1701 renti
269 1651 296 1702 et
314 1644 426 1700 dominis
444 1646 500 1699 suis
519 1645 627 1715 pretium
647 1643 762 1715 erogari.
798 1640 873 1707 Queri
891 1644 937 1701 ille
956 1644 1031 1702 lires
1049 1662 1097 1704 ou-

63 1744 139 1800 rllens
157 1746 249 1800 lterum
267 1745 333 1800 obiit
350 1751 378 1802 et
394 1747 478 1816 ipsum
502 1742 612 1799 retente
637 1747 663 1798 et
680 1740 758 1797 iente
777 1741 891 1799 loinuui
908 1745 1000 1801 detulit
1020 1750 1098 1820 eique

62 1843 273 1917 grstulslmutus
292 1843 371 1900 tliuit:
400 1843 559 1910 ridebimus,
577 1843 635 1913 quis
655 1839 773 1910 deliciet,
792 1849 837 1897 eut
855 1850 882 1897 tu
902 1845 1036 1901 verrelermlo
1054 1858 1098 1904 eut

63 1959 116 2016 rgo
135 1943 294 2001 redimente.
331 1942 362 1998 Et
383 1946 422 1998 sie
446 1945 563 1999 suaviter
580 1943 657 2014 qussi
675 1940 779 1996 tliritem
798 1943 975 1998 viridenrieirut
996 1946 1096 2012 eliseus,

64 2043 133 2114 quoti
158 2047 244 2115 possit
267 2045 363 2116 ellqme
385 2046 528 2099 intentione
552 2043 666 2098 donmrli
692 2041 851 2112 pauperibus
884 2043 978 2099 diriter
1011 2046 1099 2102 taliter

64 2143 231 2214 exspoliem,
252 2159 299 2202 mee
316 2151 416 2214 preest.
452 2142 508 2199 Duo
527 2146 594 2200 enirn
612 2144 729 2198 lucratur
748 2142 824 2210 tulis,
849 2159 939 2212 unum,
961 2147 1023 2216 quis
1041 2149 1099 2200 rni-

64 2256 121 2296 nrs
139 2241 243 2298 illerum
260 2243 363 2310 sulum,
400 2243 510 2300 alterum
528 2245 648 2314 queniam
667 2257 700 2296 ex
719 2241 767 2296 ion
786 2243 928 2300 mererium
948 2219 1000 2300 neu
1017 2245 1097 2300 morli·

64 2355 121 2398 estu
141 2345 261 2413 rretptet.
286 2373 317 2384 -
341 2373 375 2386 -
406 2348 442 2404 tt.
462 2343 560 2398 l'eleus
578 2342 672 2399 beatus
688 2339 823 2398 lohannes
842 2342 958 2399 hominos
976 2345 1010 2399 nul
1029 2344 1098 2401 elee-

64 2443 190 2496 mosinsm
210 2457 354 2514 proroeure
373 2457 481 2498 norsum
498 2445 633 2498 cousuevit
650 2440 683 2497 sle
701 2448 791 2496 saneto
811 2442 966 2514 Serapione,
986 2447 1031 2517 qui
1043 2459 1099 2500 eunt

65 2543 186 2597 metues
205 2559 278 2599 uuum
297 2545 407 2615 pauperi
424 2543 562 2598 tribuisset
579 2548 605 2598 et
622 2543 699 2598 alteri
716 2538 842 2608 obvians,
879 2545 923 2613 qui
947 2542 1032 2617 trigue
1051 2561 1098 2617 pu-

65 2639 190 2708 lleinius,
207 2645 318 2698 tunicum
335 2643 457 2699 similitor
473 2643 609 2698 tribuisset
627 2647 652 2696 et
669 2627 834 2714 evangelium
851 2649 942 2697 tenens
960 2645 1044 2699 nudus
1057 2661 1099 2700 se-

66 2738 156 2808 deret,
180 2742 355 2816 inormgsrlr
371 2759 429 2799 eum
447 2742 551 2816 quitum
570 2741 673 2797 dieenm
709 2739 780 2796 uiris
797 2744 856 2813 quie
877 2737 902 2798 te
919 2744 1099 2814 exspolierit?
1154 2785 1156 2791 ι

67 2838 99 2894 lit
116 2838 298 2898 demonstrem
315 2845 479 2916 euangelium
496 2843 579 2911 ipsum
598 2839 678 2895 dixit:
701 2839 745 2896 ilie
762 2856 802 2898 me
815 2843 988 2912 >exspolierit
1025 2845 1101 2902 tilius
1126 2899 1128 2902 .

66 2947 153 2995 sutem
169 2941 247 2996 ullum
266 2957 405 3015 pauperem
424 2941 530 3008 sitiens,
567 2939 731 3013 evangelium
753 2943 837 3016 ipsunt
856 2941 973 2997 vendidit
990 2951 1015 2996 et
1034 2958 1098 3014 puu-

67 3041 125 3110 peri
144 3043 252 3112 pretium
272 3042 353 3098 ledit.
389 3040 439 3106 Qui
458 3056 514 3096 cunr
531 3042 754 3112 interrogaretur,
774 3038 819 3094 nini
835 3043 920 3111 ipsum
934 3045 1098 3115 euangelium

68 3137 193 3207 haberet,
228 3141 378 3213 respoudit:
415 3141 579 3213 euangelium
598 3139 727 3211 praeripit
745 3138 847 3196 disens:
886 3140 1099 3216 ementiendo

68 3241 171 3306 nuruis,
196 3255 264 3311 que
283 3240 381 3306 inies,
407 3247 433 3297 et
451 3240 486 3296 ie
503 3237 676 3311 paupertim
696 3253 725 3293 se
742 3239 826 3309 ipsmn
844 3255 909 3315 ergo
929 3239 1056 3296 ieiebrtm
1074 3252 1100 3296 et

66 3354 98 3394 se
118 3341 203 3410 ipsun
218 3339 344 3407 rendili‚'
364 3347 392 3396 nt
410 3339 558 3396 nandeisi.
576 3369 610 3382 -
626 3369 660 3381 -
678 3342 737 3396 ro.
759 3335 821 3393 cun
842 3339 943 3394 ruitum
962 3340 1099 3396 mormori-

66 3453 127 3492 nunr
149 3442 247 3509 petenti
263 3439 319 3494 tori
332 3441 511 3511 praecepisset
528 3438 621 3495 boetus
639 3438 771 3495 loiuurues
790 3439 904 3509 qumque
912 3455 1039 3508 uitmmes,
1059 3443 1099 3495 in-

66 3538 193 3611 digestus
209 3539 264 3606 iile,
283 3538 352 3610 qnnl
372 3541 496 3611 majorem
513 3539 564 3595 sliri
582 3538 764 3595 eleemosinam
783 3537 959 3604 uenientum,
976 3542 1098 3602 contnuo

65 3638 101 3692 ae
120 3638 290 3694 eontnneiles
313 3640 398 3711 ipsius
420 3617 541 3716 prorupit
566 3653 597 3693 ue
614 3639 641 3692 in
659 3639 717 3709 ejus
734 3619 833 3691 ieeierr
846 3619 987 3694 eenrieisri
1003 3641 1099 3711 eoepit.

67 3737 145 3804 tirell
162 3740 219 3810 ejus
239 3737 328 3794 tumuli
350 3717 487 3800 eumentes
511 3741 588 3794 etiem
616 3753 672 3793 eum
699 3736 836 3792 uoluerunt
853 3739 953 3793 irruere
972 3745 999 3794 et
1015 3741 1099 3810 ipsum

66 3839 187 3910 grauiter
204 3836 330 3904 eredere,
370 3853 436 3910 quos
455 3838 547 3896 bertus
565 3836 699 3895 Jelmroee
719 3838 822 3892 omniuo
842 3835 976 3907 prohibuit
993 3838 1099 3894 lineus:

66 3939 162 4005 sinite,
190 3938 301 4005 tratres,
332 3940 409 3993 sinite
430 3944 458 3992 ut
474 3935 536 3992 milri
554 3936 701 3994 nutrirent,
746 3935 814 3992 Eece
831 3938 898 3991 euirr
918 3935 1002 3991 iuiree
1021 3953 1099 3993 sere·

66 4041 143 4110 ginta
164 4053 248 4093 unees
272 4035 457 4110 blasphemum
482 4052 530 4108 per
547 4052 629 4109 opere
646 4053 704 4092 meu
723 4035 853 4092 Christum
871 4041 897 4090 et
916 4051 991 4090 unum
1009 4041 1097 4092 eenri-

65 4140 134 4192 eierr
154 4152 205 4212 uon
223 4136 336 4208 portabo
354 4138 389 4192 eir
406 4139 479 4192 istut
494 4138 626 4208 jussitque
646 4135 775 4192 sseoulunn
793 4135 882 4191 eterni
898 4142 925 4190 et
941 4138 1097 4207 eorumipue

65 4239 182 4310 epponi,
205 4244 233 4292 ut
249 4237 310 4294 inde
328 4236 448 4304 tolleret,
465 4243 587 4310 quartum
606 4236 694 4303 uellet.
711 4265 746 4280 -··
760 4265 795 4278 ·-·
812 4265 846 4276 -
863 4241 913 4295 11.
934 4235 995 4291 Com
1014 4251 1098 4306 popu-

65 4337 108 4392 lus
127 4337 195 4392 lueto
213 4335 353 4410 evangelio
371 4336 508 4392 seelestam
526 4339 626 4404 exiret,
663 4336 772 4393 ettonis
791 4337 884 4391 otiosis
910 4335 996 4391 verinis
1022 4349 1099 4390 vueo-

68 4445 126 4512 ret,
157 4437 269 4508 predum
288 4438 344 4493 rire
370 4444 430 4507 post
456 4437 619 4511 evangelium
643 4435 794 4508 petriumlrs
816 4449 871 4492 oum
898 4437 931 4491 iis
949 4437 1013 4492 exiit
1031 4441 1057 4491 et
1074 4438 1099 4489 in

852 4536 870 4588 9
878 4536 891 4563 ἱ
