2866 5310
254 483 329 562 Cep.
352 480 495 542 ccxxii.
537 480 581 542 De
607 487 707 540 sancta
729 479 894 540 catherina.
1027 479 1088 544 itin

54 643 125 717 quod
153 647 303 700 cunctorum
334 638 460 698 debilium
487 640 714 702 membraneum.
751 639 837 698 Paros
859 648 901 699 cst
928 649 1015 701 uniens
1040 646 1089 702 suh
1165 623 1168 628 ¹

53 741 189 802 Maxentio
215 748 272 800 sire
289 742 433 801 Maximino
457 749 582 814 tyranno,
606 745 651 815 qui
677 745 764 814 coepit
789 745 861 798 circa
881 759 965 800 annos
992 745 1089 804 donini

55 842 153 901 cccii.
190 844 309 909 Qualiter
332 849 417 900 sutem
445 841 597 900 Maxentius
621 859 670 914 pro
688 842 739 900 hoc
757 843 858 900 sociem
876 850 904 901 ct
920 845 997 914 aliis,
1022 861 1090 919 qsne

56 948 201 1014 commisit,
219 947 326 1016 punitus
347 942 442 1010 luerit,
463 945 489 998 hs
508 942 627 1014 hystoria
645 941 679 998 de
698 946 850 1000 inventione
865 948 951 1002 crosis
967 946 1091 1004 hahetur.

56 1043 176 1112 Dicitur,
199 1044 270 1117 qood
294 1041 401 1117 quidam
426 1041 567 1098 monachus
585 1041 806 1117 Rcihoroagensis
829 1045 864 1100 ed
883 1053 992 1104 montem
1010 1047 1091 1122 Spnai

56 1148 175 1218 perrerit
187 1144 277 1218 ibique
289 1150 443 1217 perseptcsn
454 1158 536 1200 ornos
551 1146 576 1200 in
584 1145 694 1200 seruitio
708 1145 802 1200 Ιιιιιιιι
811 1137 970 1202 catherinae
981 1146 1091 1202 deuotus

56 1247 209 1318 permensit.
244 1244 325 1310 Quem
341 1258 397 1300 curn
411 1244 550 1299 iosisntius
565 1250 698 1312 exomni,
717 1250 745 1300 ut
762 1244 862 1318 sliquid
875 1244 908 1301 do
919 1261 1031 1318 contere
1043 1263 1092 1303 suo

58 1346 158 1403 hahere
175 1351 331 1412 merentur,
349 1342 437 1400 subito
456 1344 550 1416 irrupit
570 1341 637 1411 ¹)dr
657 1358 734 1400 mans
754 1345 826 1401 iliius
850 1361 918 1401 anus
943 1345 1093 1418 digitorum.

58 1443 109 1509 nor
129 1445 223 1501 doosm
243 1444 290 1501 lici
309 1444 396 1502 lsetns
415 1445 520 1516 occepit
540 1448 568 1498 et
581 1443 616 1497 sd
638 1457 711 1500 ιιιιιιι
731 1448 918 1502 monasterium
935 1446 1092 1517 deportarit.

57 1542 152 1601 Fertur
163 1560 277 1618 quoque,
289 1545 368 1618 quod,
384 1544 442 1601 duos
457 1543 561 1616 quidum
576 1543 669 1600 heatae
684 1543 840 1602 catherinae
855 1545 966 1602 deuotus
980 1549 1093 1604 exsiste·

58 1651 100 1700 ιιι
110 1651 139 1700 ei
150 1660 206 1701 usn
221 1645 314 1701 crebro
328 1647 354 1701 in
367 1647 409 1701 sui
420 1643 579 1715 sdjaiorlurn
588 1647 732 1712 inuocaret,
746 1662 793 1716 per
808 1661 959 1717 processuro
968 1649 1095 1719 temporis

59 1747 156 1802 snsutis
175 1747 277 1802 incuria
294 1745 428 1800 reuolutus
446 1751 472 1801 ei
489 1744 656 1801 devotionem
673 1749 767 1801 mentis
785 1745 899 1816 perdidit
917 1754 945 1804 ct
960 1746 994 1803 sh
1012 1751 1096 1818 ipsius

61 1847 229 1902 innotatione
241 1847 365 1901 cesserit.
401 1844 451 1909 Qui
463 1847 488 1899 in
503 1847 624 1902 oratione
637 1849 740 1917 positus
756 1845 821 1902 sidit
837 1846 1025 1905 multitudinem
1042 1852 1096 1910 sir·
1119 1833 1121 1840 ’

61 1947 152 2019 plnum
173 1950 234 2002 soie
250 1960 282 2002 se
298 1948 504 2012 ιιιιιιιιιιῑιιιι,
528 1947 599 2001 inter
622 1960 688 2018 quas
714 1962 766 2002 nna
789 1954 862 2014 erat,
893 1963 960 2020 oues
984 1953 1097 2007 coeteris

61 2045 227 2116 splendidior
242 2045 390 2102 ridrlsstur.
424 2045 498 2111 Quae
512 2060 568 2100 curu
583 2044 636 2100 sliri
652 2048 901 2120 appropinquent,
921 2047 1012 2106 iaciens
1024 2065 1098 2106 suam

6 2169 8 2172 ·
62 2148 166 2216 operuit
179 2152 206 2202 ot
218 2147 259 2201 sla
272 2153 332 2202 ante
345 2148 429 2218 ipsun
441 2144 510 2202 iocis
524 2146 610 2202 relato
622 2148 754 2206 transisit.
773 2148 855 2218 Cuius
867 2147 1032 2219 rpicnuioscuu
1041 2164 1096 2205 curu

22 2295 24 2298 .
62 2245 108 2302 iiis
125 2247 230 2300 mimium
249 2248 388 2302 miraretur
407 2251 447 2308 et,
474 2261 541 2317 quae
560 2253 650 2313 essct,
676 2247 869 2320 interrogaret,
894 2263 947 2304 uns
971 2264 1004 2306 ex
1021 2252 1055 2304 lis
1073 2252 1099 2305 ei

63 2345 218 2417 respoudit:
245 2344 311 2402 haec
329 2353 371 2402 est
391 2344 542 2415 Caihcrius,
561 2362 638 2420 quam
657 2347 719 2402 oiim
736 2363 900 2420 cognoscere
916 2350 1012 2406 soiitos
1029 2365 1099 2414 eres,

63 2455 132 2501 nuno
149 2451 250 2513 aulem,
270 2448 333 2518 quia
350 2462 408 2502 esur
425 2462 586 2520 cognoscere
604 2447 786 2516 considetis,
805 2463 891 2504 corum
909 2455 936 2506 te
953 2451 993 2506 sic
1011 2449 1100 2506 suisio

65 2544 136 2602 iscla
152 2553 283 2618 tamquam
303 2561 319 2602 s
337 2554 363 2603 te
381 2550 516 2620 incognite
533 2547 713 2620 pertransivit
747 2546 910 2616 Notandum,
934 2547 1006 2622 quod
1020 2550 1101 2608 hosts

66 2643 211 2702 liutherius
228 2647 355 2703 mirabilis
373 2653 486 2720 apparet
502 2651 529 2704 Ιιι
548 2647 583 2704 ll:
609 2649 693 2719 primo
716 2652 743 2706 in
765 2651 912 2721 sepientis,
938 2649 1055 2707 secundo
1072 2651 1100 2706 in

67 2744 235 2818 eloquentis,
268 2750 347 2804 tertio
380 2750 405 2804 io
434 2751 596 2814 constantis,
622 2756 719 2820 -quarto
747 2752 773 2806 in
804 2749 930 2804 munditia
959 2753 1100 2820 castitatis,

66 2848 156 2919 quinte
180 2849 207 2902 in
231 2848 372 2922 priuilegio
396 2849 542 2921 dignitatis.
577 2848 664 2905 l’risoo
688 2849 853 2906 admirabilis
877 2856 989 2922 apparet
1010 2853 1036 2906 iu
1054 2866 1100 2907 ss-

66 2949 181 3018 piootisr
202 2949 228 3002 in
246 2950 306 3020 ipss
323 2951 392 3005 enim
410 2949 459 3005 inii
477 2952 559 3005 omnis
577 2953 681 3022 species
699 2949 894 3022 philosophiae
928 2947 1101 3022 Philosophia

66 3050 135 3104 anim
159 3051 216 3106 sire
241 3051 375 3121 sapientis
393 3050 518 3106 diuiditur
535 3053 561 3105 in
579 3049 740 3119 thoosioeu,
763 3053 904 3122 practicam
928 3057 954 3109 ei
977 3050 1101 3125 logicam.

66 3147 199 3206 Thourios
212 3148 340 3206 diuiditur
351 3150 491 3206 secundum
505 3151 631 3224 quosdam
646 3152 671 3206 io
683 3156 739 3208 tres
753 3157 852 3224 partes,
870 3152 972 3209 scilicet
984 3153 1010 3207 io
1024 3152 1101 3209 intei-

67 3249 214 3318 iectuairss,
232 3251 376 3308 sstorulem
389 3257 417 3308 ei
427 3249 644 3311 mathematicam.
669 3249 767 3308 Habuit
777 3253 858 3325 igitur
869 3251 948 3309 hesta
960 3252 1104 3310 catherine

68 3350 222 3420 sapientiam
242 3350 445 3408 intellectualem
463 3354 489 3407 in
507 3355 658 3426 cognitione
678 3351 840 3421 citrinorum,
856 3368 909 3425 quo
925 3355 1036 3410 marimo
1053 3365 1104 3410 ssa

68 3455 112 3505 ιιι
134 3451 160 3505 in
183 3450 362 3522 disputatione
394 3458 486 3508 contra
517 3451 652 3520 rhetores,
683 3452 778 3524 quihus
805 3469 882 3508 onom
908 3455 995 3511 solues
1021 3451 1106 3510 Deum

69 3564 159 3606 ιιιιιι
176 3565 238 3606 csso
256 3549 380 3620 probarit
404 3556 430 3607 ei
448 3551 520 3608 Deos
536 3566 627 3610 omnes
647 3552 731 3608 istros
750 3569 810 3610 osse
827 3557 948 3611 conticit.
982 3554 1104 3610 Secundo

69 3650 215 3706 matusalem
241 3651 268 3706 in
291 3651 443 3724 cognitione
468 3654 579 3708 omnium
605 3652 773 3722 iniuriosum,
798 3668 850 3726 qua
869 3656 980 3711 marine
996 3669 1047 3711 ura
1063 3659 1104 3710 est

71 3753 97 3808 in
120 3751 301 3823 dispulsiiona
324 3758 418 3809 conire
443 3753 642 3826 impensiorem,
675 3757 743 3810 sicut
768 3760 843 3825 putet
864 3753 970 3812 ibidem.
1011 3753 1104 3811 Tertio

70 3851 277 3908 maihcmsticnun
296 3855 323 3908 in
342 3859 471 3910 contemtu
485 3859 647 3911 terrenorum
656 3873 663 3922 ;
683 3854 748 3910 hacc
762 3857 827 3911 enisu
842 3856 954 3912 scientis
965 3854 1106 3912 soeundsrs

69 3950 207 4008 Boethium
236 3953 388 4024 speculatus
415 3953 515 4012 iormns
549 3957 608 4011 sine
630 3957 741 4012 materis
762 3958 790 4011 in
812 3957 1000 4014 abstractione.
1034 3953 1106 4010 Hsnc

69 4055 149 4113 beata
159 4051 303 4110 catherina
314 4053 415 4122 hahuit,
433 4056 537 4127 quando
550 4059 661 4112 aninum
672 4072 746 4112 ιιιιιιιι
755 4055 789 4112 ab
798 4059 866 4112 omni
875 4055 1003 4112 materiali
1016 4070 1106 4111 sorore

70 4153 212 4214 ιιιιιιιιι.
246 4151 318 4211 iisnc
339 4157 407 4212 anius
430 4171 461 4212 se
490 4155 588 4214 hahere
610 4154 742 4224 ostendit,
769 4173 825 4214 cons
848 4157 1001 4229 imperatori
1023 4158 1105 4212 inter·

120 4343 143 4394 i)
158 4341 201 4388 rud.
213 4347 247 4390 i’r.
261 4340 344 4388 omittit
358 4341 561 4402 praepositionem,
578 4343 620 4389 ssd
638 4349 722 4389 recent.
740 4341 793 4387 libri
811 4355 853 4400 pro
865 4341 955 4388 serbisr
974 4353 1047 4386 unus
1060 4339 1107 4384 di·

70 4407 323 4538 ξῖιοιέιοιιὲἕίιῐῖιιιιιιέ
340 4425 415 4459 unus
428 4412 576 4459 articulus
590 4411 755 4466 disitornsn.
773 4415 828 4457 itero
839 4407 1106 4457 emutiittd.i⁸r.rcrbsr
