2984 5302
319 479 383 544 494
465 483 537 564 Cup.
560 481 678 546 extit.
721 484 765 544 De
786 447 886 545 nancto
907 483 1062 546 Laurentio
1084 485 1210 544 martire.

320 638 391 714 quod
418 639 548 710 ¹)Sablua
570 637 698 712 quaedam
720 640 928 697 sanctimonialis
951 640 1018 712 luit,
1042 655 1111 714 quae
1139 643 1227 698 oemio
1249 641 1356 716 quidem

317 741 503 796 continentiam
521 738 623 806 habuit,
641 739 690 795 red
706 739 814 814 linguae
831 743 1017 812 proeaettatem
1035 759 1087 798 non
1105 741 1257 798 deoiluuvit.
1283 741 1357 798 iiaeo

319 838 379 895 dum
401 841 428 895 in
450 839 565 897 eooiesia
588 842 673 896 naneti
694 839 830 896 Laurentii
850 839 945 896 luisset
962 842 1083 915 sepulto,
1102 847 1164 899 unte
1181 842 1267 900 altare
1284 856 1356 897 mar-

316 941 376 994 tiris
394 954 411 994 a
429 938 600 996 daemonibus
617 948 708 998 eeeata
726 956 790 1013 para
808 940 903 996 iiiaesa
923 948 1072 1012 permanet,
1098 941 1183 998 altera
1200 954 1354 998 noueremu-

315 1046 375 1106 tur,
392 1039 431 1095 ita
447 1046 477 1096 ut
493 1056 569 1096 mane
586 1038 727 1096 visibiliter
743 1039 848 1095 adustio
867 1048 1016 1112 appareret.
1035 1071 1070 1082 —
1085 1071 1121 1083 -
1140 1072 1170 1085 -
1193 1047 1228 1102 ti.
1247 1039 1352 1114 Grego-

315 1143 372 1196 riur
394 1155 499 1213 quoque
522 1139 687 1196 Turonensis
705 1141 756 1206 ait,
781 1119 852 1212 quod
875 1138 934 1195 dum
952 1139 1057 1214 quidun
1076 1141 1201 1198 sacerdon
1221 1138 1354 1213 quandam

315 1239 453 1298 eoeieuium
472 1241 556 1296 anueti
575 1240 712 1295 Laurentii
730 1245 869 1310 repararet
886 1239 1003 1296 eitraha
1022 1240 1150 1312 quaedam
1167 1242 1272 1296 nimiunn
1289 1238 1353 1296 bre-

316 1342 357 1398 uia
381 1345 468 1408 eruet,
492 1341 597 1414 rogavit
617 1337 722 1395 beatum
746 1340 933 1408 Laurentium,
957 1346 996 1408 ut,
1023 1343 1067 1413 qui
1085 1355 1217 1413 pauperes
1236 1339 1353 1407 lauerat,

314 1454 379 1496 uuae
403 1441 510 1510 inopiae
533 1437 694 1496 subveniret.
729 1438 802 1502 Quae
826 1438 914 1496 nubilo
937 1443 976 1496 uie
1000 1442 1134 1508 exerevit,
1164 1446 1193 1495 ut
1213 1453 1276 1511 paru
1300 1454 1355 1494 nou

314 1538 418 1594 nrodioa
441 1537 603 1606 abundaret,
634 1553 711 1611 quan
740 1545 842 1610 partem
872 1538 998 1596 sacerdon
1028 1540 1173 1595 minutatim
1203 1537 1296 1594 inuidit
1326 1546 1355 1595 et

315 1639 410 1694 multae
429 1639 491 1696 inde
509 1638 672 1694 tuirnttatoa
690 1639 810 1696 narrabat.
846 1636 917 1695 idem
933 1646 1046 1696 tenuatur
1067 1638 1162 1695 beatur
1182 1637 1351 1694 Fortunatus.

318 1737 424 1794 Factum
443 1745 484 1794 est
501 1746 586 1794 autam
609 1736 662 1793 hoo
685 1736 755 1809 apud
779 1738 886 1794 Priores
913 1746 1026 1795 euatrum
1049 1738 1183 1808 ituiiav).
1208 1769 1238 1782 ·-
1263 1768 1298 1782 —-
1317 1769 1352 1780 -

313 1843 348 1898 ⁴.
367 1837 477 1902 Quidam
497 1841 606 1910 iusuper
622 1837 755 1910 presbiter
772 1841 875 1894 nomina
893 1838 1043 1906 sanctulus,
1062 1845 1089 1894 ut
1111 1838 1193 1894 ralert
1203 1837 1351 1911 Gregorius

313 1940 341 1993 iu
359 1937 482 2011 dyalogo,
500 1941 585 1994 naneti
601 1937 739 1995 Laurentii
757 1937 894 1993 ecelesiam
913 1953 931 1993 a
948 1937 1135 2012 Longobardia
1155 1941 1287 1994 iomanem
1305 1952 1351 1993 re-

312 2051 409 2109 parare
435 2037 524 2092 roiano
548 2037 661 2094 artiiioea
684 2037 779 2092 multoe
802 2038 935 2094 conduxit.
971 2038 1088 2102 Quadam
1110 2044 1196 2095 autem
1214 2034 1259 2094 die
1278 2036 1350 2103 dum,

312 2138 382 2208 quod
401 2139 434 2192 iis
453 2142 607 2207 apponeret,
624 2153 676 2192 nou
696 2135 821 2205 haberet,
838 2140 985 2209 praemissa
1002 2141 1123 2194 oratioue
1142 2139 1168 2193 iu
1186 2137 1291 2194 olibano
1304 2155 1349 2194 ne-

312 2239 399 2308 apexit
414 2242 440 2292 et
451 2235 547 2292 ibidem
560 2235 772 2292 candidissimum
785 2251 877 2309 panem
890 2239 1004 2305 invenlt,
1030 2237 1078 2294 ned
1098 2252 1154 2292 eum
1170 2240 1214 2294 uix
1224 2237 1259 2293 ad
1271 2240 1350 2294 unius

310 2336 415 2408 prandii
430 2337 501 2392 eeur'u
520 2335 605 2392 tribue
623 2338 743 2408 personia
762 2335 886 2392 sullieero
900 2336 1042 2404 videratur,
1059 2336 1217 2394 Laurentiue
1231 2337 1349 2393 artiieee

311 2441 374 2493 duot
393 2436 485 2492 uolens
503 2435 615 2492 dulcem
632 2437 672 2492 sio
691 2435 850 2508 praediolum
876 2453 968 2508 pauem
987 2435 1155 2508 multiplicari
1178 2437 1253 2503 ieeit,
1276 2437 1347 2508 quod

310 2531 510 2592 iu'aiimeutum
534 2535 624 2592 decem
648 2535 749 2592 diorum
780 2538 911 2608 operariis
939 2540 1040 2592 eunetis
1064 2535 1176 2594 uuiieuit
1200 2563 1233 2576 -
1254 2565 1288 2579 -
1312 2566 1347 2576 -

308 2643 342 2698 5.
367 2635 396 2692 ln
414 2636 528 2693 eeclesia
550 2636 636 2690 naneti
658 2634 794 2691 Laurentii
817 2634 888 2706 apud
910 2635 1105 2702 Mediolanum,
1129 2643 1158 2690 ut
1180 2634 1263 2691 relert
1282 2633 1347 2690 Vin-

310 2740 412 2796 oeutiuu
431 2739 456 2791 in
475 2734 615 2802 chronioa,
640 2733 709 2790 uaiiu
735 2734 841 2807 quidam
859 2734 1026 2806 orpeteiilnue
1044 2737 1125 2790 mirae
1144 2733 1346 2806 puloirritudiuie

309 2837 465 2894 iubebatur.
501 2834 552 2900 Qui
574 2850 629 2891 curn
654 2836 681 2890 in
705 2833 817 2907 quadam
836 2834 1013 2892 sollemnitate
1032 2835 1067 2890 ad
1091 2835 1177 2890 altere
1194 2817 1345 2905 adyaeono

308 2944 475 3010 poneretur,
501 2935 609 3007 elapsus
632 2951 647 2991 e
667 2933 787 2991 manibus
810 2936 837 2991 ln
859 2942 954 2990 terrain
978 2935 1074 2992 cecidit
1090 2939 1117 2991 et
1134 2935 1220 2989 atatim
1238 2935 1345 2988 uomui-

308 3044 385 3094 uutue
404 3035 464 3097 luit.
497 3037 533 3093 At
550 3034 682 3108 dyaconus
702 3050 822 3091 moerens
840 3034 988 3108 lragureuta
1000 3034 1109 3107 eoilegit
1123 3041 1149 3089 et
1161 3049 1243 3104 nuper
1256 3031 1343 3088 aiture

308 3153 409 3210 pouenr
426 3136 530 3193 beatum
550 3135 720 3190 Laurentium
737 3138 859 3191 exoravit
875 3144 903 3190 et
920 3134 1029 3190 lraetum
1046 3133 1153 3189 eaiiueur
1171 3135 1300 3206 integrum
1316 3139 1344 3188 et

307 3237 446 3292 eoiidaturn
471 3238 579 3306 reoepit.
598 3265 632 3276 -
648 3264 682 3276 —
702 3263 731 3276 ·-
758 3241 795 3295 ti.
811 3235 924 3308 Legitur
947 3250 1051 3306 quoque
1073 3235 1100 3289 in
1122 3223 1192 3310 libro
1213 3229 1246 3287 de
1263 3233 1342 3286 arira·

308 3337 375 3393 ouiie
394 3335 489 3390 beatae
508 3336 629 3408 virginio,
651 3333 720 3406 quod
740 3332 844 3406 quidam
860 3332 945 3406 J'udex
957 3333 1106 3405 Stephanae
1124 3333 1226 3388 uomiue
1244 3329 1342 3387 Romae

308 3443 381 3500 erat,
408 3438 452 3506 qui
475 3449 583 3490 munera
604 3433 718 3490 libenter
741 3434 876 3503 arripiens
893 3435 1030 3512 multorum
1044 3431 1147 3504 judicia
1164 3429 1341 3502 pervertebat.

306 3535 353 3608 iiio
369 3541 424 3590 tren
442 3533 533 3588 domet
550 3533 680 3588 melariae
698 3533 784 3587 naneti
802 3533 938 3588 Laurentii
962 3539 989 3589 et
1013 3547 1090 3588 uuum
1113 3529 1214 3585 irortum
1232 3534 1342 3584 aureae

306 3636 419 3708 Agnetis
435 3634 564 3690 uiolenter
580 3629 689 3688 detulit
708 3640 735 3688 ot
752 3630 845 3687 ablata
857 3633 954 3702 injuste
967 3629 1095 3703 possedit.
1129 3626 1234 3684 Aoeidit
1244 3634 1341 3694 autem,

307 3742 336 3791 ut
354 3740 500 3790 moreretur
516 3739 541 3788 et
559 3739 620 3788 ante
638 3731 688 3788 Ilei
699 3732 826 3804 judicium
845 3730 993 3787 duoeretun.
1027 3728 1069 3785 iti
1092 3745 1166 3801 quem
1180 3727 1341 3783 Laurentina

306 3850 362 3890 oum
387 3836 466 3889 nimia
489 3831 671 3904 indignatione
694 3834 808 3887 aooeeuit
833 3837 860 3888 et
881 3831 965 3886 tribue
991 3827 1092 3885 rioiluma
1114 3827 1250 3884 luraeirium
1279 3827 1339 3898 ejue

305 3933 452 3990 diutissimo
476 3933 582 3987 strinxit
609 3937 636 3987 et
658 3929 750 3987 dolore
774 3933 854 3986 nimio
879 3932 1011 3986 eructarit.
1046 3927 1144 3984 Sauotu
1169 3942 1231 3983 nero
1248 3926 1341 3998 dgueo

305 4049 361 4090 eura
380 4034 493 4088 cantorie
511 4029 661 4104 virginibus
680 4046 736 4085 eunt
753 4028 845 4086 nidore
863 4029 953 4098 noluit,
972 4028 1021 4086 aed
1039 4027 1132 4083 leuium
1145 4041 1218 4082 unam
1233 4027 1340 4082 auertit.

305 4131 380 4189 'i'uuo
400 4131 483 4204 judex
507 4145 588 4202 nuper
611 4144 668 4185 eum
691 4133 846 4185 sententiam
872 4128 960 4186 loreno
989 4128 1070 4184 dixit:
1099 4128 1222 4201 quoniam
1253 4122 1342 4180 eiiena

305 4231 439 4288 aubiraxit
463 4237 489 4286 et
513 4244 620 4285 munera
644 4229 775 4300 accipient
796 4229 933 4285 veritatem
960 4225 1093 4290 uendidit,
1118 4226 1147 4281 lu
1171 4225 1230 4281 loeo
1254 4221 1341 4280 iudae

316 4331 710 4347 ...ψ-

356 4383 378 4434 il
391 4378 559 4426 naamanin.
583 4379 607 4432 ²)
620 4381 672 4422 neo.
685 4375 752 4420 edula
766 4373 988 4434 ponderatum,
1006 4373 1070 4418 dum
1088 4370 1339 4417 doloredoutiuttt

305 4443 854 4504 premeretur,uleiiioiinotenuitur
873 4441 1055 4500 etprotiuua
1075 4437 1301 4494 doioriuntur.
