2828 5302
357 482 430 560 Cep.
454 481 528 541 xxi.
571 479 614 538 De
636 489 734 539 sunnin
755 479 888 538 Antonio.
1080 477 1138 539 lot

101 641 174 700 iuius
191 647 252 696 suis
269 639 352 696 Densi
370 642 486 714 regerit,
504 645 532 694 ut
551 639 663 696 iuturunu
681 638 767 694 suetus
784 641 926 704 uverteret,
941 634 1139 695 iratribusveru

100 757 183 813 super
207 740 257 797 Ιιιι
278 758 336 798 euru
368 739 590 813 interrogantibus
612 755 668 795 euru
691 735 806 794 leerisuis
829 743 857 794 et
879 736 1037 810 singultibus
1063 736 1140 806 dixit,

105 840 176 915 qued
195 840 339 896 irssuditnvn
357 840 443 896 suetus
462 840 558 896 seevdis
575 842 728 895 inmineret.
762 835 839 906 titt,
864 839 961 910 inquit,
990 837 1075 895 uitare
1091 838 1140 896 Dei

105 939 305 997 suruititudiue
326 942 352 1011 ¹)
371 955 494 1012 equururu
512 938 712 1006 circumdatum,
743 940 788 1010 qui
804 937 919 994 mitibus
938 921 1025 994 sunnis
1043 937 1141 996 discer-

106 1039 218 1112 pebsnt:
247 1056 342 1114 uuegnu
361 1041 428 1096 enirn
445 1038 550 1095 turbine
569 1038 634 1094 ides
650 1037 781 1094 catholice
797 1035 964 1094 subvertetur
980 1044 1008 1094 et
1024 1037 1141 1098 hemines
1242 1050 1246 1057 '

103 1141 232 1214 intuentis
249 1140 348 1198 similes
366 1137 463 1196 Christi
481 1144 647 1196 suerunuentu
665 1138 804 1212 diripient,
824 1137 945 1210 [seuque
964 1144 1005 1194 eut
1023 1155 1075 1196 suu·
1094 1139 1142 1196 du-

109 1243 172 1296 rnini
189 1239 295 1298 disens:
319 1237 538 1296 eborninsisuutur
556 1232 641 1298 nitere
658 1255 750 1302 neuin.
790 1237 855 1296 Post
872 1238 938 1294 dues
955 1246 1042 1295 auteur
1060 1255 1143 1296 sunus

108 1339 305 1412 erumpentibus
322 1341 430 1397 Arisuis
448 1337 576 1395 seuiestue
593 1341 716 1396 unitatem
736 1337 883 1407 sciderunt,
919 1336 1101 1410 baptisterium
1117 1349 1145 1398 et

108 1439 236 1497 eudesius
262 1439 411 1511 polluerunt
435 1445 462 1495 et
486 1455 567 1511 super
593 1437 689 1494 ulteris
711 1437 868 1495 christianos
892 1437 926 1494 ud
952 1439 1036 1495 iustus
1058 1444 1143 1497 urium

109 1546 297 1598 astuterunt.
316 1571 350 1584 -
368 1571 401 1582 -
418 1571 451 1583 —
476 1544 512 1602 ti.
532 1537 589 1595 Dux
613 1537 717 1610 quidum
741 1539 887 1610 Aegyptius
910 1539 1024 1595 Asianus
1042 1541 1145 1598 nemine

110 1639 263 1696 Bsiiscisius
279 1655 335 1696 eune
355 1643 393 1696 ite
410 1638 546 1696 seelesiurn
564 1638 611 1694 liei
629 1637 768 1694 infestaret
784 1642 811 1694 et
828 1638 944 1710 virgines
963 1644 990 1694 et
1005 1639 1146 1697 nununiuus

110 1740 225 1796 nudatus
243 1739 346 1812 publice
365 1738 526 1807 verberaret,
546 1741 584 1794 sie
601 1741 625 1794 ei
644 1741 750 1811 scripsit
766 1738 910 1794 Antonius:
929 1735 1006 1793 siden
1023 1741 1087 1796 iren
1099 1739 1147 1798 liei

111 1848 237 1911 superte
256 1842 413 1897 venientem:
429 1841 486 1912 jusu
504 1837 594 1894 desine
612 1839 737 1910 persequi
756 1836 924 1906 christianus,
944 1853 976 1895 ue
993 1839 1035 1894 irs
1053 1839 1101 1898 Dei
1120 1847 1146 1898 te

112 1946 239 2011 ueeupet,
258 1941 302 2013 qui
319 1942 464 2012 prusinum
482 1939 531 1994 tibi
549 1940 661 1994 intuatur
679 1939 818 1994 interitum.
853 1937 947 1995 lnieiis
965 1937 1032 2012 legit
1048 1944 1147 2013 epistu-

112 2039 181 2109 isuu,
198 2041 281 2096 irrisit
299 2045 326 2095 et
342 2039 368 2094 iu
385 2054 443 2096 eunt
458 2041 486 2110 ²)
504 2052 645 2094 exsecrans
663 2036 696 2093 ud
716 2043 812 2094 terrem
829 2039 942 2110 projecit
956 2051 987 2094 se
1005 2042 1149 2111 pertituros

113 2137 271 2196 verberibus
294 2137 381 2194 inuitis
404 2137 522 2195 efficiens
547 2139 662 2196 Autnniu
687 2137 752 2194 tuiis
767 2136 943 2194 venundavit:
978 2139 1083 2211 quande
1102 2141 1149 2198 tiisi

114 2243 158 2294 est
174 2243 248 2295 tuuis
265 2253 330 2294 eure
348 2236 380 2294 de
398 2237 547 2307 munueiis,
582 2237 615 2294 sd
634 2243 660 2294 te
678 2253 782 2311 queque
806 2239 943 2309 perveniet
968 2241 1053 2296 nestri
1070 2237 1149 2297 disei-

114 2339 189 2409 piins
205 2341 312 2412 rigoris.
356 2336 421 2395 Post
437 2341 551 2411 quinque
571 2344 656 2394 sutem
675 2337 732 2394 dies
757 2353 850 2410 equum
873 2351 946 2392 suurn
969 2322 1149 2398 nuuuevtsst‘-

115 2454 184 2493 snurs
200 2437 317 2494 insidens
333 2455 422 2495 uersu
438 2440 523 2510 ipsine
538 2441 599 2513 equi
616 2437 651 2493 nd
667 2444 763 2494 terrum
778 2437 918 2508 projicitur
936 2444 962 2494 et
979 2442 1094 2498 currusis
1110 2447 1151 2496 st-

116 2551 169 2609 que
186 2537 310 2594 ineerstis
327 2537 446 2594 erudias
463 2539 533 2594 intus
549 2537 662 2594 triduum
680 2537 833 2609 exspiravit.
885 2537 948 2594 cnut
973 2539 1078 2612 quidun
1097 2541 1148 2600 ivu-

117 2644 173 2693 tres
191 2636 298 2693 serbuun
315 2637 409 2694 uelutis
429 2637 464 2693 ni
482 2638 598 2696 Autnuiu
616 2637 819 2710 quaesivissent,
837 2639 876 2692 sit
892 2637 951 2694 iiie:
968 2639 1088 2696 uudihtie
1104 2640 1149 2697 de·

118 2738 214 2792 nstuuss
224 2736 367 2804 dissutum,
386 2739 410 2792 si
421 2740 480 2810 puis
492 2743 519 2794 te
528 2738 689 2810 pereusserit
698 2737 725 2790 iu
738 2735 879 2804 nunidem,
892 2736 991 2809 preehe
1001 2739 1026 2796 ei
1034 2738 1152 2796 alterurn.

118 2833 214 2892 iiieuut
233 2838 273 2892 et:
296 2835 347 2893 hue
362 2838 471 2909 inplere
488 2853 543 2893 nun
558 2852 706 2909 pessumus.
741 2833 775 2891 Et
791 2835 851 2891 iile:
877 2836 971 2893 esiters
989 2837 1023 2895 de
1037 2855 1088 2895 uus
1105 2854 1153 2912 ps-

117 2936 215 2991 tienter
234 2935 308 2993 terte.
350 2935 384 2994 Et
400 2937 455 2994 titi:
479 2937 557 2993 etluun
574 2951 623 2992 nee
640 2934 705 2991 husu
722 2949 869 3007 pusseuuns.
907 2937 935 3008 ³)
953 2935 1053 3002 Quibus
1071 2939 1154 2995 Αιιιι-

119 3035 195 3090 utus:
211 3033 303 3092 suiten
321 3053 355 3094 ne
371 3038 458 3094 vetitis
475 3042 612 3108 pereutere
630 3034 730 3107 nugis,
749 3048 825 3106 quern
843 3037 953 3108 perusti.
987 3034 1022 3094 iit
1038 3037 1091 3093 titi:
1107 3053 1155 3095 neu

120 3132 172 3190 isus
188 3150 333 3207 possessus.
368 3135 443 3194 Tune
459 3137 588 3192 Antonius
608 3134 675 3190 divit
688 3132 819 3204 dissipuin
835 3149 900 3190 suu:
917 3149 1010 3192 sueeus
1024 3151 1156 3210 prsepsru

122 3232 248 3290 irstriisus
264 3237 341 3306 tstis,
366 3239 431 3310 quis
447 3237 524 3292 uinis
541 3234 648 3292 deiiesti
664 3237 739 3288 snut:
766 3232 827 3288 suis
845 3236 931 3290 eretis
949 3239 1101 3294 useessssde
1116 3245 1158 3294 est

121 3333 206 3390 ruitis.
235 3333 306 3391 iisee
322 3339 349 3392 tn
366 3337 427 3392 sitis
443 3341 545 3408 pstrusn
562 3335 695 3409 teguntur.
720 3331 839 3390 Tendeur
856 3333 950 3390 bestius
966 3335 1095 3392 internus
1112 3336 1157 3396 CV

123 3449 192 3490 snuu
209 3437 280 3492 vitae
296 3449 361 3493 sune
379 3437 475 3493 irstrss
488 3433 645 3492 deusuuiuns
662 3436 690 3490 tn
707 3447 774 3506 pune
792 3436 892 3507 quievit
907 3429 957 3493 suis
976 3434 1157 3506 cnustuuttnu,

125 3537 170 3606 qui
189 3536 278 3608 snepit
293 3537 364 3592 eireu
380 3551 474 3591 anuum
491 3533 588 3590 donnini
607 3533 729 3591 cccxi.
821 3522 823 3526 ’

202 3823 223 3876 t)
235 3819 276 3868 td.
288 3821 360 3866 rrius.
373 3821 428 3874 lesit
445 3819 497 3865 iesu
514 3818 649 3864 mummi
675 3829 814 3873 equorum
831 3817 1040 3866 uirsussdstusu
1059 3827 1159 3870 unnut-

127 3887 207 3942 nrsdnp
229 3887 486 3934 circumdantium.
562 3888 585 3938 2)
602 3886 785 3940 emisissent
804 3900 955 3945 esspssss.
1031 3892 1055 3943 ³)
1071 3889 1163 3937 Verbsi

129 3955 238 4016 qiribns
251 3969 443 4014 -possevnus
456 3953 540 4000 emittit
554 3953 594 3999 tid
607 3953 678 3998 rrius.

542 4179 749 4194 m
