2842 5286
300 465 362 526 ‘aab
535 463 609 541 Cap.
635 461 709 521 tiit.
751 461 795 520 De
817 459 951 540 paccione
973 457 1092 518 donnini.

300 627 423 682 cneoioue
441 627 467 675 et
485 622 543 692 ipae
559 618 594 674 acl
611 617 794 674 liberationem
815 615 914 670 Christi
931 614 1108 687 properabat,
1128 621 1157 672 et
1176 613 1241 670 ideo
1257 615 1336 668 uteba

299 727 388 782 exivit.
422 720 534 792 Legitur
554 725 641 773 tannen
667 720 694 772 in
716 717 855 790 evarigelio
879 714 1029 780 Nicodemi‚
1057 715 1127 786 quod
1153 730 1213 771 cuna
1238 712 1337 784 Pplatan

298 823 387 880 locuni
405 821 613 892 interrogasset:
631 816 695 889 quid
713 823 754 872 ost
770 817 907 883 veritaol,
925 813 1004 871 lesus
1023 818 1047 869 ei
1067 815 1225 886 respondit:
1244 815 1336 869 veritae

299 921 333 978 de
349 919 424 976 coelo
445 925 494 972 eat.
530 913 563 969 Et
580 915 700 986 Ppiatus:
720 918 745 969 in
764 917 841 982 terrie
859 931 911 969 uon
930 919 971 969 cst
985 915 1102 970 ueritas?
1119 913 1190 970 Dicit
1210 916 1237 969 ei
1251 913 1335 970 Jecur:

298 1017 429 1093 quomodo
440 1020 529 1087 potest
540 1029 600 1070 esce
614 1017 711 1070 veritae
720 1017 747 1069 in
758 1016 846 1082 terrio,
858 1029 927 1086 qnae
935 1014 1070 1085 judicatur
1082 1013 1115 1068 ab
1129 1013 1182 1080 bio,
1191 1015 1239 1085 qni
1253 1022 1335 1084 prter-

298 1126 378 1176 catera
396 1115 539 1172 babentia
556 1115 657 1168 terris?
693 1113 796 1176 Quanto
820 1130 872 1185 quo
891 1113 925 1167 ad
942 1112 1105 1180 bonitatem,
1129 1111 1259 1167 dicebant
1275 1115 1336 1166 eain

299 1221 383 1291 ipsum
397 1231 457 1272 case
467 1218 630 1285 peccatorem
642 1214 669 1266 ln
685 1211 775 1272 corde,
792 1211 852 1268 lob.
868 1211 918 1266 ix:
935 1227 983 1266 nos
995 1213 1103 1278 acirone,
1121 1213 1186 1283 quia
1203 1209 1250 1264 bio
1266 1209 1336 1264 bono

297 1322 423 1390 peccator
439 1318 498 1380 eet3
516 1311 681 1368 seductorem
700 1314 727 1366 in
745 1326 873 1377 bennone,
891 1309 1037 1365 Luc.Xlll:
1058 1313 1196 1366 commorit
1218 1308 1336 1380 populu

298 1415 397 1472 doceua
415 1428 464 1483 per
478 1411 626 1466 uniuersam
642 1408 768 1466 Judaeann
785 1410 913 1480 incipiens
930 1425 947 1464 a
967 1407 1102 1476 Galilaen;
1126 1426 1213 1481 nsque
1231 1408 1283 1463 buc
1300 1407 1335 1463 le·

297 1515 341 1588 gie
356 1511 594 1585 praevaricatorem
608 1511 734 1579 inopere,
753 1505 874 1563 sontii:
893 1523 946 1561 non
965 1516 1006 1562 eat
1023 1507 1065 1562 liic
1083 1507 1162 1562 bonno
1182 1507 1279 1574 allec,
1296 1511 1335 1578 qni

297 1605 435 1669 sabbatum
454 1624 506 1663 non
524 1605 647 1662 custodit.
669 1605 830 1661 Tertio'init
846 1608 874 1660 in
890 1605 1012 1674 odoratu,
1031 1609 1094 1678 quia
1110 1621 1237 1678 magenta
1255 1607 1333 1660 ioeto-

298 1729 351 1772 τοι
369 1711 468 1766 sentire
486 1703 571 1778 potnit
587 1708 613 1761 ln
632 1705 691 1760 loco
708 1704 851 1771 caluariae,
868 1704 913 1759 nbi
932 1714 1007 1760 erant
1018 1721 1131 1776 corpora
1149 1704 1255 1762 foetida
1271 1721 1333 1760 nor·

296 1821 408 1868 taorutn.
442 1805 515 1863 Unde
534 1803 631 1860 dicitur
646 1807 673 1858 ln
695 1802 857 1860 scholastica
876 1802 1010 1875 bpetoria,
1036 1803 1107 1877 quod
1125 1805 1259 1860 calvaries
1278 1821 1333 1875 pro-

296 1912 354 1982 prie
367 1916 414 1965 vcot
430 1923 462 1962 oa
479 1906 574 1976 capitio
592 1903 699 1958 hmani
714 1902 902 1968 undeuuanda
916 1907 1016 1976 etqnia
1031 1904 1069 1958 ibi
1084 1904 1288 1960 decollabantur
1301 1907 1333 1959 ret

298 2015 325 2065 et
338 2006 419 2063 natta
436 1997 501 2061 caea
518 2005 630 2074 capitam
649 2003 686 2056 ibi
705 2001 837 2074 adspersa
855 2009 938 2070 erant,
958 2003 1094 2059 dicebatur
1112 2002 1250 2059 calvariae
1267 2003 1333 2058 locun
1389 2050 1390 2054 ,

296 2107 338 2164 uel
356 2105 506 2160 calvarium.
536 2101 635 2166 Quarto
653 2101 693 2156 int
709 2103 736 2156 in
753 2108 849 2174 gnata,
873 2101 942 2157 ande
958 2118 1016 2157 cnm
1032 2099 1173 2160 eianaret:
1192 2106 1274 2172 attic,
1291 2102 1333 2158 dc·

296 2207 392 2262 derunt
408 2206 433 2260 ei
451 2207 551 2258 acciunt
575 2216 632 2256 can
650 2199 755 2272 nyrrba
777 2207 804 2255 et
830 2197 894 2255 ieile
917 2202 1040 2268 niutau,
1065 2208 1093 2257 at
1112 2218 1146 2258 ex
1165 2211 1243 2259 aceto
1262 2204 1336 2259 citinu
1389 2209 1390 2214 ’

296 2309 444 2360 noceretur
466 2307 494 2356 et
508 2301 561 2372 ipat
584 2297 709 2353 custodes
737 2297 894 2353 acactodia
916 2301 995 2354 citius
1019 2299 1216 2368 liberarentur,
1244 2302 1334 2358 dicitnr

296 2405 363 2460 enirn
382 2398 521 2456 crucibuoe
538 2400 616 2454 eitius
634 2399 709 2463 uori,
728 2403 830 2452 ecetnn
849 2398 872 2452 ri
886 2397 988 2466 bibam,
1013 2406 1040 2456 et
1058 2417 1091 2455 ex
1109 2399 1216 2472 myrrha
1231 2407 1333 2472 patere-

296 2508 339 2557 tar
356 2499 487 2564 ollactus,
514 2502 541 2553 el
567 2511 601 2553 on
619 2495 683 2552 tetta
704 2502 809 2569 gnatum
852 2496 1032 2570 Augustinus:
1055 2515 1103 2570 pro
1127 2516 1201 2555 nero
1222 2501 1335 2571 repletur

296 2601 437 2656 abnuerim
453 2603 546 2666 aceto,
566 2595 713 2652 inebriatur
731 2593 794 2650 ielle
812 2594 942 2664 dulcedo,
970 2597 1094 2670 adjicitur
1111 2601 1266 2654 innocentia
1283 2615 1333 2666 reo,

296 2700 406 2755 moritur
427 2699 482 2752 vita
499 2711 547 2767 pro
571 2701 682 2750 ntortao.
725 2695 821 2758 inuto
843 2694 892 2748 luit
914 2696 942 2750 ln
965 2702 1054 2764 tacta,
1080 2699 1193 2770 quiebi
1217 2697 1334 2754 onnibat

295 2795 416 2872 partibus
440 2797 575 2866 corporis,
610 2808 628 2848 a
653 2793 745 2864 plante
768 2797 835 2849 enin
860 2794 937 2864 pedis
962 2811 1046 2868 acque
1077 2797 1110 2852 ad
1135 2800 1262 2853 vertice:
1287 2813 1336 2852 noa

295 2895 346 2952 init
362 2898 390 2950 in
407 2911 440 2951 eo
458 2895 568 2948 caniba
603 2892 643 2947 Ile
661 2891 712 2946 boc
731 2900 817 2948 antean
837 2893 951 2965 qualiter
963 2897 990 2950 ln
1002 2895 1127 2950 cunibus
1145 2895 1271 2952 aeonibus
1289 2896 1335 2951 do-

294 2995 378 3050 lorenn
394 2993 496 3058 trabali,
514 2992 579 3046 dicit
595 2990 760 3047 Beruardas:
779 2999 858 3063 caput
874 2993 1004 3065 angelicis
1020 2994 1181 3050 tremendu·
1200 2996 1336 3066 apiritibaa

295 3093 428 3148 densitate
451 3093 584 3163 epicuru·
608 3092 748 3162 pangitur,
786 3090 869 3147 iacies
894 3091 1005 3163 pulebra
1026 3107 1092 3164 prae
1118 3093 1181 3148 bitte
1207 3093 1337 3150 bonlnnn

295 3191 550 3263 spatioladoeorunn
570 3190 732 3260 deturpatur,
752 3189 823 3243 oculi
837 3189 981 3246 lucidiores
1001 3192 1060 3247 cole
1077 3192 1232 3267 caligantia
1246 3203 1338 3262 noete,

295 3304 383 3353 anm,
404 3302 472 3360 qaae
491 3286 601 3343 audiunt
618 3287 754 3360 angelicos
772 3297 881 3357 cantat,
901 3290 1011 3346 audiunt
1029 3299 1195 3362 peccatoram
1216 3295 1337 3364 inaulita

296 3403 343 3453 os,
372 3384 443 3458 quod
463 3386 541 3444 docet
558 3387 684 3460 angeles,
709 3385 773 3442 reite
799 3395 826 3444 et
847 3396 924 3445 aceto
950 3395 1071 3461 potatur,
1100 3391 1197 3464 pedet,
1229 3412 1338 3468 quom

296 3485 439 3540 scabellum
458 3485 600 3552 adoratur,
626 3489 748 3557 quonian
768 3495 887 3544 amdan
911 3495 970 3555 est,
996 3493 1066 3546 cruci
1091 3491 1166 3547 clavo
1183 3493 1339 3567 affigantur,

296 3583 404 3649 manue,
429 3600 498 3656 qaae
518 3585 695 3640 formaverunt
716 3585 824 3653 coeloe,
844 3594 905 3642 cunt
924 3589 951 3642 in
968 3604 1047 3646 cruce
1065 3599 1192 3650 extentae
1212 3602 1239 3652 et
1255 3595 1338 3652 clade

297 3683 412 3744 elixae.
432 3699 528 3755 comae
546 3683 715 3758 verberatur,
732 3685 802 3740 latua
820 3686 914 3742 lancea
929 3687 1095 3758 perforatur,
1115 3700 1141 3747 et
1160 3693 1223 3765 qaid
1241 3695 1340 3766 plural

297 3797 351 3836 non
368 3785 493 3837 retnaneit
514 3785 543 3839 in
566 3799 599 3838 eo
625 3785 677 3839 uiui
693 3785 803 3858 lingna,
830 3793 859 3842 at
881 3801 929 3858 pro
955 3790 1141 3858 peccatoribus
1164 3803 1292 3852 exoraret
1314 3801 1341 3852 et

297 3887 405 3938 nnatretu
424 3881 555 3952 discipulo
574 3884 777 3941 commendaret.
816 3884 938 3942 Secundo
963 3888 1022 3958 ajat
1044 3894 1135 3959 paucio
1161 3891 1211 3947 fait
1227 3910 1262 3949 ex
1278 3893 1340 3950 illa·

299 3983 375 4036 cicae
393 3980 529 4051 despecta,
555 3991 669 4054 quatuor
693 3987 761 4040 enirn
787 3983 889 4040 vtebnn
915 3985 966 4040 init
988 3986 1040 4042 cibi
1059 3988 1172 4046 illanan.
1208 3991 1296 4050 Prima
1313 3995 1341 4050 in

299 4079 376 4134 dono
394 4079 502 4146 Annae,
527 4079 572 4136 abi
596 4086 697 4154 recepit
718 4091 798 4154 epota
822 4083 856 4139 at'
874 4083 983 4156 alapae,
1014 4086 1170 4144 rubuere·
1195 4091 1340 4149 oculoru

300 4177 466 4234 bernardus:
489 4182 585 4236 mitani
602 4188 689 4248 tuan,
713 4181 784 4238 bane
800 4183 880 4250 lecu,
908 4183 1127 4254 desiderabilen,
1151 4191 1178 4244 in
1196 4207 1274 4263 quen
1292 4192 1341 4248 do·

300 4276 418 4332 uiderant
435 4277 523 4350 angeli
542 4282 705 4350 poroopicere,
722 4285 808 4353 spatia
824 4285 1037 4356 inquinaverunt,
1062 4287 1180 4343 manibus
1198 4306 1342 4360 percam-

302 4379 376 4440 ruut,
399 4373 459 4430 uela
473 4391 522 4446 pro
539 4376 679 4436 delacione
695 4388 873 4453 operuerant,
892 4401 942 4440 nec
959 4389 1056 4440 auraria
1076 4387 1226 4446 vulneribus
1245 4405 1343 4462 pepor-
