2984 5302
945 213 1018 462 R

313 460 373 522 532
543 463 616 540 Cap.
639 461 727 522 CXX.
771 463 816 524 Do
838 471 936 520 sancto
959 459 1120 520 bernardo.

312 619 426 676 donibus
445 618 551 675 subiate
567 624 617 676 cat.
653 617 711 682 Quo
728 619 820 676 audito
844 617 912 674 nihil
930 618 1004 676 allud
1027 619 1096 686 elisit
1112 619 1178 675 ulei:
1196 616 1358 676 benedictus

312 720 398 786 Deus,
416 719 461 791 qui
478 719 556 774 uobis
575 719 695 791 pepercit
713 719 747 774 aia
764 734 861 784 onere,
885 719 934 776 sed
952 726 979 774 et
1003 718 1074 788 lilio,
1093 721 1192 792 inquit,
1219 720 1265 792 qui
1284 719 1358 776 tule-

313 825 387 886 runt,
403 818 490 875 larius
506 826 549 874 est
565 817 716 885 ferendum,
734 824 787 873 tum
805 820 869 890 qnlo
885 819 935 874 loc
954 818 1068 903 humana
1084 818 1218 890 cupiditas
1236 818 1358 885 sustulit,

312 926 365 975 turn
380 921 442 989 quia
453 919 847 991 magnapecnninrnagnemiia
869 921 1070 984 ¹)tontatioueur
1083 919 1205 992 ingessit.
1242 916 1357 982 Quidam

313 1022 422 1089 insuper
440 1021 584 1074 eanonicus
603 1016 735 1090 regularia
753 1017 786 1072 od
807 1034 863 1073 enm
882 1021 953 1074 uenit
977 1025 1003 1073 et
1020 1025 1048 1072 ut
1070 1019 1097 1072 ιιι
1114 1016 1268 1072 monachum
1284 1019 1357 1072 reci-

314 1125 436 1191 peretur,
462 1120 593 1176 instanter
613 1117 728 1189 rogarit.
763 1117 811 1172 liei
835 1133 912 1189 quum
935 1119 981 1173 iile
1002 1134 1054 1173 uon
1080 1119 1282 1189 acquiesceret,
1307 1114 1357 1172 sed

228 1269 229 1272 ,
314 1219 441 1275 adesam
458 1217 596 1274 ecclesiam
614 1215 700 1272 redire
719 1215 907 1286 persuaderem
928 1218 994 1286 ἰιι
1013 1216 1076 1288 quid
1096 1232 1178 1290 orgo,
1195 1217 1235 1270 eit
1252 1216 1310 1282 ille,
1330 1218 1357 1272 in

313 1319 391 1375 libris
419 1318 472 1372 tuis
500 1315 687 1388 perfectionem
710 1321 849 1388 tantopere
871 1315 1076 1385 commendasti,
1098 1319 1123 1374 si
1147 1331 1204 1372 eam
1228 1331 1280 1372 non
1307 1331 1355 1372 es·

313 1419 391 1475 infles
408 1417 546 1488 cupienti?
579 1414 682 1472 iitlnsm
701 1415 763 1471 iilos
780 1423 842 1472 tuoe
866 1422 981 1472 tenerem
998 1416 1099 1486 libros,
1123 1424 1152 1472 ιι
1178 1431 1225 1474 eos
1248 1419 1356 1488 penitus

314 1515 472 1574 locatoreml
508 1514 556 1572 flul
577 1514 637 1572 ille:
666 1517 694 1572 in
717 1517 789 1571 nullo
808 1531 898 1572 eoram
916 1517 1025 1589 legisti,
1048 1533 1101 1572 nou
1119 1525 1244 1588 possete
1263 1518 1290 1570 im
1310 1523 1356 1571 luo

306 1619 430 1673 vclaustro
446 1629 506 1671 esse
525 1614 685 1686 perfectum
709 1631 808 1671 morum
826 1619 1031 1684 correctionem,
1056 1632 1107 1671 noo
1130 1616 1250 1672 locorum
1267 1623 1355 1672 mum·

313 1719 412 1773 tionem
436 1717 464 1770 in
484 1715 561 1770 libris
584 1715 704 1770 omuibus
728 1713 918 1774 commendaui.
951 1715 999 1772 Ille
1024 1732 1086 1772 uero
1113 1718 1220 1771 insanus
1244 1717 1271 1770 in
1296 1730 1354 1771 eum

315 1820 437 1888 impetum
457 1814 558 1870 faciens
574 1821 627 1869 tere
646 1817 764 1889 grauiter
781 1816 913 1870 mexiliom
927 1817 984 1886 ejus
998 1818 1140 1886 percussit,
1158 1823 1187 1870 ut
1198 1814 1356 1872 succederet

316 1915 398 1972 rubor
412 1914 475 1970 ictui
494 1921 521 1969 ct
537 1921 623 1970 turnor
640 1913 739 1969 rubori.
773 1912 846 1981 Jam,
871 1919 916 1987 qul
934 1913 1059 1982 aderant,
1086 1917 1110 1970 ln
1134 1916 1294 1987 sacrilegum
1314 1917 1355 1970 ln-

314 2016 475 2089 surgerent,
493 2013 541 2070 scd
561 2015 699 2085 praevenit
717 2028 763 2069 eos
781 2028 875 2070 sertus
897 2014 944 2070 Dei
962 2015 1078 2070 clamarm
1103 2020 1130 2068 et
1154 2015 1282 2087 adjurans
1303 2031 1356 2087 per

314 2129 407 2170 nomeu
428 2111 542 2180 Christi,
565 2119 594 2168 ut
609 2111 759 2174 nullatenus
776 2119 933 2186 tergeretur
957 2129 1005 2168 nec
1023 2112 1076 2168 eibi
1094 2113 1220 2185 quidquid
1238 2115 1354 2185 injuriae

313 2214 464 2270 inferretur.
505 2209 619 2267 Nouitiis
646 2218 733 2267 sutem
757 2214 856 2269 intrare
879 2212 1029 2268 volentibus
1052 2212 1140 2269 dicere
1162 2219 1354 2269 consueuerat:

314 2317 338 2370 ιι
359 2310 394 2368 ιιι
411 2327 459 2380 ea,
485 2328 554 2385 quae
571 2315 735 2379 intererunt,
760 2312 909 2378 festinetis,
933 2311 976 2368 laic
999 2312 1066 2368 ioris
1089 2311 1212 2368 dimittite
1229 2327 1354 2383 corpora,

313 2427 382 2486 quae
402 2413 435 2469 de
459 2410 568 2469 saeculo
589 2411 733 2480 attulistis,
757 2412 808 2484 soli
826 2414 935 2483 spiritua
953 2412 1150 2485 ingrediantur,
1178 2427 1241 2466 caro
1265 2419 1354 2468 nutem

313 2530 365 2592 non
383 2510 493 2584 prodest
511 2511 661 2584 quidquam.
697 2511 775 2568 Pater
793 2512 866 2583 ejus,
884 2515 929 2584 qui
946 2512 1020 2567 suine
1038 2511 1107 2566 dorni
1129 2515 1300 2578 remanserat,
1319 2510 1355 2566 ad

314 2611 500 2666 monasterium
522 2612 570 2666 luit
593 2618 620 2667 et
644 2610 741 2666 ibidem
760 2617 823 2682 post
841 2611 948 2682 aliquod
966 2618 1069 2683 tempus
1087 2614 1112 2668 iu
1132 2617 1266 2667 senectute
1283 2613 1356 2668 bons

313 2708 438 2768 decessit.
474 2709 558 2767 Soror
575 2715 661 2767 antem
679 2715 738 2782 ejus
756 2709 862 2766 saeculo
879 2715 962 2781 nupta
980 2725 1037 2767 curn
1054 2713 1080 2766 in
1095 2711 1195 2770 diuitiis
1209 2718 1237 2767 et
1248 2711 1354 2768 definiit

285 2801 417 2867 'saeculi
441 2810 653 2882 periclitaretur,
679 2808 793 2882 quadam
818 2812 874 2866 ricc
898 2809 994 2866 fratres
1017 2827 1080 2866 suos
1108 2811 1141 2866 ad
1165 2813 1353 2867 monesterium

314 2912 454 2968 risitotnra
470 2911 600 2978 accessit,
624 2925 732 2983 cumque
752 2911 870 2966 venisset
886 2926 942 2965 cum
960 2913 1085 2970 comitatu
1109 2918 1135 2968 et
1158 2916 1289 2983 apparatu
1306 2926 1354 2965 sn·
1419 2953 1422 2959 .

313 3010 411 3083 perbo,
437 3010 483 3066 iilo
507 3024 564 3065 cem
588 3015 712 3081 tauquam
737 3015 793 3066 rete
809 3008 926 3082 ¹dysulaoil
951 3009 988 3066 ad
1010 3014 1111 3066 animae
1134 3009 1278 3082 capiendas
1302 3011 1353 3066 alr-

313 3109 417 3166 luorruit
433 3123 483 3165 neo
502 3109 536 3164 nd
555 3108 694 3164 ridendam
712 3112 860 3166 merendre
882 3111 1050 3182 aliquetenus
1075 3113 1217 3182 acquievit.
1251 3110 1354 3168 Videras

312 3209 374 3275 llio,
398 3209 468 3280 quod
494 3207 580 3264 ruuiius
604 3207 712 3264 fratrum
738 3224 843 3266 enorum
861 3219 1027 3279 occurreret,
1052 3211 1100 3268 sed
1123 3210 1158 3266 air
1179 3227 1232 3267 uno
1251 3227 1353 3280 eorum,

312 3309 357 3380 qui
376 3313 437 3364 tuuc
454 3309 588 3379 portarius
608 3315 681 3374 erat,
698 3313 800 3364 etercue
818 3309 960 3366 luroiutnrn
980 3311 1128 3376 diceretur,
1146 3319 1204 3366 tota
1221 3312 1247 3366 in
1265 3310 1354 3382 lecrp·

312 3409 361 3462 nrts
383 3406 501 3463 recoluia
521 3413 570 3462 cei.
605 3405 662 3462 Etsi
687 3410 821 3480 peccatrix
838 3425 908 3478 eum,
932 3411 1026 3484 iuquit,
1048 3425 1097 3481 pro
1114 3409 1212 3466 talibas
1230 3409 1354 3468 Christus

311 3511 428 3561 mortuus
452 3512 508 3562 eet:
533 3507 596 3578 quia
619 3508 686 3563 curin
706 3511 880 3579 peccatricem
899 3525 939 3565 me
959 3511 1062 3576 sentio,
1089 3509 1189 3564 idcirco
1213 3510 1353 3568 consilium

310 3609 337 3659 et
355 3603 513 3676 colloquium
532 3605 660 3662 bonorum
679 3609 802 3680 requiro,
831 3615 857 3664 et
881 3611 906 3666 si
923 3608 1036 3680 deapioit
1053 3608 1138 3664 frater
1156 3624 1228 3664 neus
1246 3625 1353 3667 carnem

309 3711 416 3770 maan,
434 3720 467 3760 uc
491 3704 625 3779 despiciat
646 3721 739 3762 seruus
760 3706 808 3764 liei
836 3711 947 3764 animum
973 3723 1072 3776 ercam,
1096 3710 1185 3764 ueniet
1200 3715 1228 3765 et
1245 3710 1352 3781 praeci-

310 3805 375 3874 pini,
396 3809 422 3860 ei
439 3803 566 3876 quidquid
585 3797 760 3878 praeceperit,
777 3806 937 3879 adimplebo.
971 3807 1043 3862 lianc
1063 3824 1129 3880 crgo
1149 3809 1353 3880 promissionem

309 3908 402 3958 tenens
422 3905 487 3959 ouili
504 3904 538 3958 ad
558 3919 615 3960 eam
632 3911 689 3960 curn
706 3904 844 3973 fratribus,
863 3914 889 3963 et
906 3911 969 3980 quia
984 3923 1040 3964 cam
1055 3923 1073 3964 e
1090 3910 1146 3962 niro
1159 3922 1286 3981 separare
1297 3925 1352 3966 non

309 4008 423 4072 poterat,
444 4005 525 4073 primo
540 4018 640 4059 omnam
653 4006 678 4060 el
696 4004 785 4060 muudi
803 4007 916 4080 gloriam
931 4009 1068 4064 interdixit
1085 4017 1112 4064 ei
1129 4008 1239 4064 formam
1258 4012 1352 4066 matris

308 4101 461 4158 imitandam
487 4102 570 4158 eidem
596 4103 715 4160 indicens
739 4105 810 4160 lilarn
830 4106 937 4163 dimisit.
973 4106 1022 4164 llla
1040 4123 1103 4163 roro
1121 4107 1227 4164 rediens
1247 4110 1285 4164 lta
1307 4124 1352 4166 re-

308 4207 388 4273 pente
411 4207 509 4256 mutata
533 4209 589 4270 est,
611 4211 641 4259 ιιι
665 4206 692 4258 in
716 4204 802 4260 medio
829 4204 929 4262 saeculi
953 4210 1033 4264 ritant
1063 4205 1172 4263 duceret
1191 4210 1350 4264 eremiticam

306 4306 334 4355 et
357 4299 391 4355 olo
417 4303 486 4355 omni
504 4301 612 4358 saeculo
631 4318 741 4374 prorsus
763 4319 794 4359 ee
812 4304 911 4363 faceret
928 4305 1051 4362 alienun.
1087 4304 1207 4364 'landem
1225 4307 1350 4381 precibus

304 4387 758 4403 m

356 4417 843 4470 littlir'rtentationisocnasioueur.
919 4422 1011 4477 filliis
1028 4423 1150 4478 utquid.
