2828 5302
321 451 379 516 luti
440 455 513 534 Cap.
539 454 655 514 xxvtt.
698 456 741 514 Dc
764 467 862 514 snrrcto
884 456 1015 526 sollenne
1039 421 1276 517 Elecrnosinnrlo.

318 619 389 671 tuctu
407 619 514 670 mortens
535 617 560 670 in
575 615 666 687 januis
685 630 745 672 usse
762 631 926 689 cognosc-cus
944 614 1011 672 lixit
1029 615 1160 673 lauritius:
1178 633 1247 690 quse
1264 617 1298 672 ιιι
1315 633 1354 672 se-

319 714 448 786 pulturam
468 717 618 770 neccssaria
637 721 707 781 sunt,
725 723 894 787 praeparato,
914 717 977 787 qrriu
994 719 1116 772 continuo
1130 719 1263 774 morietur.
1283 717 1354 781 Quot

319 814 434 870 Basilius
452 813 562 870 sindicus
576 814 643 869 lixit
661 817 701 869 ci:
720 819 806 870 nescis
824 816 887 888 quill
906 817 980 872 ilicis.
1015 817 1062 872 Cui
1079 816 1194 890 ioseph:
1212 817 1290 874 crcule
1310 817 1355 874 uiu-

320 918 403 982 minc,
422 918 484 987 quis
503 913 544 970 sel
561 929 617 968 cunr
636 913 693 969 sule
711 915 814 972 occillet
832 915 927 984 trudis,
946 924 973 974 ct
987 925 1014 973 ιι
1034 933 1090 972 cunr
1108 917 1166 973 scie
1185 918 1290 974 occides
1309 917 1355 973 nu-

319 1017 370 1072 dis.
406 1017 454 1070 Cui
470 1015 538 1076 «linit
556 1013 685 1068 Basilius:
712 1016 775 1086 quit
793 1016 874 1082 ulicis,
893 1020 916 1070 si
934 1034 985 1072 non
1005 1021 1104 1073 niurias
1121 1017 1209 1072 lindie.
1245 1019 1294 1074 Cul
1310 1017 1356 1076 Je-

319 1116 399 1189 scplr:
434 1132 485 1170 nun
504 1122 544 1172 cst
562 1113 689 1186 possibile
708 1115 819 1171 dcsrinc.
871 1115 906 1172 Bt
922 1116 1051 1173 Basilius:
1082 1121 1149 1174 etei
1167 1120 1193 1172 in
1217 1120 1355 1174 crustinuu

320 1235 403 1290 usquc
422 1216 456 1272 nl
475 1214 564 1272 lucre·
584 1222 685 1272 scutarii
704 1218 892 1288 supervixero,
919 1217 981 1288 quid
1000 1216 1102 1274 inclusi
1136 1215 1169 1273 Bt
1185 1216 1286 1288 loseph
1303 1219 1355 1273 sit:

321 1321 344 1374 si
363 1333 445 1389 usquc
463 1315 498 1371 ul
517 1315 586 1371 illurn
606 1318 784 1387 supervixeris
803 1316 909 1383 luorum,
934 1320 1023 1390 utiquc
1043 1333 1094 1391 ege
1113 1319 1219 1372 uncrinr.
1252 1316 1287 1374 iit
1304 1317 1353 1373 Bs-

321 1419 411 1474 silins:
433 1419 511 1474 etium
528 1418 649 1471 rnuriuris
667 1422 791 1488 incusato,
808 1419 882 1474 uisus
900 1425 986 1474 uutcrn
1005 1417 1119 1474 Cirristu.
1155 1417 1189 1474 Bt
1207 1418 1267 1474 ilic:
1291 1421 1355 1480 scic,

321 1517 384 1590 quid
398 1517 480 1584 ulicis;
497 1518 521 1571 si
541 1516 675 1588 usquead
693 1515 763 1571 illurn
782 1516 872 1572 luorum
892 1519 1080 1588 supervixeris,
1099 1517 1193 1574 lucium
1212 1517 1283 1589 quod
1294 1518 1355 1574 itcr-

321 1619 395 1674 turis.
429 1617 504 1673 'lunc
521 1615 615 1672 heatus
632 1615 764 1684 Basilius,
789 1617 849 1673 licet
867 1617 1006 1673 sccunrlurn
1024 1626 1143 1674 nnturern
1160 1619 1231 1674 illico
1249 1620 1356 1674 noritu-

321 1735 365 1774 rus
391 1724 478 1786 essct,
513 1716 656 1772 udominc
682 1722 767 1773 tennes
793 1718 885 1771 rnurtis
910 1717 1030 1773 inducias
1056 1721 1207 1790 inpetrauit
1230 1726 1356 1791 utusque

321 1821 348 1874 in
366 1820 507 1874 crastinum
525 1815 552 1872 in
570 1816 660 1871 hurum
678 1830 773 1870 sununs
796 1818 868 1872 risit.
890 1817 966 1882 Quoi
978 1816 1079 1889 Jcscplr
1098 1817 1190 1873 uiciens
1206 1826 1233 1873 ct
1246 1826 1356 1890 stupens

320 1924 347 1976 iu
365 1917 495 1976 Christum
512 1916 638 1984 credidit,
671 1915 786 1972 Basilius
810 1924 895 1974 autern
920 1919 1014 1972 uirtute
1033 1921 1135 1972 turrinus
1153 1918 1356 1975 imbecillimum

319 2021 439 2092 corporis
463 2032 591 2089 superans
613 2015 646 2072 tc
664 2012 785 2072 cubiculo
807 2033 855 2072 suc
874 2019 989 2074 surrexit
1005 2025 1031 2074 ct
1050 2017 1187 2074 cccluslunr
1204 2019 1358 2092 ingrediens

319 2135 376 2178 uuus
397 2120 452 2174 suis
471 2120 586 2190 propriis
603 2115 723 2172 usualius
739 2116 895 2189 baptizavit,
912 2124 1008 2189 postes
1027 2133 1089 2173 scre
1107 2118 1356 2175 adlectulusruuun

321 2218 399 2276 rediit
424 2225 451 2274 et
473 2220 561 2273 stutirn
578 2219 697 2289 spirituus
717 2215 774 2272 lico
795 2216 907 2274 feliciter
927 2217 1050 2276 rcrldldit.
1101 2217 1201 2274 Floruit
1221 2221 1292 2274 circe
1309 2233 1355 2273 us-

319 2337 368 2376 nus
384 2318 480 2375 donnini
498 2319 674 2374 triccrrtcsiuuu
692 2317 774 2374 ixx.

734 2565 940 2578 noun—fi—-q

710 2756 804 2852 tlt.
843 2753 974 2851 tlttl.

368 2963 443 3032 lle
465 2961 629 3031 sancto
652 2957 882 3034 Jolsunne
903 2957 1304 3068 Eleemosinsric.

402 3133 431 3187 1.
454 3124 587 3182 Julrsnnes
613 3124 834 3182 Bleeruusinurius
858 3122 1011 3196 patriarcis
1028 3124 1222 3181 Alexandrinus
1242 3126 1356 3199 inuadunt

318 3233 395 3284 seete
418 3229 446 3282 lu
469 3227 589 3282 urutlune
614 3227 760 3298 persistens
781 3225 846 3280 silit
868 3223 998 3296 quandum
1022 3225 1136 3296 puellam
1155 3225 1355 3296 pulcherrimum

317 3327 369 3386 sibi
386 3329 553 3383 ussistentesi
576 3331 603 3381 et
625 3341 747 3381 coronam
771 3326 899 3381 ullrururn
917 3327 944 3380 lu
959 3327 1046 3396 cupite
1064 3324 1239 3397 bajuluuicru,
1278 3341 1354 3397 quun

317 3429 363 3485 tlle
383 3426 474 3485 ulricus
492 3427 597 3481 ninnium
616 3426 796 3498 stupefactus,
814 3440 881 3498 quus
895 3429 984 3492 esset,
1003 3427 1154 3496 inquisisl23
1180 3431 1207 3480 et
1223 3425 1284 3480 illu:
1303 3441 1355 3498 ege

318 3539 374 3585 suus
393 3526 588 3592 misericordis,
623 3542 692 3599 quae
708 3526 757 3583 Ilei
773 3525 852 3581 ilium
871 3522 905 3581 de
921 3524 998 3580 coele
1016 3523 1128 3579 sidunt:
1166 3538 1353 3596 susspensus

318 3632 408 3700 accipe
426 3633 453 3683 et
471 3625 537 3682 hene
554 3626 603 3681 tibi
622 3629 681 3682 crit.
715 3625 868 3699 intelligens
886 3639 952 3698 erge
970 3638 1019 3695 per
1032 3623 1128 3679 ulirnrn
1147 3623 1354 3680 misericordius·

317 3729 467 3802 designari,
486 3726 519 3782 uir
540 3727 587 3782 ills
603 3727 647 3784 rlie
666 3726 750 3782 luctus
771 3732 813 3782 est
830 3728 869 3782 sis
886 3725 1053 3790 misericors,
1073 3731 1101 3780 ut
1117 3723 1248 3795 eluuntur,
1268 3722 1296 3778 irl
1314 3732 1354 3780 est

317 3827 533 3888 elemosinarius
559 3834 703 3882 uocaretur.
758 3826 892 3897 Pnupereu
916 3830 1002 3881 auteur
1028 3840 1092 3880 suus
1114 3823 1234 3878 dossinus
1252 3839 1356 3894 semper

318 3928 472 4003 appellnirnt
489 3932 516 3984 et
533 3926 593 3983 insle
611 3925 777 3998 hospitalarii
795 3925 925 3981 nubentur
943 3927 1038 3991 etium,
1074 3931 1103 3979 ut
1121 3938 1252 3997 perperus
1272 3921 1355 3976 durni·

318 4048 366 4086 nus
389 4044 453 4087 suns
476 4035 577 4083 rucerrt.
634 4027 729 4082 Onnes
755 4007 836 4098 igitur
857 4040 921 4080 snos
950 4023 1062 4082 tumulus
1086 4025 1242 4080 conuocauit
1270 4024 1355 4094 iisque

318 4131 398 4186 ulixitr
433 4134 525 4185 euntes
544 4142 593 4200 per
618 4131 699 4182 notun
717 4128 848 4180 ciuitatem
867 4125 1025 4182 conscribite
1042 4123 1103 4180 milri
1122 4139 1205 4195 usquc
1225 4121 1260 4178 ni
1278 4138 1355 4178 unun

317 4247 407 4288 onnes
424 4229 543 4286 ricuinus
562 4241 642 4282 sucus.
677 4223 732 4281 ltlts
749 4242 813 4282 sero
831 4239 884 4279 nun
901 4224 1108 4298 intelligentibus
1125 4223 1205 4278 lixit:
1224 4239 1291 4295 quus
1310 4237 1357 4280 uus

319 4347 419 4406 egenus
437 4335 464 4387 et
482 4327 613 4385 mendicus
632 4327 742 4392 rccetls,
762 4327 828 4382 istos
845 4341 897 4400 ege
916 4324 1035 4380 deminus
1054 4329 1081 4380 ct
1093 4323 1266 4379 nnxttintnres
1277 4337 1357 4394 prue-

319 4431 387 4487 dlcu.
421 4430 468 4487 isti
486 4433 553 4487 cnirn
571 4428 647 4485 nubis
666 4444 728 4486 uere
746 4427 869 4483 nusilisrl
887 4431 913 4482 et
932 4424 1047 4482 coeleste
1066 4439 1173 4500 rugnrunr
1191 4423 1291 4480 coense
1308 4437 1357 4496 pu·
