2902 5310
278 451 351 534 Cap.
375 453 525 514 ctxvitt.
566 455 611 512 De
631 457 730 511 sancta
749 447 910 512 Ebzabeib.
1045 450 1105 514 ⁷58

144 613 179 674 1.
195 607 343 682 Elisabeth,
361 613 471 670 illustris
488 612 623 686 iiugariae
638 613 710 684 regia
728 607 796 676 ilio,
813 619 912 681 genera
929 606 1039 680 nubilis,
1056 614 1104 670 sed
1221 673 1225 682 ,

78 709 131 770 bde
148 725 181 767 ro
198 711 327 784 rengione
345 711 459 768 nobilior
475 714 582 782 stirpen
599 716 651 766 taur
668 708 783 766 nobilem
802 706 950 762 nobilitavit
968 713 1102 785 oreurpila

79 813 223 870 illustrarit
247 809 379 868 miraculis
406 816 433 866 et
457 808 592 866 decorant
613 811 701 882 gratia
717 807 872 862 sarcinis.
909 807 989 870 Quaen
1012 819 1106 870 auctor

79 917 188 970 murae
205 925 287 983 supra
304 916 421 966 naturam
439 897 629 982 quodamnodo
647 906 755 973 extulit,
780 905 838 960 dun
863 905 952 974 prelis
968 911 1105 982 regalibus

79 1013 179 1066 nutrita
193 1009 296 1066 deliciis
311 1011 397 1066 onnia
411 1007 524 1080 puerilia
536 1013 581 1063 nui
593 1008 696 1062 omniuo
713 1011 889 1062 contemneret
907 1012 952 1061 aui
970 1009 1061 1064 cedern
1078 1013 1105 1067 in

79 1110 128 1166 Del
146 1109 299 1181 obsequium
317 1108 495 1177 manciparet,
512 1113 542 1161 ut
558 1105 658 1177 liquido
679 1104 792 1170 clareat,
810 1111 901 1160 tenera
919 1106 977 1176 elus
995 1108 1107 1166 intentis

79 1214 179 1282 quota
194 1197 475 1280 simplicitateriguii,
503 1211 600 1278 quanta
618 1205 687 1260 dulci
707 1203 847 1260 deuotione
865 1205 969 1274 incepit
1005 1205 1107 1263 Eutuno

79 1307 208 1379 siquiden
225 1307 313 1378 eoepit
329 1303 406 1361 bonis
423 1318 578 1360 assuescere
596 1303 708 1372 studiis,
731 1302 807 1358 ludos
826 1317 952 1373 spnoere
971 1309 1106 1375 vanitatis,

79 1419 218 1464 suwesstu
229 1419 372 1476 prosperos
385 1402 476 1476 iugera
490 1401 588 1470 nundi,
598 1401 726 1474 proicere
736 1417 840 1472 semper
851 1403 876 1456 in
891 1407 1039 1460 reverantia
1048 1405 1107 1466 llal.

81 1503 143 1562 Grau
162 1505 230 1562 auin
248 1501 335 1560 adbuc
353 1507 426 1560 asset
444 1503 633 1574 quinquennis,
658 1501 684 1556 ln
702 1495 816 1556 ecclesia
839 1500 929 1556 orandi
948 1507 1037 1574 gratia
1055 1512 1106 1564 tun

79 1601 174 1660 aeduis
190 1600 375 1674 parnauebat,
399 1607 429 1656 ut
446 1615 502 1657 can
522 1603 579 1674 ojus
598 1599 705 1656 sodales
732 1599 772 1656 rei
799 1601 911 1657 anciliae
933 1603 1047 1662 evellere
1063 1610 1107 1663 rix

80 1703 209 1760 rdereni.
244 1699 324 1764 Quare
342 1715 399 1756 cunr
416 1700 529 1756 ancillae
548 1699 590 1756 rel
608 1705 768 1756 coaeuneas
786 1699 969 1768 observarent,
993 1705 1107 1778 aliquan

80 1801 115 1859 de
134 1801 188 1857 iilia
212 1813 294 1856 causa
314 1797 370 1854 ludi
394 1814 486 1855 versus
511 1798 690 1870 ¹)cappellaur
716 1801 818 1872 insequi
844 1799 996 1868 ridebatur,
1022 1811 1052 1860 ut
1075 1822 1108 1862 cr

80 1900 132 1957 boe
148 1897 263 1956 intrandi
287 1895 425 1954 connisos
449 1881 670 1969 opportunitatem
698 1903 823 1967 captaret.
859 1897 940 1962 Quen
958 1901 1108 1975 ingrediens

81 2014 171 2074 prus
189 1995 311 2054 flectebat
328 2002 373 2058 aut
390 1999 536 2068 pavimento
553 1995 673 2052 totaliter
689 1996 866 2063 incumbebat,
885 2004 913 2052 et
928 1997 989 2054 licet
1007 2001 1109 2060 littera.

82 2113 137 2156 rura
163 2097 284 2168 peritiam
307 2111 359 2150 non
384 2094 510 2162 baberet,
540 2101 626 2150 tauron
656 2109 743 2152 corani
772 2111 802 2151 so
831 2099 856 2150 lu
885 2097 1004 2154 ecclesiis
1027 2116 1108 2174 saepe

82 2197 234 2270 praiteriuru
252 2193 428 2266 expandebat,
447 2200 477 2249 ut
494 2191 685 2266 quodamnodo
702 2210 731 2250 so
749 2193 840 2267 legere
853 2193 969 2268 ingeret,
988 2214 1021 2254 na
1039 2201 1110 2258 velut

82 2300 236 2365 occupatan
255 2296 314 2366 quis
332 2293 483 2366 inpedirett
508 2308 538 2350 so
560 2306 663 2365 quoque
681 2307 736 2348 euru
756 2293 851 2363 puellis
870 2293 904 2348 od
927 2300 1022 2352 tarra·
1045 2315 1110 2371 pm.

82 2400 191 2452 struunt
214 2393 269 2448 ludi
292 2396 382 2464 specie
405 2391 590 2459 mensurabat,
620 2396 648 2445 ut
667 2391 715 2446 sub
741 2392 787 2468 tali
804 2395 943 2452 occasione
960 2395 1015 2452 Deo
1032 2415 1109 2455 rere-

81 2496 191 2550 rentltrr
209 2491 354 2552 exhiberet.
388 2489 416 2546 ln
439 2489 502 2548 ludo
519 2491 597 2547 elisur
616 2495 642 2546 ei
657 2491 810 2574 annulorum
829 2498 855 2548 et
872 2492 932 2547 aliis
950 2493 1020 2570 ludis
1037 2511 1110 2570 sporn

81 2597 162 2648 trun
174 2593 200 2648 iu
212 2591 267 2648 [ico
281 2590 405 2668 punobot
440 2588 471 2646 Et
483 2605 516 2646 ex
529 2587 580 2656 iris,
597 2604 665 2661 quac
683 2588 772 2660 puelia
783 2591 891 2662 parvula
905 2590 1056 2652 intrabatur
1068 2599 1109 2654 rei

81 2689 151 2750 eiius
168 2689 337 2762 peculiariter
353 2689 516 2762 possidebat,
536 2687 631 2760 puellis
650 2690 816 2760 pauperculis
835 2689 948 2746 desinas
966 2693 1111 2753 exhibebat

82 2789 208 2846 inducens
220 2803 276 2858 aaa,
294 2795 323 2844 ut
335 2803 415 2860 saepe
430 2790 574 2844 orationem
592 2786 745 2844 doninicauu
764 2789 880 2846 dicerent
899 2797 925 2845 et
942 2791 1035 2848 crebro
1054 2797 1109 2851 vlr-

82 2891 168 2962 glnsur
188 2889 354 2946 initiarent..
377 2885 505 2944 Crescens
524 2903 586 2944 veru
603 2904 651 2959 per
668 2894 779 2945 aetatem
797 2891 922 2960 tenporis
934 2897 961 2947 et
972 2895 1110 2951 cmscebat

81 2986 193 3062 anplius
210 3002 259 3058 per
275 2986 396 3042 sianum
415 2986 579 3055 devotionis,
604 3003 663 3044 natu
687 2987 791 3045 ineu
816 2990 944 3062 virgineus
961 2989 1009 3046 liet
1032 2996 1110 3066 geni·

81 3090 171 3148 tricare
189 3089 215 3140 ln
234 3087 276 3141 sul
295 3091 430 3158 patroban
448 3091 475 3141 et
491 3085 644 3144 advocatura
669 3094 695 3144 ct
712 3086 814 3144 natan
832 3087 976 3146 lobanuen
993 3105 1109 3166 evauge-

81 3187 168 3242 liatsur
200 3187 227 3242 lu
255 3200 321 3242 suec
352 3187 482 3240 castitatis
513 3188 653 3244 custodela
677 3188 768 3260 elegit.
814 3186 875 3244 eun
898 3190 964 3244 enirn
987 3192 1109 3266 ringulae

81 3283 222 3342 scindulae
247 3281 407 3358 singulorum
431 3287 611 3356 apostolorum
636 3286 784 3343 nominibus
806 3288 950 3359 inscriptae
967 3289 1045 3346 altari
1061 3293 1110 3346 int·

82 3389 240 3454 ponerentur
267 3388 293 3440 et
320 3383 454 3456 quaelibet
482 3385 591 3442 alitum
619 3386 761 3458 puellarum
792 3401 855 3442 meu
882 3386 933 3442 slbi
958 3389 1109 3446 sebsdularn

83 3483 275 3556 contingentem
293 3483 432 3555 acciperet,
451 3484 503 3538 ista
521 3473 642 3542 oratione
661 3485 720 3539 iasa
731 3485 814 3540 tribua
831 3485 931 3540 vicibus
949 3485 1109 3556 rciodulauu,

81 3579 128 3637 ubi
150 3597 242 3637 nonen
267 3583 352 3636 sancti
376 3581 447 3638 l’etrl
473 3588 530 3638 erat
553 3584 719 3654 inscriptura,
744 3590 772 3638 ut
790 3581 973 3652 desiderabat,
999 3575 1109 3658 accepit,

82 3679 115 3734 ad
134 3695 208 3751 quen
226 3681 299 3736 tanto
316 3678 465 3736 devotionis
485 3679 619 3737 terebatur
637 3679 741 3747 affectu,
758 3687 786 3736 ut
800 3681 865 3736 nibil
884 3683 910 3737 tn
930 3683 987 3754 ejus
1007 3686 1110 3742 nonina

82 3778 232 3850 petentibus
249 3777 403 3852 denegaret.
437 3777 476 3835 Ne
495 3795 557 3836 vero
577 3779 663 3835 nundi
681 3795 821 3838 successus
839 3779 891 3836 sibl
913 3783 1015 3836 niniunr
1033 3781 1108 3838 blan-

83 3875 197 3944 diretur,
222 3877 340 3950 quotidie
360 3879 387 3932 ln
409 3877 488 3935 rebus
506 3879 641 3949 prosperis
659 3877 710 3934 sibi
728 3877 827 3950 aliquid
847 3877 1010 3936 detrahebat
1045 3879 1109 3938 Gom

82 3977 149 4031 enin
167 3978 195 4032 in
212 3975 300 4048 aliquo
317 3973 380 4031 ludo
395 3976 446 4031 sibi
464 3991 591 4048 prospere
608 3977 772 4045 succederet,
792 3979 917 4049 reliquero
938 3981 1109 4038 intermittens

83 4073 203 4130 dicebat:
227 4073 289 4128 uolo
313 4072 474 4145 procedere,
503 4073 551 4130 sed
575 4081 683 4146 propter
706 4073 785 4133 [leun
811 4077 937 4147 reliquum
958 4079 1108 4137 intermitto.

83 4171 124 4227 ii
141 4171 252 4229 eborata
270 4187 374 4245 voque
392 4187 447 4228 curu
466 4171 562 4246 puellis
584 4177 696 4230 casuris
714 4174 860 4242 advocata,
883 4189 942 4232 cun
961 4193 1037 4234 unuur
1055 4182 1108 4236 clr-

135 4393 156 4448 Ι)
169 4391 209 4440 sd
221 4398 256 4454 i’r.
268 4393 403 4453 aepulari
416 4415 439 4430 -
453 4407 482 4440 ex
493 4393 535 4440 boc
545 4394 644 4440 intrandi
658 4409 678 4443 e.
690 4401 721 4439 ut
734 4395 986 4452 opportunitatem
995 4403 1037 4444 etc.
1049 4397 1109 4453 ierit.
