2866 5310
288 462 349 528 354
391 467 461 546 Cap.
476 466 617 526 LXXXV.
659 463 703 525 De
726 473 824 524 sancto
844 463 984 524 Geruasio
1005 471 1034 522 ct
1054 459 1215 522 Prothesio.

315 931 316 934 ψ
588 791 683 892 unu.
706 790 855 888 uiuus.
886 785 1020 890 <sonu
1263 865 1265 868 .

365 944 440 1015 llo
468 945 634 1016 sancto
654 942 892 1021 Gervesio
913 944 963 1016 et
981 934 1247 1015 Protlnaslo.

358 1105 501 1164 (leuterius
518 1121 535 1161 s
550 1119 641 1181 perer,
659 1106 730 1178 qnod
746 1113 788 1165 est
805 1120 916 1176 ssorum,
937 1114 963 1163 et
981 1121 1042 1164 ess:
1062 1104 1103 1162 rel
1121 1119 1139 1160 a
1155 1115 1234 1176 gens,
1253 1097 1325 1171 quod

292 1215 335 1266 est
355 1207 495 1274 taediatus,
519 1211 546 1262 et
563 1220 639 1277 spor,
666 1207 809 1278 parrulos,
836 1208 913 1279 qussi
937 1220 1015 1262 sacer
1036 1219 1085 1278 pcr
1107 1205 1178 1260 titso
1197 1201 1326 1262 mentum,

293 1324 340 1366 res
362 1322 411 1380 per
428 1306 549 1361 rlrtotun
567 1305 774 1376 receptaculum,
798 1308 956 1380 peregrinus
982 1321 1031 1377 per
1054 1302 1144 1361 mundi
1161 1305 1327 1362 assumtum,

293 1407 418 1480 porrulos
435 1421 483 1477 per
499 1405 542 1460 sul
559 1405 719 1477 despectum.

358 1504 514 1563 Prothssius
532 1521 549 1561 s
565 1504 689 1576 protilos,
716 1505 786 1578 quod
803 1512 845 1565 est
859 1507 985 1578 primurn,
1013 1510 1041 1562 et
1064 1518 1127 1576 spos
1154 1501 1240 1568 Draus,
1269 1501 1328 1556 sire

293 1606 413 1673 divinus,
431 1605 472 1662 vel
492 1605 618 1677 eprooui
637 1612 665 1660 et
682 1608 777 1672 statis,
794 1604 866 1679 quod
883 1611 924 1661 est
943 1606 1050 1676 positio.
1069 1605 1147 1676 qnasi
1164 1604 1262 1674 primns
1280 1614 1330 1671 per

292 1706 464 1779 dignitatem,
488 1705 592 1760 dlrinus
610 1721 658 1776 per
676 1705 860 1774 dilectionem,
882 1704 974 1776 procul
997 1706 1100 1776 positus
1117 1718 1134 1759 a
1152 1700 1241 1758 mundi
1262 1699 1329 1756 utie-

294 1805 390 1862 ctionc.
422 1803 518 1860 liorum
550 1806 701 1876 passionem
729 1805 884 1861 Ambrosius
910 1807 935 1860 ln
959 1802 1051 1862 lihcllo
1075 1803 1111 1861 ad
1135 1808 1215 1873 caput
1238 1815 1328 1857 eornm

294 1906 382 1977 posito
399 1905 521 1973 scriptam
539 1906 647 1960 invenlt.
797 1959 798 1964 χ
1047 1961 1050 1967 Δ
1188 1891 1193 1896 ’

362 2003 504 2062 Gerrosius
522 2010 549 2060 et
565 2002 720 2060 l'rothsstns
739 2007 836 2078 gemini
855 2005 952 2061 luntres
978 2002 1026 2060 tilii
1050 2003 1157 2061 luerunt
1178 2003 1264 2058 sunni
1281 1999 1329 2058 vt-

293 2103 355 2161 talls
374 2109 402 2160 et
417 2101 511 2160 heatso
527 2100 667 2172 Valeriam
684 2106 729 2177 qul
747 2107 835 2160 omniu
852 2119 902 2160 suo
919 2104 989 2160 hono
1007 2103 1169 2177 psuperlhus
1186 2107 1330 2176 erogantes

294 2202 434 2261 monebant
448 2217 506 2258 oum
523 2210 616 2259 sancto
633 2200 756 2270 Nazario,
775 2206 819 2276 qui
835 2203 905 2274 apud
924 2201 1090 2260 Ebrudunum
1109 2205 1253 2260 orawrium
1264 2217 1330 2258 con-

293 2303 414 2362 otruehut
433 2311 459 2359 et
476 2305 501 2358 ei
514 2299 607 2359 Celsus
625 2319 691 2375 puer
706 2302 811 2375 lapidos
829 2303 992 2377 porrigebat.
1028 2303 1104 2368 Quod
1121 2319 1185 2378 roro
1200 2301 1331 2359 Nezarlus

291 2405 346 2476 Jauu
366 2402 470 2461 Celsum
490 2401 615 2459 habuisse
633 2409 772 2473 narratur,
797 2402 865 2460 torte
889 2419 937 2476 per
960 2405 1173 2475 anticipationem
1191 2404 1331 2474 aootpttur,

295 2517 352 2558 oum
374 2502 454 2576 longe
477 2508 614 2573 postcom
633 2501 685 2558 sthi
704 2501 789 2560 luisse
805 2493 921 2564 oblatum
940 2518 973 2559 eu
993 2503 1112 2575 hystoria
1129 2502 1236 2559 llnssrlt
1252 2501 1329 2557 colli-

295 2610 382 2676 gatur.
417 2601 479 2657 (lum
511 2609 597 2658 autenu
627 2618 717 2659 omnes
741 2602 777 2658 ud
803 2601 930 2660 Nemeam
954 2605 1136 2674 imperatorem
1163 2602 1330 2668 ducerentur,

294 2702 455 2774 sequebatur
472 2717 518 2758 eos
537 2701 641 2773 ejulans
660 2719 725 2774 poor
741 2701 848 2769 Celsum
867 2719 942 2775 quein
958 2719 1015 2758 oum
1032 2717 1099 2758 unos
1118 2704 1225 2759 milltum
1243 2701 1330 2773 alapis

294 2802 418 2858 caederet
440 2809 466 2859 et
490 2801 642 2857 caedentem
659 2800 787 2858 Nunnius
804 2805 967 2874 increparet,
994 2804 1055 2859 lrstl
1076 2801 1173 2858 milites
1190 2800 1330 2857 linearium

214 2959 216 2964 ,
295 2899 411 2956 calcibus
435 2901 586 2958 oeciderunt
610 2908 643 2960 et,
660 2904 743 2974 ipsun
768 2917 825 2959 cum
848 2902 910 2959 aliis
932 2905 958 2957 in
983 2917 1091 2959 earnm
1116 2902 1282 2959 recluserunt
1304 2907 1331 2958 et

295 3001 458 3074 postmodun
484 3004 510 3057 in
534 3016 605 3058 mone
628 3004 885 3074 praecipitaverunt,
909 3001 1062 3059 (hernostum
1086 3017 1148 3058 reru
1172 3007 1199 3057 et
1216 3000 1328 3057 Prothe-

294 3104 361 3158 stum
378 3101 554 3158 Mediolanum
574 3102 712 3169 duxerunt,
731 3100 859 3159 Nauarius
876 3119 938 3160 uero
950 3102 1106 3158 miraculoso
1123 3101 1252 3158 liberatus
1270 3101 1329 3158 hie-

296 3201 428 3256 diolanunu
454 3203 533 3257 remit.
568 3200 606 3257 Eu
637 3209 754 3273 tempore
782 3205 985 3274 superueniente
1009 3206 1103 3258 comlto
1130 3201 1254 3268 Antonio,
1287 3204 1331 3276 qul

295 3308 388 3356 contra
408 3301 609 3356 Marcomannos
633 3300 848 3373 proiclooehetnr
874 3302 908 3358 ad
931 3303 1044 3370 bellum,
1074 3301 1187 3359 Deorum
1216 3303 1332 3359 cultores

297 3400 380 3458 eidem
401 3407 572 3463 occurrerunt
594 3408 763 3470 asserentes,
793 3402 863 3474 quod
887 3400 931 3459 Dii
955 3402 1007 3458 stht
1030 3401 1192 3474 respondere
1215 3409 1330 3458 oontem-

297 3507 402 3566 nerent,
427 3501 478 3554 nist
504 3502 576 3571 prius
605 3499 746 3558 Gerrnsius
772 3508 799 3558 et
825 3501 978 3558 Prothasius
997 3503 1166 3558 immolarent.
1204 3501 1332 3558 Contioum

296 3601 378 3674 igitur
394 3606 515 3656 tenentur
531 3607 558 3656 et
574 3607 603 3656 nt
619 3601 769 3658 sscrllicent
786 3603 935 3658 invitantur.
972 3602 1020 3659 (lui
1039 3617 1096 3661 oum
1116 3601 1257 3659 Genesim
1275 3617 1332 3657 om-

296 3700 341 3754 nia
357 3699 437 3771 ydola
456 3699 538 3755 surdo
555 3707 581 3756 et
599 3709 669 3756 muta
686 3702 786 3758 diceret
805 3709 831 3758 et
844 3705 927 3773 ipsunt
939 3703 973 3758 ah
986 3705 1164 3775 omnipotente
1176 3701 1232 3758 ileo
1249 3703 1332 3756 uicto·

299 3799 400 3871 rinuv)
426 3798 525 3854 hahere
542 3798 669 3868 doceret,
698 3804 781 3858 iustus
800 3801 898 3858 tamdiu
916 3819 973 3859 enm
991 3802 1132 3875 ptomhotis
1151 3801 1226 3858 coedi
1241 3802 1334 3873 jussit,

297 3898 419 3972 quamdiu
435 3901 555 3971 spiritum
574 3898 719 3958 exhalaret
755 3901 855 3958 Deinde
874 3900 1039 3958 Prothsslnm
1062 3903 1190 3959 accersiri
1211 3902 1276 3959 leoit
1293 3905 1333 3958 ei-

297 4015 348 4071 que
365 3998 444 4055 dixit:
467 4000 563 4068 miser,
587 3999 629 4057 uel
654 4006 680 4055 tu
705 4002 794 4056 virere
815 4002 892 4059 mode
910 4010 937 4060 ct
954 4005 1008 4060 noll
1025 4019 1081 4059 oum
1100 4001 1182 4058 tratre
1200 4008 1246 4061 tuo
1265 4003 1335 4059 mula

297 4104 381 4154 morte
397 4099 492 4172 perire.
528 4093 576 4156 Cui
594 4097 763 4158 Prothssius:
782 4103 841 4174 quis
856 4109 898 4158 est
916 4105 1011 4170 miser,
1038 4118 1099 4177 ego,
1119 4104 1161 4175 qni
1181 4110 1208 4158 te
1228 4118 1279 4158 non
1298 4103 1333 4158 ti-

298 4212 365 4264 meo,
383 4205 428 4254 aut
445 4205 483 4267 tu,
503 4201 546 4272 qui
565 4215 605 4256 me
619 4202 711 4257 timere
723 4200 869 4273 probaris?
904 4201 952 4261 Cui
968 4205 1109 4260 Astastns:
1130 4217 1180 4275 epo
1200 4211 1236 4271 te,
1253 4206 1335 4260 miser

296 4302 666 4317 *—

348 4347 370 4396 ll
387 4352 434 4391 lloe
457 4355 522 4404 copul
546 4350 647 4402 sequitnr
670 4349 692 4394 r'u
712 4351 874 4396 recentioribus
893 4350 958 4396 lieris
977 4359 1044 4409 copul
1064 4364 1161 4406 sequeno
1181 4352 1217 4396 rel
1236 4355 1331 4399 maum.

297 4417 320 4464 2)
331 4413 376 4460 Alli
391 4417 541 4472 requirere
560 4417 672 4464 debere.
