2866 5310
330 454 391 516 322
530 453 602 533 Cap.
623 451 738 513 Lxxn.
780 452 825 512 De
846 451 1035 511 adscensione
1057 451 1178 511 domini.

334 619 408 670 oona:
432 613 492 684 quir
510 618 553 669 est
567 614 633 676 iate,
652 612 696 682 qni
715 612 786 672 venit
803 617 853 669 ato.
873 617 899 668 et
916 614 943 666 in
959 610 1079 683 psalmo:
1106 611 1168 683 quin
1191 616 1231 666 en
1249 626 1288 666 rer
1303 614 1346 685 pir-
1400 635 1415 666 e

335 716 412 774 riae?
445 713 588 785 Dionyiiua
613 718 698 766 autom
723 712 749 766 in
773 711 841 767 libro
869 711 1008 784 angelicae
1036 711 1206 768 hierarchiae
1235 727 1288 782 cap.
1307 712 1348 772 ill.
1403 735 1415 768 r

333 817 468 876 insinuare
485 813 604 878 videtur,
626 812 696 882 quod
716 812 775 866 duur
796 810 917 867 Christus
941 811 1135 878 adscenderet,
1159 820 1214 867 trec
1239 816 1349 884 quamin-
1406 835 1415 866 ι

333 929 382 970 nea
401 915 436 969 ab
452 913 556 984 angelis
574 913 662 970 iactae
679 918 748 969 runi.
783 913 894 970 Primam
913 912 1034 967 lecerunt
1050 915 1169 982 majores
1185 911 1271 984 augeli
1284 911 1351 966 adir-
1412 935 1415 966 ι

334 1016 416 1071 ricem
428 1012 480 1068 sibi
494 1014 569 1084 ipsiu,
587 1011 729 1071 ecouudaru
744 1013 862 1068 iecerunt
876 1014 927 1082 ipsi
940 1013 1054 1082 majores
1072 1011 1182 1067 ciriato
1197 1011 1354 1074 adscendmti,
1411 1035 1415 1066 ι

334 1116 439 1190 tertiana
451 1113 571 1169 lecerunt
584 1116 699 1170 minores
714 1113 868 1185 majoribus.
889 1111 1024 1175 Quaerunt
1037 1113 1119 1184 igitur
1134 1114 1205 1166 inter
1217 1127 1248 1166 rc
1261 1113 1355 1184 majorca
1414 1149 1415 1152 η

334 1216 467 1270 dicenter:
497 1213 557 1284 quia
582 1220 624 1268 eat
645 1215 712 1279 iste,
739 1214 784 1285 qui
807 1214 880 1268 reoit
904 1211 938 1266 de
962 1208 1045 1266 Edorn
1073 1213 1167 1266 tinctis
1191 1213 1306 1266 vestitor
1320 1220 1356 1266 en

333 1311 416 1369 Edem
439 1313 587 1385 sanguinea
610 1313 813 1382 interpretator,
836 1310 923 1366 Boura
950 1313 1062 1376 munita,
1088 1313 1166 1382 qnasi
1188 1310 1291 1366 dicant:
1314 1315 1357 1382 pair
1396 1311 1397 1315 ’

333 1421 375 1470 est
392 1415 452 1472 istc.
470 1414 513 1484 qni
534 1416 605 1466 rcnit
619 1411 652 1466 de
671 1411 765 1465 arundo
784 1413 930 1483 sangunineo
946 1425 996 1478 per
1011 1417 1148 1479 peccatum
1170 1419 1197 1466 et
1215 1415 1309 1466 munito
1325 1429 1359 1482 per

333 1513 458 1568 maiitiam
482 1517 576 1567 contra
596 1509 695 1578 licum,
718 1508 761 1565 rel
779 1512 823 1582 qni
847 1511 919 1566 uenit
941 1508 975 1564 dc
998 1510 1093 1566 mundo
1117 1513 1269 1586 sanguineo
1291 1517 1315 1566 ct
1330 1513 1359 1565 iu-

335 1613 410 1669 lcrno
430 1612 551 1666 munitat
585 1608 738 1680 Respondet
757 1609 890 1666 dominns:
914 1625 966 1682 ego
991 1609 1036 1681 qni
1055 1609 1151 1680 loquor
1172 1612 1305 1682 justitiam
1322 1619 1359 1666 etc

334 1711 475 1781 Dionysius
493 1709 568 1779 ponit
586 1709 665 1764 tolera
684 1710 802 1764 literam:
829 1706 982 1780 egoenim,
1009 1707 1085 1775 dicit,
1112 1711 1222 1780 disputo
1245 1713 1361 1783 justitian

333 1818 360 1865 ct
380 1809 510 1880 J'odioiuor
531 1806 665 1863 salutaria.
702 1807 729 1863 ln
754 1807 916 1864 redemtione
942 1807 1046 1862 lunoni
1068 1812 1177 1882 generis
1196 1807 1247 1865 suit
1261 1811 1361 1881 justitia
1414 1839 1415 1848 ι

333 1913 360 1965 in
388 1914 510 1982 quantana
534 1907 636 1962 scilieet
661 1907 747 1962 lactor
769 1913 915 1963 creaturam
938 1923 1012 1962 snam
1037 1908 1181 1966 ariamiro
1200 1909 1312 1964 alienam
1330 1925 1361 1964 rr·

334 2011 418 2074 durii,
436 2013 463 2063 cl
475 2005 524 2061 inin
536 2007 675 2079 judlc'tum,
696 2010 721 2062 iu
740 2013 863 2078 quantun
882 2008 1021 2078 dyabolum
1040 2011 1191 2064 invasorem
1209 2010 1292 2064 alieni
1305 2009 1363 2081 juris

333 2109 367 2165 alr
385 2123 435 2173 co,
455 2122 530 2179 quem
549 2104 706 2176 possidebat
724 2107 867 2173 hominen,
887 2117 1009 2177 potenter
1028 2109 1108 2178 ejecit
1152 2107 1209 2164 Sed
1233 2109 1363 2165 secundun

335 2208 386 2263 linc
404 2207 468 2262 lecit
487 2203 629 2277 Dionysiae
647 2209 828 2278 quaestionem
848 2207 929 2262 hano:
955 2221 1011 2262 oum
1030 2210 1081 2279 ipsi
1108 2210 1265 2279 superiores
1286 2209 1364 2282 angeli

333 2309 387 2363 rint
404 2305 461 2361 lico
478 2305 591 2376 proximi
609 2311 636 2359 ct
654 2305 801 2361 immediate
819 2321 837 2360 a
854 2305 910 2362 lieo
929 2307 1120 2374 illuminentur,
1144 2323 1230 2378 qnare
1255 2309 1289 2363 ab
1307 2311 1363 2363 inri-

335 2422 391 2463 cern
411 2411 555 2478 quaerant,
574 2405 650 2475 quasi
668 2402 702 2457 ali
721 2405 832 2460 inriccro
850 2405 953 2462 discere
973 2409 1119 2477 cupientes.
1157 2405 1214 2462 Sed
1231 2411 1301 2464 sicut
1318 2408 1364 2462 soi·

336 2509 371 2562 rit
389 2507 447 2577 ipse
466 2511 492 2560 ct
510 2508 698 2559 commentator
715 2506 830 2574 exponit,
848 2508 873 2558 ln
893 2521 925 2561 oo
943 2504 1013 2577 qnod
1027 2506 1208 2579 Interrogann
1227 2507 1366 2580 significari

335 2619 365 2660 ae
382 2604 517 2660 scientiam
535 2609 670 2672 appelare.
706 2601 735 2657 ln
752 2617 784 2657 co
802 2609 899 2670 auten,
917 2605 988 2675 qinod
1006 2607 1090 2675 prino
1103 2605 1173 2660 lnior
1189 2609 1366 2674 reconierert

333 2705 528 2774 demonstrant,
554 2701 625 2773 quod
650 2703 763 2757 divionna
791 2704 817 2758 in
841 2719 871 2758 eo
893 2705 1090 2775 percussionem
1106 2721 1161 2760 non
1179 2702 1280 2761 audent
1298 2721 1362 2777 prae-

333 2805 431 2859 ncnirc.
468 2801 543 2873 npon
561 2816 591 2856 sc
609 2815 673 2873 ergo
691 2803 775 2872 prima
795 2803 960 2874 interrogare
979 2803 1141 2869 delituerant,
1168 2819 1204 2860 nc
1224 2803 1299 2860 iartc
1314 2805 1363 2860 illu·

331 2903 508 2967 minationem,
526 2915 595 2972 quae
612 2902 678 2970 lpnie
695 2901 780 2957 alico
799 2899 836 2967 lit,
853 2884 930 2966 nimie
948 2899 1046 2958 lustina
1063 2903 1275 2975 interrogatione
1295 2921 1361 2976 prar-

331 3003 445 3058 ne'uinnt.
481 2999 605 3055 Socanda
621 3003 742 3071 quaestio
761 3008 818 3068 eat,
845 3016 921 3072 quau
940 3001 1059 3057 locarunt
1077 3003 1128 3072 ipei
1148 3005 1267 3073 supremi
1285 3003 1363 3076 angeli

330 3099 366 3156 ad
387 3100 518 3156 Christum
536 3100 671 3154 dicenter:
696 3115 778 3170 quaro
796 3117 860 3174 ergo
878 3103 984 3157 cularum
1003 3107 1045 3156 est
1064 3099 1242 3156 indumentum
1259 3111 1327 3159 ιιιιιιιι
1344 3111 1363 3158 ιι

330 3201 447 3273 vestigia
468 3205 515 3254 toa
539 3201 608 3254 siout
634 3201 788 3256 calcantium
815 3201 1012 3257 intercalari?
1046 3202 1172 3254 iiominus
1199 3203 1297 3257 dicitur
1325 3201 1362 3258 ia-

330 3301 421 3354 boissc
441 3297 632 3365 indumentum,
658 3299 685 3354 id
706 3307 748 3355 est
764 3315 860 3370 corpur
878 3315 953 3355 ιιιιιιιι
977 3299 1098 3366 rubrum,
1125 3299 1153 3352 id
1177 3306 1220 3355 est
1243 3305 1365 3373 anagniae

331 3404 508 3462 cruentatum,
535 3413 568 3452 ex
587 3413 619 3452 eo
638 3399 708 3470 qnod
726 3397 900 3466 adhucdum
917 3399 1107 3465 adscenderet,
1131 3399 1158 3453 in
1181 3415 1297 3471 corpure
1322 3417 1364 3456 con

327 3497 466 3551 cicatrices
483 3495 609 3552 habebat.
642 3496 733 3552 Voluit
758 3501 826 3555 eninr
851 3500 990 3556 cicatrices
1009 3499 1035 3552 ln
1056 3515 1167 3570 corporo
1185 3497 1365 3558 soo'acrnarc

329 3577 471 3651 occandum
495 3595 566 3667 quod
592 3596 658 3651 dicit
680 3595 770 3665 Beda,
803 3599 920 3670 quinque
952 3597 1107 3654 decausis.
1142 3599 1189 3652 Λιι
1219 3600 1288 3654 cuim
1319 3601 1365 3654 cic:

328 3697 468 3750 cicatrices
494 3695 613 3750 doninus
639 3701 755 3753 serravit
779 3703 806 3754 et
824 3697 966 3770 injudicio
986 3704 1139 3753 servaturus
1157 3705 1217 3767 est,
1243 3707 1273 3754 ut
1295 3698 1366 3754 iden

327 3795 531 3849 resurrectIonia
548 3794 682 3862 adstruat,
703 3803 731 3851 ιι
748 3813 795 3869 pro
814 3795 964 3852 homiuibus
982 3797 1155 3868 supplicando
1174 3812 1222 3852 cae
1239 3800 1310 3868 patri
1329 3813 1367 3852 re·

327 3899 494 3963 praesnntct,
515 3899 544 3946 nt
562 3892 642 3962 boni,
662 3911 738 3966 quarn
757 3893 965 3952 misericorditer
984 3899 1037 3951 aiat
1056 3894 1182 3963 radenti,
1202 3896 1325 3962 rideant,
1343 3903 1370 3952 nt

328 3992 450 4060 reprobi,
480 4007 556 4063 quom
583 3993 658 4064 justo
683 3997 736 4048 aiot
764 3995 895 4062 dominati,
932 4002 1140 4068 recognoscant,
1170 4003 1199 4050 ut
1225 4005 1368 4066 perpetuae

325 4091 453 4146 uictoriae
470 4105 535 4146 suac
552 4101 650 4146 certum
666 4093 823 4163 triumphurn
841 4093 954 4148 deierat.
991 4093 1056 4148 Huic
1071 4109 1135 4166 crgo
1150 4097 1303 4165 quaestioni
1321 4096 1367 4150 do·

322 4189 407 4242 minus
425 4189 464 4243 sic
482 4191 635 4261 respondit:
660 4191 778 4247 torcular
799 4190 898 4246 calcari
922 4193 996 4248 eolus
1013 4199 1042 4248 ct
1061 4192 1094 4248 dc
1113 4193 1238 4264 gentibue
1258 4211 1311 4249 oon
1330 4201 1369 4251 eet

321 4287 364 4340 nir
380 4303 477 4343 mecum
498 4295 525 4343 ct
543 4295 631 4359 potest
649 4291 738 4345 vocari
757 4290 873 4345 torcular
892 4307 965 4358 crox,
984 4293 1009 4345 in
1028 4308 1081 4363 qua
1100 4299 1230 4363 tanquam
1249 4291 1275 4347 in
1292 4293 1369 4364 prela

319 4388 358 4440 ric
384 4401 493 4456 pressus
518 4395 577 4452 ent,
602 4391 631 4442 nt
655 4391 732 4444 ctiam
756 4390 867 4462 sanguia
893 4391 933 4445 ric
959 4389 1147 4447 eliunderetnr.
1182 4389 1232 4446 vei
1251 4391 1369 4447 torcular
