2842 5286
304 461 366 522 264
539 461 611 540 Cap.
637 458 739 520 Lvm.
782 459 826 518 De
847 461 947 518 usneto
970 457 1108 534 Georgio.

305 617 389 686 niter,
405 617 530 692 numquit
546 635 600 676 uon
617 618 672 675 ulixi
690 616 750 684 tibi,
767 633 801 672 ne
818 618 926 688 neptus
943 616 1097 672 ebristtsnis
1120 611 1253 669 molestus
1272 625 1353 678 essm,

306 720 370 792 quis
385 717 458 775 lleus
477 735 566 774 eorum
583 735 633 790 pro
651 720 719 789 ipsis
737 723 888 789 pugnaret,
906 725 933 772 et
950 731 1019 771 nune
1036 716 1128 782 soles.
1147 727 1190 768 ne
1209 711 1281 767 velle
1300 710 1353 766 teri

307 817 490 873 olrrlsllsuum.
525 817 695 888 Stupeieotnu
719 831 767 871 rex
788 818 841 872 sit:
863 815 917 873 ben
935 813 1003 888 proli
1024 811 1115 870 tlulorl
1140 810 1269 883 nunquid
1285 818 1312 866 et
1327 817 1354 864 tu

308 931 338 973 es
353 916 483 990 sednetsi
504 913 631 987 Feoitqne
645 930 761 986 comper
772 915 885 987 eupitius
896 913 1025 988 suspendi
1039 919 1066 970 et
1083 910 1202 985 flagellis
1218 909 1354 966 duriustne

309 1015 394 1072 enodi.
430 1015 504 1080 Qnue
516 1015 576 1070 lum
593 1014 757 1080 caederetur,
777 1012 844 1069 dixit
856 1013 987 1087 Georgio:
1005 1012 1106 1084 Georgi
1124 1011 1214 1065 lumen
1227 1011 1354 1072 ueritatis,

310 1131 372 1186 uuo,
390 1121 478 1187 putes,
495 1111 850 1186 perreniumnoudumsqne
867 1113 992 1186 baptismi
1006 1112 1121 1167 renate?
1153 1109 1202 1164 Gui
1214 1108 1354 1181 Georgium

310 1213 377 1268 nihil
395 1211 528 1279 haesites,
558 1211 628 1279 lulis,
651 1213 714 1283 quis
738 1214 876 1286 sanguinis
900 1215 938 1267 tui
963 1211 1059 1268 olineto
1078 1211 1231 1281 baptismus
1249 1211 1298 1263 tibi
1316 1223 1354 1274 re

310 1311 447 1383 putabitur
464 1317 492 1367 et
509 1309 616 1366 eorone.
651 1309 728 1365 'lone
752 1309 800 1365 ills
817 1326 897 1367 ornus
916 1312 951 1367 nl
973 1312 1104 1366 dominum
1123 1311 1214 1366 emisit
1232 1309 1355 1378 spiritu.

311 1411 379 1467 lluio
396 1416 539 1466 attestetur
555 1408 712 1465 Ambrosius
730 1411 756 1463 ln
775 1410 944 1480 praelatione
963 1409 1070 1465 lloens:
1088 1409 1123 1464 olo
1141 1407 1192 1463 lieo
1206 1415 1234 1465 et
1245 1408 1355 1479 gentius

312 1511 407 1582 regine
425 1509 564 1565 Persemm
583 1507 684 1564 erudeli
702 1525 719 1563 n
735 1512 792 1564 ntro
818 1507 919 1565 liuteis
941 1513 1077 1566 seutentie
1097 1507 1213 1564 nondum
1239 1506 1356 1577 baptismi

312 1610 427 1682 gretiam
446 1614 588 1663 oonseeutu
605 1607 742 1680 gloriosae
759 1610 894 1679 passionis
915 1610 1010 1664 meruit
1025 1607 1147 1680 peluem
1165 1606 1298 1662 undenso
1311 1604 1357 1659 olr-

313 1707 401 1763 biture
416 1721 568 1779 possumus,
593 1706 663 1778 qnod
681 1723 762 1762 rosea
778 1707 889 1778 perisse
907 1709 1045 1781 sengululs
1065 1709 1135 1763 unde
1151 1712 1290 1762 reseretur
1308 1705 1358 1775 poli

311 1809 409 1879 januas
433 1803 540 1878 ingredi
565 1808 658 1861 meruit
681 1823 843 1880 regnumque
866 1809 1006 1878 possidere
1031 1807 1174 1862 ooelorum.
1210 1805 1283 1860 llseo
1300 1805 1359 1860 Δι-

313 1907 431 1962 brosius.
469 1905 596 1977 Sequenti
621 1920 686 1960 uero
708 1904 753 1960 ulie
776 1903 908 1979 Georgius
932 1911 1036 1979 eooepii
1055 1909 1232 1972 sententious,
1260 1913 1289 1960 ut
1315 1919 1360 1976 pm

314 2012 396 2061 totum
413 2005 546 2061 oluitntem
564 2003 725 2071 traheretur,
744 2006 910 2077 postmultum
924 2007 1012 2078 cupite
1026 2008 1170 2078 puniretur.
1206 2003 1302 2060 Grovii
1315 2019 1359 2058 ιι-

317 2112 369 2166 tous
386 2104 420 2160 sl
438 2103 584 2170 lominum,
603 2109 632 2158 ut
649 2105 797 2176 quicunque
814 2105 874 2177 elus
892 2105 1047 2177 imploraret
1062 2105 1206 2172 uomitum,
1225 2106 1361 2176 petitionis

316 2221 384 2261 snus
399 2209 607 2276 eousequeretnr
622 2201 756 2270 ellectum,
782 2201 872 2259 olisius
890 2212 977 2260 sutem
993 2211 1046 2260 uox
1064 2203 1097 2261 ed
1116 2221 1176 2261 euuu
1193 2207 1275 2268 veuit,
1293 2203 1361 2277 quel

317 2305 358 2360 sie
376 2303 461 2370 beret,
478 2309 508 2357 ut
524 2303 621 2358 erevit.
655 2300 793 2374 completo
805 2305 927 2360 oratioue
945 2305 1042 2375 ospitis
1055 2305 1207 2362 nbuomloue
1218 2306 1363 2360 martirium

317 2405 507 2459 consummarit
529 2400 579 2456 sub
603 2400 776 2468 ltyoeletluno
795 2411 822 2457 et
846 2401 1024 2470 Maximiano,
1051 2406 1096 2476 qui
1123 2411 1270 2475 euenerunt
1294 2407 1365 2460 eirea

318 2517 411 2558 sunum
430 2499 528 2556 domini
549 2497 752 2566 cclxxxiv,
779 2501 912 2558 Decianus
932 2509 1018 2558 nutem
1037 2518 1094 2558 eum
1115 2501 1150 2560 us
1169 2503 1248 2570 loeo,
1268 2506 1296 2559 in
1314 2520 1366 2576 quo

320 2599 467 2658 uleoollutus
493 2605 549 2665 est,
578 2599 612 2656 el
636 2599 762 2671 palatium
785 2599 899 2670 rediret,
925 2603 994 2675 ignis
1019 2603 1053 2659 de
1070 2603 1147 2659 ooelo
1165 2604 1265 2659 oeoidlt
1279 2609 1307 2659 et
1325 2605 1366 2675 lp·

314 2695 378 2756 'sum
402 2716 460 2756 eum
485 2700 612 2755 ministris
642 2702 699 2754 unis
718 2703 870 2757 oonsumslt
905 2700 998 2758 lteiert
1023 2701 1170 2776 Gregorius
1190 2701 1368 2768 Turonensis,

321 2799 409 2873 quoti,
431 2814 489 2855 oum
513 2800 618 2871 quidem
645 2799 772 2874 quntum
796 2800 924 2873 reliqulus
947 2805 1034 2858 snuotl
1058 2801 1169 2875 Georgii
1187 2801 1326 2858 uleierrent
1342 2807 1370 2857 et

321 2902 350 2956 in
368 2898 482 2972 molen
500 2901 619 2956 erutorlo
640 2900 769 2974 inssisti
786 2893 909 2967 luissent,
926 2916 1002 2957 mnne
1019 2901 1168 2958 unllutenns
1185 2917 1297 2973 oenum
1313 2918 1370 2957 uuu-

322 3014 386 3055 sere
407 3003 565 3068 potuerunt,
593 2998 677 3057 tonse
701 3001 800 3058 ibidem
828 3001 999 3074 reliquiorum
1023 3003 1180 3073 portionlnm
1203 3001 1371 3056 dimiserunt

321 3097 436 3172 Legitur
455 3101 483 3152 iu
500 3096 621 3170 hystorie
639 3099 822 3162 Antiooheuu.
848 3101 934 3174 quoti,
959 3116 1016 3157 oum
1034 3101 1172 3156 olrristlsni
1189 3101 1223 3154 sd
1240 3101 1372 3156 obsiden-

325 3196 386 3252 nlum
413 3196 560 3254 Jerusalem
585 3205 745 3272 pergerent,
773 3200 879 3272 qululnur
899 3201 1006 3271 iuvenis
1029 3202 1244 3271 speeiouissimns
1267 3200 1373 3256 ouius·

325 3295 462 3352 ssoeudoti
479 3297 619 3368 apperuit,
649 3301 696 3371 qui
713 3306 831 3355 suuoiuuu
849 3297 993 3372 Georgium
1010 3297 1102 3356 lucem
1120 3298 1325 3356 oluristlnnorun
1344 3317 1375 3357 se

326 3411 389 3451 esse
406 3393 498 3450 disens
517 3399 631 3464 monuit,
656 3405 685 3453 ut
704 3401 762 3471 ejus
781 3401 907 3471 reliquias
924 3413 1015 3454 seenuu
1035 3399 1064 3454 lu
1079 3398 1226 3456 Jerusalem
1246 3399 1375 3470 deporte-

325 3501 388 3550 reut
409 3498 436 3575 ot
459 3496 519 3564 ipse
541 3507 598 3550 eum
622 3498 658 3551 iis
682 3503 763 3554 esset.
799 3499 862 3554 cnm
881 3503 969 3554 eutem
991 3497 1138 3555 Jerusalem
1156 3497 1331 3556 obsedissent
1350 3506 1378 3556 et

327 3593 470 3649 snmomn
488 3594 674 3651 resistentibus
692 3612 740 3670 per
755 3597 843 3655 scelus
862 3597 1026 3653 edsoendere
1041 3614 1094 3653 uon
1110 3596 1256 3666 animem,
1279 3599 1378 3654 loeutus

329 3690 464 3764 Georgius
481 3691 551 3746 elbls
566 3696 646 3750 ermis
665 3695 772 3752 indutus
791 3705 819 3752 et
836 3711 914 3753 ernee
933 3695 1014 3751 rubro
1031 3698 1172 3771 insignitus
1190 3700 1316 3768 apperuit
1336 3701 1379 3753 lu-

328 3804 425 3857 nuoue‚
444 3797 551 3862 etpost
568 3808 598 3848 se
616 3795 706 3849 seonri
723 3791 917 3852 nlsoenslerent
934 3803 961 3852 et
981 3797 1112 3853 etuttntsm
1130 3798 1290 3856 obtinerent
1327 3798 1380 3863 Qui

330 3887 383 3945 boo
400 3891 507 3946 minuti
525 3891 658 3950 melloten
676 3901 805 3966 oeperunt
821 3901 848 3952 et
865 3895 1016 3952 Serneenos
1034 3897 1195 3953 suesorum
1297 3917 1298 3920 ¹

751 4161 958 4184 -un--d—u-
