2866 5310
265 483 339 564 Cap.
362 480 516 543 ctxxxt.
557 483 603 543 De
624 491 725 542 sueto
745 479 865 562 Pelagio
886 499 973 563 papa.
1033 440 1035 444 Α
1071 477 1131 544 841

98 647 238 720 armigeris
260 650 288 703 et
312 644 378 703 doce
401 652 430 702 et
450 641 591 701 sacerdote
617 643 727 700 veritate
751 649 885 714 conperta
904 641 954 698 iiat
973 640 1135 696 ordinationi

97 745 273 802 resistendum
291 762 343 802 non
362 761 422 803 ease
435 743 538 800 riditet
550 742 610 800 ideo
624 758 672 814 pro
683 758 765 814 puero
784 745 888 798 nittens
906 758 963 798 earn
982 756 1043 798 esse
1059 756 1133 797 soona

97 862 223 919 generosa
247 845 404 919 approbarit
426 853 451 904 et
474 850 535 917 post
561 859 590 900 ae
614 858 728 916 regnare
751 843 872 898 institnit
906 841 934 898 ia
960 841 1020 898 ioco
1036 847 1132 909 sotera,

97 945 144 1002 siri
162 962 229 1018 poor
244 947 381 1004 ideinricos
401 953 477 1002 natas
495 945 560 1013 itit,
586 943 675 999 nobile
693 943 878 999 nonasterium
900 940 1065 999 aedificatam
1084 947 1133 1008 est,

98 1047 169 1118 qaod
194 1063 277 1120 osque
299 1047 379 1104 irodie
396 1045 509 1104 iiraanta
526 1048 659 1100 nonioata
677 1050 728 1103 est.
762 1042 814 1116 iste
831 1041 967 1100 iieinrtcrre
985 1058 1075 1099 ornnes
1089 1044 1134 1115 Jo-

98 1147 232 1204 eaiatores
250 1163 265 1204 a
284 1149 359 1204 caria
375 1163 424 1204 aaa
444 1147 554 1202 renrortt
572 1152 599 1203 et
615 1161 684 1218 qaae
701 1143 742 1201 iris
764 1145 830 1202 dare
852 1148 1043 1212 concreverat,
1066 1158 1134 1216 pas·

99 1247 208 1319 periisse
225 1248 363 1321 erogabat
398 1247 481 1318 iiotoa
506 1251 624 1319 ternpore
642 1253 741 1303 taotsrn
762 1245 877 1302 scitisne
897 1247 924 1300 in
943 1244 1059 1301 ecclesia
1075 1243 1133 1312 isit,

98 1354 200 1406 nitrea
218 1351 243 1404 io
261 1363 375 1404 sannas
394 1347 530 1420 pontiioes
550 1346 626 1404 eiecti
649 1354 746 1405 essent.
781 1348 803 1404 Α
823 1345 934 1420 qrodan
951 1351 1038 1401 tanen
1056 1331 1133 1416 pres·

98 1448 195 1516 littero,
217 1451 321 1505 nornine
341 1446 478 1515 Gratiano,
499 1462 595 1520 magna
612 1446 666 1504 iiiia
684 1447 746 1506 data
764 1449 874 1520 pecnnia
892 1445 977 1506 eiden
998 1452 1135 1502 cessarunt

98 1555 124 1604 et
141 1551 199 1622 ipse
218 1555 340 1622 papaton
360 1548 481 1604 obtinuit.
517 1549 552 1604 at
568 1546 705 1605 iietnriooa
722 1549 781 1604 don
799 1563 848 1620 pro
861 1546 979 1604 sedando
991 1539 1140 1603 scirisrrata

96 1647 203 1706 donaro
222 1656 355 1723 pergeret,
373 1648 515 1706 Gratianus
532 1649 558 1704 ei
575 1647 687 1706 oisrians
704 1663 810 1706 aareaor
825 1664 947 1705 coronarn
963 1648 1015 1703 sitsi
1028 1645 1133 1715 cicutis,

96 1755 125 1805 nt
142 1751 282 1822 propitiosa
307 1747 359 1805 sibi
384 1746 506 1806 haberet.
539 1747 586 1804 iiia
611 1755 696 1805 asten
721 1755 814 1806 cancta
836 1748 1004 1805 disainsisns
1030 1745 1133 1820 synodo

95 1855 242 1906 convocata
264 1849 416 1907 Gratianum
441 1848 474 1904 de
498 1850 610 1904 simonia
633 1851 746 1906 convicit
766 1856 793 1906 et
809 1849 888 1906 aiioor
905 1849 1070 1924 subrogarit
1104 1847 1133 1904 irs

95 1949 260 2007 iitrrotanen
275 1949 403 2023 ¹)iioniai‚
417 1965 493 2021 quens
508 1951 578 2006 nisit
592 1949 626 2006 ad
641 1951 799 2006 comitissam
813 1949 1012 2021 ¹)Meetnrtitn‚
1026 1949 1134 2018 dicitnr,

97 2050 184 2122 qood,
202 2067 258 2108 can
277 2049 410 2124 presbiter
428 2049 597 2122 simplicitate
614 2051 706 2108 ductor
724 2051 901 2123 pontiicntnr
918 2051 969 2109 sitsi
989 2067 1038 2124 per
1051 2067 1136 2124 μαψ,

96 2154 165 2207 niara
182 2154 352 2224 acquisierit,
377 2157 406 2208 ot
427 2151 562 2208 schismati
586 2153 724 2220 obviaret,
749 2154 808 2224 ipse
830 2153 993 2226 postnodsor
1017 2169 1133 2211 errorent

79 2268 171 2314 ,soon
199 2269 364 2327 cognoscens
393 2268 423 2309 se
453 2254 536 2325 ipson
569 2251 697 2308 asstante
722 2255 880 2325 inperatore
902 2253 1034 2326 deposcit.
1049 2293 1050 2296 ,
1068 2254 1133 2311 Post

95 2353 164 2410 donc
181 2353 326 2411 iietnricsar
346 2355 440 2410 tertios
459 2351 595 2410 Heinriers
613 2355 733 2426 inperat.
767 2351 851 2427 idajae
868 2361 985 2426 tenpore
998 2354 1087 2412 Brona
1103 2359 1132 2412 in

97 2470 190 2528 papan
215 2455 324 2529 eiigitur
346 2461 373 2511 at
390 2453 447 2511 Leo
465 2461 589 2522 recator,
614 2455 673 2528 qai,
695 2452 755 2510 don
778 2454 812 2512 ad
835 2455 1025 2527 capessendam
1042 2456 1132 2514 sedern

96 2556 270 2627 apostoticam
287 2553 393 2612 nonen
411 2562 553 2628 pergeret.
577 2554 680 2611 audivit
701 2571 780 2613 rocca
799 2557 954 2631 angolorum
969 2560 1131 2615 sonantiora:

95 2657 159 2714 dicit
180 2657 318 2724 dominas,
342 2672 393 2730 ego
417 2658 508 2729 cogito
534 2659 711 2730 cogitationes
733 2659 807 2730 pacis
829 2666 881 2720 eto.
914 2656 964 2714 iiic
987 2658 1021 2715 de
1044 2659 1132 2716 nattis

95 2759 196 2814 senode
219 2763 312 2814 cantu
336 2759 492 2829 conposuit.
527 2755 582 2813 iioc
605 2766 723 2830 tenpore
746 2773 794 2829 per
816 2757 1003 2834 Berengsrion
1026 2759 1133 2818 turbata

96 2859 147 2915 tait
163 2858 293 2927 scalada,
316 2860 361 2931 qai
379 2857 519 2914 maerebat
536 2873 634 2929 corpas
653 2865 679 2916 et
696 2861 850 2931 sanguines
870 2859 968 2917 Christi
987 2877 1038 2918 noo
1059 2877 1130 2930 rare,

95 2959 144 3017 aad
158 2958 297 3034 figurative
311 2975 371 3016 esse
382 2961 409 3014 in
422 2959 511 3018 sitast.
529 2959 627 3015 Contra
639 2974 714 3031 quero
728 2961 955 3037 scripsitegregie
967 2963 1132 3020 Lanirancss

95 3063 169 3140 prior
191 3060 312 3118 dotanda
337 3063 443 3117 nataae
466 3055 621 3131 Papicnsis‚
647 3061 691 3132 qai
710 3061 761 3116 tuit
780 3065 908 3137 magister
924 3064 1040 3123 arcetur
1060 3065 1131 3120 can-

93 3163 248 3221 tranensis.
281 3160 381 3219 Deinde
402 3167 511 3234 quartas
530 3159 667 3217 iieioricos
688 3163 800 3236 inperat
822 3179 891 3220 onoc
910 3163 1007 3221 donini
1024 3163 1131 3233 nttvtt,

93 3265 170 3334 caios
200 3268 319 3335 tenpore
348 3265 459 3319 nerine
490 3260 578 3318 iiorait
603 3259 777 3321 Lanirsnosa.
825 3263 868 3321 ad
898 3265 975 3340 cotos
1010 3267 1131 3324 cainiana

94 3361 239 3420 doetrinarn
257 3363 410 3419 convolarit
425 3362 460 3420 dc
477 3361 633 3438 Bargondta
648 3362 787 3423 noscimus
810 3367 850 3421 rir
869 3365 1034 3440 postmodun
1050 3367 1130 3424 nnita

93 3465 190 3520 sirtota
215 3469 242 3519 et
263 3465 396 3534 sapientia
419 3455 590 3534 adornatos..
608 3471 635 3521 et
659 3466 683 3520 ei
708 3466 734 3520 tn
759 3467 876 3536 prierato
902 3470 1055 3524 nonasterii
1079 3467 1131 3525 aa·

69 3617 73 3623 .
93 3566 177 3622 tersis
195 3567 334 3622 successit.
369 3564 494 3634 Scirtiroo
512 3573 630 3638 tempora
647 3563 796 3624 Jersaaioro
818 3581 834 3624 a
854 3566 996 3624 &rasonis
1019 3575 1131 3645 captas

93 3664 217 3722 iideiibos
230 3673 391 3739 'recuperata
407 3673 459 3726 est.
494 3667 563 3725 0ass
583 3665 655 3723 beati
672 3664 774 3724 Nicoiai
792 3666 863 3742 epod
879 3665 1022 3725 iiarenaenr
1041 3670 1131 3728 orben

93 3765 224 3825 trarrsiata
239 3775 309 3826 rant.
343 3755 383 3824 ne
401 3785 454 3840 qno
472 3768 540 3826 inter
558 3767 788 3844 percontentur,
805 3767 886 3842 qood,
905 3769 964 3826 daos
976 3773 1002 3826 tn
1017 3771 1129 3844 quadan

94 3866 219 3937 ecclesia,
232 3883 300 3942 qnae
312 3868 408 3926 dicitur
419 3877 514 3926 sancta
525 3885 600 3941 crox,
613 3869 735 3945 subjecta
748 3869 967 3930 sanotaeiiiariae
980 3871 1133 3932 decoritate

93 3968 205 4028 aosdoar
218 3968 290 4026 beati
299 3968 402 4027 Ntooiai
414 3971 772 4044 noraisystortacantaretnr¹
788 3972 883 4030 iratres
896 3974 1019 4045 priorarat,
1033 3981 1062 4032 ot
1074 3991 1132 4034 earo

92 4070 146 4129 aiiri
157 4076 264 4126 cantus
275 4070 379 4138 iicerat,
399 4072 539 4130 instantius
555 4073 710 4130 exorabant.
735 4072 785 4138 tisri
798 4072 948 4130 naiiatcnrra
960 4076 1131 4148 acquiescens

93 4169 178 4238 dixit,
198 4173 368 4244 incongruunt
388 4187 465 4240 esse,
485 4189 581 4230 rnorern
600 4174 738 4246 priatinrrnr
756 4171 790 4232 de
807 4172 968 4234 noritatiiros
986 4177 1131 4234 innotare.

94 4268 156 4328 Con
171 4269 257 4328 adiroo
270 4271 369 4329 iratres
381 4275 518 4344 instarent,
534 4272 579 4332 iiie
590 4273 742 4348 indignatos
756 4274 906 4346 respondit:
928 4277 1054 4346 recedite,
1073 4275 1130 4334 irs·

144 4497 167 4551 ti
180 4495 222 4544 1⁴1.
234 4499 269 4546 i'r.
283 4495 390 4544 dorreti
403 4496 465 4553 iasii.
540 4503 564 4556 ²2
577 4499 619 4547 Ed.
632 4504 667 4546 i'r.
679 4497 812 4546 itatiiara
825 4475 900 4549 oleri.v
