2866 5310
248 99 322 177 esp.
344 98 460 158 txvtt.
512 98 556 158 De
584 109 682 158 sancto
702 103 812 160 tucho
834 104 976 182 apostolo.
1069 102 1132 166 295

424 325 522 427 cnr.
545 327 671 424 ttttt.
702 331 796 428 (63.)

247 480 322 550 lie
349 480 517 551 saneto
537 481 722 553 Jooono
743 483 969 568 apostolo.

147 643 268 702 twcsn
281 643 466 715 supplantator
480 647 521 702 ret
531 635 705 718 supplantant
719 648 886 704 festinantem
899 648 940 704 rei
952 664 1124 722 praeparans.
1172 713 1175 716 ,

77 741 129 798 t'et
156 741 258 800 dieitur
273 741 390 801 Jacobus
408 759 426 800 a
444 744 480 812 ta,
496 745 566 818 quod
585 752 627 802 est
642 746 729 814 Dens,
753 753 780 802 et
793 747 884 816 cobar,
909 748 979 821 qnod
998 755 1040 804 est
1058 765 1124 806 onus

75 842 122 898 rei
147 842 264 914 pondu.
299 841 347 900 Vei
370 842 489 902 dsoobna
514 835 722 918 qnasi‘taeepnr
745 860 761 900 a.
775 845 867 918 laento
893 854 920 903 et
946 862 1028 919 copo,
1053 849 1125 920 qnod

76 950 122 998 est
141 944 244 1010 rassin,
271 942 348 1014 qnasi
367 957 462 999 caesna
481 943 590 1014 jaculis.
626 941 729 1000 iiic'itur
751 962 817 1019 ergo
836 947 1021 1018 supplantator
1036 945 1124 1002 nundi

75 1059 129 1114 por
147 1048 321 1109 contentum,
345 1042 519 1114 supplantans
536 1043 704 1101 festinantem
723 1043 878 1116 dyabolum,
905 1060 1070 1118 praeparans
1088 1045 1124 1102 ad

76 1157 158 1198 enne
174 1140 273 1198 boum
288 1155 384 1212 corpur
400 1158 486 1200 suun.
518 1141 610 1200 Maiae
636 1147 704 1202 enirn
729 1144 869 1214 passionen
889 1143 966 1201 nobis
983 1146 1072 1200 insunt
1090 1162 1123 1203 es

77 1244 181 1308 trinus,
206 1243 275 1297 sicut
297 1239 362 1296 dtett
386 1238 531 1314 Gregorius
556 1239 710 1314 Nyssenna:
735 1259 769 1300 ex
793 1242 863 1298 rnaia
888 1242 1046 1301 educatione
1064 1247 1122 1302 stre

77 1341 299 1407 mansuetiora,
322 1355 358 1408 cs
381 1342 502 1412 eorporis
525 1340 595 1397 nata
617 1340 789 1410 hebitudine,
811 1343 927 1400 enutrio
945 1345 1120 1416 ignorantiae.

77 1440 213 1496 tisrsutrr
227 1446 323 1506 auten,
342 1445 371 1494 nt
386 1438 458 1507 dicit,
476 1455 509 1496 eu
527 1439 599 1496 isone
614 1441 814 1507 consuetudine,
831 1442 903 1496 bono
921 1445 1120 1510 exercitatione,

75 1539 169 1596 studio
189 1539 333 1595 docuinee.
369 1538 416 1594 Sic
428 1538 523 1596 beatus
542 1537 658 1597 Jacobos
679 1555 709 1596 se
729 1543 831 1597 ararit
848 1547 875 1598 et
889 1538 951 1597 ideo
970 1557 1067 1614 corpus
1085 1542 1118 1598 ad

76 1655 154 1696 orsne
178 1639 273 1694 tronusr
298 1646 418 1710 paratura
442 1638 543 1695 habuit.
579 1638 681 1696 Dicitur
703 1642 782 1697 etiarn
807 1639 909 1712 pondus
934 1639 1046 1696 divinum
1072 1658 1119 1715 por

75 1740 236 1812 praetem
253 1754 372 1807 nornis,
385 1737 485 1811 Jaentis
504 1753 599 1796 ouem
616 1755 667 1812 por
682 1739 834 1796 nartirturn.

142 1844 178 1899 1.
200 1837 318 1896 lacobus
341 1840 393 1894 ists
416 1839 555 1909 spoatotu's
571 1844 680 1894 nocuus
699 1844 741 1896 est
756 1837 872 1894 Jacobns
890 1837 996 1909 Alphei,
1014 1843 1119 1896 soitteet

74 1939 166 2006 ditas,
189 1938 272 1994 trater
290 1935 389 1994 dontnt
405 1936 521 1993 lacobus
537 1940 623 1994 minor
640 1944 667 1996 et
682 1937 797 1994 iacchus
817 1938 921 2009 Jnsrue,
938 1936 1053 1994 iambos
1070 1940 1118 1996 At·

73 2037 139 2112 phet
157 2037 255 2094 dicitur
268 2054 322 2092 uon
339 2042 438 2092 tantm
455 2035 596 2093 secundnm
614 2052 727 2104 moen,
744 2035 794 2093 sed
810 2036 888 2091 ettan
907 2036 1050 2093 secundun
1069 2055 1117 2095 no-

73 2139 154 2193 ninis
170 2137 423 2208 interpretationem.
459 2133 577 2207 Atpineus
602 2138 670 2192 euius
689 2139 880 2210 interpretetur
898 2136 991 2192 doetus
1009 2135 1051 2193 set
1066 2137 1116 2194 do-

71 2242 221 2294 mentun
245 2233 287 2291 uel
311 2234 439 2308 fugitiuus
466 2235 507 2290 uei
531 2235 694 2292 ntttesinrns.
729 2235 832 2293 Dicitur
848 2251 914 2308 ergo
932 2234 1050 2294 Jacobus
1067 2238 1113 2294 nt-

72 2335 154 2408 pso,
185 2337 249 2408 qnia
273 2334 325 2390 tuit
348 2334 442 2392 doctus
473 2349 522 2406 per
543 2336 671 2391 oetentiae
696 2338 909 2407 inspirationem,
935 2334 1115 2394 documentnn

71 2453 123 2510 per
139 2435 251 2492 alienun
269 2433 459 2501 endruonen,
483 2433 610 2506 tugitirus
627 2433 661 2491 de
685 2434 781 2490 nunde
797 2451 847 2508 por
864 2433 1070 2504 despectionem,
1089 2442 1116 2492 et

70 2535 227 2592 ndiestnna
244 2549 293 2606 per
307 2531 463 2592 humititatis
479 2535 679 2604 reputottoneun.
714 2531 808 2590 Frater
834 2532 937 2606 quiden
956 2533 1053 2588 donini
1072 2534 1112 2590 dt-

71 2638 144 2694 ettur
160 2650 194 2690 ex
212 2649 261 2702 eo,
279 2634 351 2706 quod
367 2632 515 2688 stuititnsus
533 2631 586 2687 stbt
604 2632 687 2690 tuisse
704 2631 872 2703 perhibetur,
894 2632 962 2688 meo
986 2639 1015 2688 st
1030 2633 1112 2704 piori-

71 2751 125 2810 qse
149 2736 176 2790 tu
198 2749 287 2789 eorun
308 2733 399 2804 specto
424 2730 587 2790 intimetur.
622 2731 696 2790 tinds
716 2747 773 2788 eun
794 2731 890 2790 Judaet
907 2731 941 2788 ad
958 2731 1113 2804 capiendum

72 2835 205 2892 tiirtstun
222 2838 381 2906 pergerent,
399 2847 432 2889 no
451 2830 519 2888 torte
535 2830 663 2889 iacobum
683 2833 708 2888 tn
727 2846 844 2902 persona
861 2831 962 2888 Christi
977 2839 1111 2903 swerent,

70 2933 193 3002 adeda,
218 2933 264 3005 qui
282 2930 414 2989 Christnn
438 2946 456 2987 s
477 2929 579 2988 Jacobo
604 2936 727 3003 tanquan
747 2947 837 2987 eornns
854 2930 994 2988 tanitiaris
1014 2932 1112 3002 optino

70 3031 254 3100 disoenedst,
272 3033 376 3106 sigunu
389 3031 474 3088 osculi
490 3036 659 3101 aeceperunt.
693 3029 750 3087 ttoc
764 3032 843 3086 ettam
867 3036 982 3086 testatur
991 3027 1112 3104 ignatius

69 3139 99 3191 ts
121 3131 238 3206 wistets
260 3130 295 3187 ad
319 3128 464 3190 semen
489 3129 680 3203 esangoitrtan
706 3132 747 3186 sto
769 3131 876 3187 dicens:
900 3131 924 3185 st
948 3128 1047 3186 ttottun
1070 3135 1112 3186 est

69 3232 135 3290 rnttri
152 3229 223 3303 apud
239 3236 282 3298 te,
308 3228 344 3285 ad
361 3228 553 3285 iiierosottssse
570 3236 661 3302 partes
679 3229 740 3285 roto
757 3229 936 3296 adscendere,
962 3236 991 3284 ut
1009 3228 1110 3284 rideam

67 3333 143 3389 iiten
161 3329 337 3389 rwenbitens
353 3327 489 3396 iacobum,
507 3329 552 3400 qut
571 3330 772 3401 cognominatur
784 3331 884 3401 iustus,
902 3343 978 3400 quen
994 3328 1113 3384 reterens

68 3432 177 3489 Christo
194 3428 258 3487 teon
274 3428 431 3484 sisrttiirnasr
449 3427 533 3496 tucio,
553 3430 610 3484 sita
633 3434 660 3484 ot
685 3427 764 3484 mode
785 3429 1009 3494 conuersationis,
1036 3443 1068 3482 ao
1085 3429 1108 3481 si

67 3530 188 3605 ersden
204 3529 274 3585 utert
290 3528 375 3584 trater
393 3533 466 3584 esset
484 3528 622 3600 genetiuo.
659 3526 748 3596 Quen,
766 3528 864 3594 dicunt,
882 3529 905 3582 st
925 3525 1012 3594 rideo,
1030 3525 1109 3582 uideo

67 3639 98 3688 et
119 3629 251 3686 canon·
273 3627 364 3686 desen
389 3625 532 3684 seenuduu
557 3627 645 3682 onnia
660 3630 780 3699 corporis
798 3626 965 3683 lineamenta.
999 3625 1049 3683 Vei
1068 3625 1109 3680 di-

66 3726 369 3794 eorumeorurn,
394 3727 517 3798 quonian
536 3725 657 3782 Christus
678 3725 853 3794 etiamtunc,
875 3727 945 3782 sieut
966 3740 984 3780 a
1006 3724 1109 3780 duabus

65 3828 207 3888 somnitus
233 3826 444 3894 descenderant,
468 3828 509 3881 cio
526 3841 543 3881 o
560 3826 664 3882 duobus
682 3824 809 3881 tratribus
824 3825 925 3896 Joseptr
943 3829 969 3880 et
989 3822 1109 3895 Cieopha

65 3927 230 3986 descendero
244 3926 413 4000 putabantur.
446 3925 504 3982 iton
522 3927 590 3982 enirn
610 3923 706 3982 dicitnr
725 3926 808 3981 tentor
822 3922 929 3984 donnini.
948 3923 1107 3995 quiescerit

65 4028 137 4084 trtius
153 4027 255 4098 Josepts
272 4028 364 4100 sponsi
384 4023 487 4084 ituriae
508 4023 542 4082 dc
559 4025 613 4082 atta
630 4039 727 4086 uxore,
753 4023 822 4078 stent
848 4023 931 4096 ntiqui
953 4021 1045 4079 soient
1062 4020 1104 4076 di-
