2866 5310
187 491 262 568 Cape
282 487 397 548 vau.
444 489 488 548 De
509 501 608 548 sancto
629 489 739 546 incubo
760 489 902 568 apostolo·
1003 485 1061 548 ³⁰1

58 659 105 700 :urs
127 653 184 714 est,
204 648 231 698 in
247 645 342 700 nulius
361 647 513 702 ouunutsri
533 651 629 716 potest.
665 643 697 699 tu
709 642 903 714 vespertinus:
921 647 964 716 qul
980 645 1064 700 uiotus

58 786 77 810 1,
105 743 171 816 quid
195 745 284 804 lesere
305 743 413 815 potest?
447 742 481 800 Et
503 742 650 814 losephus:
672 743 774 816 aliquid
800 743 888 798 lasere
905 750 1013 814 potero,
1038 746 1063 800 si

58 846 99 900 tis
116 847 184 904 oseis
209 857 288 898 sums
313 850 372 897 tuss
390 841 549 898 demulsero.
586 841 617 896 El
635 840 829 913 Vespasianus:
849 843 1018 909 nuneedstur,
1037 853 1064 898 ut

58 943 110 998 riuis
129 944 183 998 tuis
196 942 345 1008 inhaerens,
365 947 392 997 et
404 941 530 1014 quidquid
545 939 608 996 boni
618 939 737 1008 ¹dicturus
752 956 790 1006 es,
807 941 918 1014 pusidos
932 942 1056 998 adiutus

70 1041 221 1112 toseplus:
240 1043 384 1112 inperator
400 1040 531 1096 Ronanus
551 1043 652 1096 interiit
666 1047 693 1102 et
709 1048 818 1094 seustus
837 1043 1019 1112 impensiorem
1038 1049 1065 1097 te

58 1145 94 1198 st
129 1141 163 1196 Et
180 1139 373 1210 Vespustuuns:
397 1141 421 1193 sl
446 1139 578 1212 propinus
600 1155 645 1202 es,
672 1153 754 1211 quoue
779 1156 831 1194 uon
859 1154 889 1195 ee
908 1142 1065 1196 ustluiustus

58 1245 90 1296 ie
102 1242 221 1308 uisitsti,
241 1239 311 1312 quod
328 1253 403 1294 ueto
420 1241 456 1293 sit
471 1237 642 1310 subjioieedu
658 1238 759 1294 ditioni.
793 1236 828 1294 Et
844 1239 994 1308 loseplsns:
1017 1255 1066 1312 ner

58 1340 142 1396 Ales
152 1339 204 1394 huo
221 1341 256 1393 iis
266 1331 395 1409 praedixi.
429 1336 534 1394 luteres
545 1339 627 1410 legati
643 1336 815 1392 lionsuoruus
828 1342 943 1402 ueniunt,
961 1339 1064 1410 Vespa·

58 1455 125 1496 usust
145 1442 172 1494 tn
191 1439 326 1508 inperium
344 1436 510 1492 sublineium
528 1443 650 1491 usserunt
676 1453 785 1508 eumque
802 1437 907 1492 Romen
925 1415 1064 1494 deducunt.

58 1555 79 1594 no
98 1553 205 1611 quoquo
223 1534 354 1590 Eusebius
374 1537 400 1592 iu
419 1535 544 1591 chronius
560 1541 691 1601 testetur,
715 1535 785 1607 qnod
813 1536 917 1594 retituet
931 1536 1065 1608 loseplus

58 1639 190 1709 nuperisuo
205 1634 336 1708 proediuit
353 1643 405 1688 ιιιιι
427 1633 461 1688 de
479 1636 647 1705 impensioris
666 1643 749 1690 morte
768 1651 844 1708 quun
863 1634 898 1692 de
915 1651 965 1692 suu
979 1636 1063 1691 suili-

58 1739 147 1792 itiune.
182 1733 298 1806 Reliquit
315 1740 401 1788 unteun
420 1733 599 1804 Vespasianus
624 1731 712 1789 Titurs
732 1732 816 1802 ¹dliuus
840 1751 914 1790 suum
940 1738 966 1791 ln
990 1737 1063 1792 obsi·

58 1853 105 1892 une
123 1831 286 1897 Jerusalem,
321 1831 400 1888 Titus
425 1839 528 1898 suun,
555 1839 584 1887 ut
606 1834 633 1888 lu
657 1833 747 1890 sudeus
772 1833 891 1906 hystorie
914 1837 1067 1908 spuoryplss
1103 1895 1105 1898 .

58 1939 139 2012 gitur,
158 1931 270 1988 uudiens
288 1938 389 2002 possen
406 1947 481 1990 suun
499 1935 525 1986 iu
545 1933 681 2002 inperium
698 1932 881 2008 sublinetur,
908 1941 980 1990 tnnto
998 1952 1062 2008 guu-

58 2050 69 2090 n
89 2041 117 2088 et
134 2031 311 2089 exsultatione
329 2029 454 2102 repletur,
473 2026 545 2102 quod
562 2046 699 2085 nonerunt
720 2031 900 2088 uuutusotloue
914 2049 946 2088 ex
960 2034 1062 2108 trigidi-

58 2143 79 2190 te
105 2134 248 2204 surripitur
271 2136 298 2185 et
323 2129 408 2188 altero
430 2145 507 2184 crure
526 2127 679 2184 debilitatus
704 2129 819 2198 paratust
839 2131 991 2204 torquetur,
1016 2133 1066 2190 lu·

58 2233 126 2306 pius
142 2237 229 2286 sutoun
241 2229 351 2288 audiens
360 2227 448 2283 'lituu
461 2229 577 2300 paralysi
590 2227 723 2296 laborare,
742 2244 847 2284 esusaru
861 2230 943 2285 murini
960 2237 987 2286 et
999 2239 1063 2288 tenu·

58 2349 74 2388 s
89 2332 176 2388 morbi
186 2328 390 2402 diligentissime
404 2329 521 2399 inquirit
558 2325 644 2382 Genus
660 2331 785 2394 nesolius,
799 2329 905 2384 morbus
919 2333 1066 2402 ignoretur.

58 2457 60 2470 =
78 2438 197 2500 tenpore
215 2433 314 2491 nuens,
340 2429 462 2498 qusninn
487 2424 579 2480 auditu
602 2428 685 2496 patris
709 2415 838 2482 electione
856 2427 908 2484 luo
925 2429 978 2483 silui
996 2433 1064 2486 soui-

58 2534 111 2596 rit,
129 2530 256 2599 operitur.
289 2525 422 2596 losephus
441 2532 527 2581 sutem
553 2526 594 2580 uir
608 2525 734 2596 prouidus
755 2534 781 2581 et
797 2527 906 2600 sopiens
925 2545 957 2584 ex
977 2521 1068 2601 peusis

58 2631 108 2684 sits
130 2626 245 2697 coniecit
272 2633 297 2680 ot
321 2641 353 2680 ex
381 2632 499 2694 tenpore
523 2623 639 2677 morbum
663 2631 689 2678 et
707 2639 812 2680 oausam
831 2628 944 2693 inuenit,
970 2632 1067 2692 solens,

58 2729 98 2783 iod
115 2725 215 2800 gaudio
234 2731 262 2780 et
278 2725 383 2780 institis
399 2722 623 2794 superabundanti
642 2721 796 2778 debilitatus
819 2723 906 2782 luerit
941 2726 1065 2783 Animad-

59 2836 133 2884 rteus
157 2828 263 2898 iisque,
292 2827 356 2896 quio
378 2815 513 2877 contrusis
536 2824 678 2878 contrariis
700 2831 840 2891 oursutur,
873 2826 961 2882 soiens
990 2829 1069 2882 etism

58 2931 90 2983 iis
107 2925 178 2998 qnod
196 2939 285 2980 uuus
303 2923 499 2995 oouquneritur,
518 2919 610 2976 dolose
627 2922 780 2992 trequentes
791 2925 927 2990 omittitur,
940 2939 1070 2997 qusureue

61 3027 132 3098 epit,
150 3039 191 3092 su
202 3024 300 3096 sitque
316 3028 405 3088 esest,
432 3022 476 3091 qui
494 3021 621 3090 usinolpls
640 3021 759 3076 intuious
777 3021 908 3078 obnoxius
926 3030 1066 3082 toleretur.

58 3132 136 3182 ¹erst
154 3124 191 3178 ibi
211 3107 303 3179 seruus
320 3121 388 3176 adeo
407 3117 471 3174 'lito
491 3118 632 3184 molestus,
660 3125 688 3176 ut
711 3121 768 3176 siue
792 3119 940 3178 vehementi
964 3131 1068 3179 nontur-

58 3228 137 3279 ttiuue
156 3223 306 3278 nullatenus
323 3223 351 3275 in
368 3236 425 3275 eun
446 3225 538 3290 posset
556 3220 705 3288 respicere,
728 3234 777 3275 neo
796 3223 877 3277 stiunt
893 3235 986 3277 nonen
1011 3224 1070 3300 ejus

58 3323 139 3390 odim
159 3323 226 3384 dixit
245 3324 334 3393 itoqus
354 3319 431 3376 Tito:
450 3320 474 3373 si
493 3320 580 3384 oursri
602 3315 756 3384 desideras,
774 3335 879 3390 omnes,
903 3323 949 3393 qul
967 3323 994 3376 in
1012 3337 1070 3377 neo

58 3425 154 3478 ›snitstu
172 3423 306 3488 seuerint,
326 3419 416 3475 ssluos
435 3419 526 3473 ineius.
563 3415 725 3473 duillius:
751 3411 898 3490 quionnqne
916 3421 1005 3474 intuo
1023 3435 1066 3475 uo-

58 3522 121 3577 itstu
147 3523 262 3584 uenerit,
288 3534 398 3574 seuurus
424 3513 555 3572 habentur
577 3524 605 3571 et
627 3515 726 3570 solvus.
762 3513 840 3571 'l‘uno
860 3515 993 3588 loseulsus
1016 3521 1070 3574 eitu

58 3619 167 3674 nudius·
191 3619 248 3676 dori
271 3619 408 3690 proecepit
434 3623 460 3671 et
482 3625 598 3671 ueusstn
622 3629 696 3671 suun
718 3629 825 3671 neusse
842 3613 898 3670 Titi
920 3619 1076 3689 oppositum,

58 3721 129 3773 ussit
156 3724 183 3772 et
205 3733 310 3773 sersun
334 3717 469 3772 udentris
488 3717 544 3769 suls
563 3713 659 3769 sedere
677 3713 748 3768 lesit
785 3711 866 3778 Quen
885 3712 963 3770 Titus
981 3717 1069 3786 respi-

58 3831 102 3872 ιιι
119 3815 242 3872 molestis
257 3815 429 3871 conturbatus
449 3813 584 3868 intremuit
603 3817 638 3879 et,
657 3814 703 3884 qut
721 3813 795 3883 urim
811 3812 911 3886 goudio
924 3813 1068 3886 infrigide-

58 3915 184 3982 sissent,
203 3915 360 3970 secessione
377 3911 475 3968 iurorls
493 3909 604 3968 inuoluit
618 3925 766 3981 uersosque
791 3908 945 3968 distendens
962 3919 1069 3967 uurstus

59 4015 86 4068 it.
123 4013 187 4068 Post
204 4011 255 4066 lruu
274 4012 352 4068 'litus
371 4018 398 4068 et
415 4027 519 4068 seruum
537 4013 563 4064 tu
582 4011 623 4065 sul
641 4010 755 4080 gestium
780 4015 807 4064 ot
822 4008 966 4081 losephunu
983 4012 1013 4070 ln
1026 4013 1069 4066 sni

58 4113 171 4166 uiuitisus
191 4114 298 4182 sucepit.
333 4109 421 4166 lltruuu
440 4117 527 4166 sutem
544 4109 612 4166 ineo
629 4107 750 4180 hystorie
768 4107 901 4164 uorusndu
917 4111 969 4174 sit,
986 4108 1068 4165 leutu-

58 4226 65 4265 ι
85 4211 189 4281 judicio
217 4211 387 4282 relinquntur.
423 4209 533 4264 Biennio
559 4209 643 4280 igitur
664 4221 681 4261 u
701 4207 764 4262 Tito
786 4206 933 4264 lerusuleus
955 4209 1070 4270 obsesso

58 4315 96 4364 ier
114 4316 222 4364 eneters
240 4307 323 4370 usis,
343 4323 411 4379 quoe
428 4308 556 4362 obsessos
573 4307 694 4379 graviter
710 4306 904 4378 perurgebunt,
921 4303 1003 4360 'tantu
1027 4305 1068 4360 is-

58 4421 81 4464 us
99 4423 188 4464 onnus
205 4410 305 4475 tenuit,
322 4407 392 4480 quod
410 4413 535 4480 parentes
552 4404 615 4460 lillis
632 4410 659 4460 el
677 4403 723 4459 niu
739 4401 910 4476 parentinum
934 4403 986 4457 riri
1002 4417 1068 4457 uso·
