2918 5302
239 507 310 587 Cap·
335 507 467 571 cxxvi.
510 511 556 570 De
578 511 682 570 sanctis
704 511 800 572 Felice
822 523 852 571 et
873 511 1011 572 Adaucto.
1084 509 1146 571 bib

106 677 135 728 nt
152 670 258 745 lugeret
275 675 349 724 etse
373 665 512 727 liberaret.
546 666 715 740 Quapropter
737 671 877 728 sanctulus
901 671 936 728 ad
964 671 1146 728 decollandum

105 770 247 827 adductam
272 773 300 825 ct
322 765 356 820 ad
381 763 431 820 hoe
458 765 616 823 tortissimus
641 768 787 838 spiculator
810 771 934 842 cligitur,
964 771 998 826 de
1023 789 1075 844 quo
1098 772 1147 826 do-

106 870 181 925 binm-
195 887 246 924 uon
265 875 338 935 erat,
366 867 429 936 quin
452 881 503 920 uuo
521 867 574 921 ictu
597 873 675 938 caput
694 869 752 938 eJ'us
773 869 957 938 abscinderet,
985 877 1146 942 extrusoque

107 970 192 1036 collo,
218 983 273 1024 unm
301 964 420 1023 carnifex
444 965 507 1019 lorti
531 968 625 1020 annisu
650 966 785 1023 brachium
809 982 865 1022 cum
884 983 946 1024 errse
965 971 991 1024 iu
1009 971 1088 1026 altum
1106 969 1142 1026 le·

107 1076 206 1133 resset,
224 1067 269 1122 ille
288 1069 408 1137 protinus
427 1066 479 1121 ait:
500 1071 591 1121 sancte
609 1063 760 1133 lohannes,
781 1069 886 1138 suscipe
905 1068 986 1135 illum,
1006 1072 1147 1141 statimqne

107 1166 243 1222 brachium
268 1167 432 1237 percussoris
460 1166 567 1235 irriguit
588 1171 615 1222 rt
639 1173 727 1220 erecto
750 1168 776 1221 iu
795 1167 871 1221 coelo
891 1167 983 1238 gladio
1003 1168 1147 1224 iallcxibile
1236 1199 1237 1204 κ

109 1268 234 1321 remansit
253 1265 436 1336 praestitoque
450 1265 615 1336 juramento,
640 1263 710 1334 quod
729 1264 762 1320 de
783 1271 887 1322 caetero
908 1267 1004 1321 nullum
1022 1266 1147 1323 christia·

108 1382 167 1419 muru
187 1365 293 1432 teriret,
314 1367 355 1422 vir
371 1365 419 1421 liei
439 1380 487 1436 pro
507 1381 538 1422 co
557 1363 645 1422 orarit
663 1371 690 1419 ct
707 1363 842 1420 brachium
860 1367 949 1422 statim
969 1365 1101 1438 deposuit.

525 1613 732 1627 W

432 1889 527 1988 llll’.
552 1888 691 1987 atad.
718 1889 826 1990 (tat.)

232 2044 307 2114 lte
329 2040 513 2113 sanctis
534 2041 698 2114 Felice
726 2043 776 2114 ct
795 2039 1023 2113 Adamcto.

174 2203 248 2262 Felix
266 2207 399 2278 presbiter
417 2213 444 2264 et
461 2207 545 2265 trater
563 2221 642 2273 suus,
668 2206 789 2262 similiter
813 2207 916 2261 nomine
934 2203 1008 2259 Felix
1027 2209 1052 2260 ct
1070 2217 1146 2273 pros-

109 2305 194 2372 biter,
219 2305 388 2376 [lpoclrtiamo
407 2313 434 2364 ct
451 2306 613 2363 Maximiano
633 2305 719 2360 oblati
737 2312 807 2360 suat.
841 2303 954 2366 Quorum
977 2305 1069 2357 senior
1091 2317 1147 2355 oum

108 2403 143 2460 ad
169 2399 291 2475 templum
316 2404 442 2477 Serapis,
465 2413 494 2461 nt
518 2404 614 2460 ibidem
639 2404 816 2470 sacrificaret,
842 2400 971 2457 adductus
995 2405 1082 2468 osset,
1106 2403 1148 2454 tn-

108 2503 226 2559 suidarit
251 2504 276 2557 in
299 2503 393 2560 iaciens
411 2511 517 2560 statuas
533 2509 561 2560 ct
577 2505 696 2574 protinus
721 2504 823 2560 cecidit.
859 2503 957 2560 linctus
976 2501 1097 2556 similiter
1113 2496 1148 2553 ad

108 2606 222 2656 statuam
252 2601 378 2657 Mercurii
407 2604 508 2673 pariter
539 2602 685 2658 lasuttlarit
714 2611 741 2658 et
770 2605 889 2674 protinus
925 2607 1014 2657 statua
1041 2597 1148 2655 cecidit.

108 2701 207 2758 Ductor
232 2704 311 2758 tertio
338 2700 373 2756 ad
393 2703 558 2758 simulacrum
574 2701 676 2757 Dianae
700 2703 823 2757 similiter
841 2703 912 2758 lecit.
948 2701 1047 2756 Tortns
1065 2700 1149 2770 igitur

108 2803 135 2856 iu
160 2801 272 2872 equuleo
300 2800 393 2854 ductus
420 2807 460 2856 cst
484 2809 577 2872 quarto
602 2799 636 2854 ad
660 2801 780 2857 arborem
799 2802 974 2875 sacrilegam,
998 2805 1027 2853 nt
1050 2796 1147 2852 ibidem

109 2900 269 2966 immolaret,
293 2901 339 2972 qni
360 2899 437 2954 llexis
460 2900 574 2972 genibus
592 2901 680 2954 orarit
696 2907 723 2956 et
741 2904 767 2954 in
786 2901 907 2956 arborem
925 2900 1036 2955 sulinos
1054 2913 1111 2954 cana
1131 2911 1149 2951 a

107 3000 199 3056 radice
223 2999 366 3054 subvertit·
377 3005 403 3054 et
420 2999 586 3054 simulacrum
603 3014 660 3054 cnm
678 3014 726 3053 ara
744 3006 770 3056 et
785 2999 883 3071 templo
900 3000 996 3054 arbore
1008 3002 1147 3052 corruente

109 3101 240 3155 contrtrit.
278 3098 353 3160 Quod
379 3114 436 3154 eum
461 3097 613 3170 praelectus
639 3098 800 3166 audivisset,
825 3115 883 3154 eum
906 3099 1002 3155 ibide·
1020 3096 1149 3152 decollari

108 3201 243 3270 praecepit
261 3204 288 3252 et
303 3213 400 3269 corpus
421 3199 479 3269 ejus
498 3197 568 3269 lupis
592 3203 618 3253 et
634 3199 744 3254 curribus
763 3197 912 3269 dereliquit.
947 3197 1021 3254 Tunc
1040 3194 1147 3268 quidam

108 3298 135 3352 tu
162 3297 275 3352 medtirm
299 3302 406 3367 repente
431 3297 573 3369 prosiliens
598 3296 768 3353 christianum
791 3313 820 3353 se
837 3297 921 3352 tibere
939 3296 1077 3368 protessus
1096 3299 1146 3350 rat.

108 3396 193 3452 Arabo
217 3397 301 3468 igitur
325 3412 354 3452 se
379 3399 488 3452 laricem
513 3397 664 3452 osculantes
688 3395 785 3451 ibidem
810 3394 914 3450 insimul
933 3394 1057 3451 decollati
1076 3399 1146 3459 suut,

108 3495 246 3550 christiani
273 3510 335 3550 reru
360 3496 418 3565 ejus
441 3511 534 3550 nomeu
558 3497 712 3566 ignorantes
733 3510 791 3550 eum
807 3493 954 3550 Adsuetum
978 3499 1145 3559 vocaverunt,

109 3610 142 3651 eo
160 3593 230 3665 quod
247 3599 343 3658 ‚sancto
361 3591 442 3648 Felici
467 3600 558 3648 auctus
581 3595 617 3649 stt
640 3593 674 3648 ad
701 3609 824 3649 coronam
843 3597 962 3649 martirii.
1000 3591 1071 3654 Quos
1089 3607 1144 3647 cum

110 3693 248 3750 christiani
272 3694 299 3746 im
326 3691 421 3758 turen,
450 3707 527 3764 quana
552 3693 634 3747 arbor
656 3691 796 3760 cllecerat,
822 3693 1023 3765 sepelivissent,
1048 3692 1147 3765 pagani

109 3808 156 3850 eos
180 3789 298 3846 eludere
320 3789 439 3846 uolentes
457 3793 577 3861 prottrma
599 3805 616 3845 a
635 3789 748 3862 dyabolo
766 3799 828 3848 snut
845 3795 954 3863 arrepti.
988 3792 1067 3848 Parui
1085 3797 1146 3847 suat

107 3893 180 3947 circa
197 3904 280 3946 anuos
299 3888 397 3944 domiui
415 3885 614 3946 cccxxxvii.

525 4183 729 4196 a*
