2866 5310
320 461 383 526 856
474 464 549 544 Cap.
571 461 741 522 cnxxxtt.
783 462 828 522 De
850 457 1031 520 dedicatione
1052 459 1216 520 ecciesiae.

322 626 406 680 sancti
425 625 488 692 riri,
512 630 542 679 ut
565 623 629 679 rttoit
647 621 805 696 Gregorius,
830 619 923 677 doiore
945 619 1060 678 uiiettur
1078 617 1311 687 considerando,
1335 619 1377 674 uiri

323 723 386 791 init,
405 724 449 778 utri
468 726 531 791 crit,
550 724 596 780 uiri
614 731 655 780 est
672 729 699 779 et
715 723 759 778 uiri
778 739 831 778 uon
848 728 899 778 est.
934 720 984 779 Ubi
1001 721 1059 790 init,
1077 723 1180 795 inquit:
1202 724 1232 776 in
1248 726 1377 793 peceato;

323 823 369 878 ubi
390 825 453 881 erit:
480 827 506 878 tn
519 822 637 895 judieio;
668 823 783 879 utriust:
807 824 834 879 in
854 824 973 888 ntoerta;
1003 821 1047 876 nti
1067 835 1119 876 non
1140 828 1199 878 est:
1229 823 1259 876 tu
1278 821 1378 894 giurin.

325 923 435 986 Quando
452 938 517 995 crgo
536 925 676 979 interiores
693 923 735 979 rei
749 925 894 978 exteriores
909 922 1037 993 iacrpuas
1051 920 1148 988 tundit,
1166 919 1377 977 considerando

325 1021 440 1089 soiiicet,
458 1025 521 1094 quia
539 1022 588 1077 tuit
606 1026 632 1077 in
650 1030 768 1094 peccato,
786 1021 861 1078 etde
878 1023 937 1093 ipso
955 1023 1082 1076 rattonnnr
1099 1019 1199 1077 reddet
1217 1023 1248 1075 in
1258 1019 1377 1093 iudicio,

324 1128 387 1177 tuno
415 1122 486 1177 taturi
508 1119 631 1193 tempium
655 1122 711 1193 jain
736 1121 817 1177 senat
840 1135 909 1194 aqna
935 1122 1096 1193 aspergitur·
1138 1120 1262 1184 Quando
1287 1128 1377 1177 auten

325 1237 374 1293 pro
399 1222 522 1291 miseria,
551 1224 577 1277 in
600 1237 652 1294 qna
677 1227 732 1288 est,
758 1221 792 1276 nd
819 1221 905 1277 tietun
931 1222 1129 1293 conpungunt,
1158 1227 1226 1276 tuno
1253 1221 1377 1278 seeundo

324 1323 461 1395 irrigatur.
497 1321 608 1385 Quando
633 1337 680 1393 pro
706 1322 808 1394 gioria,
834 1324 862 1376 in
887 1335 939 1393 qua
962 1337 1013 1376 non
1035 1327 1092 1389 est,
1116 1319 1256 1392 iacrymas
1278 1322 1375 1391 turon,

327 1425 387 1476 tuno
406 1424 510 1476 tertiam
530 1435 623 1493 aquarn
643 1423 754 1494 spargit
790 1421 854 1476 tinio
871 1427 958 1476 autern
975 1435 1060 1491 equae
1074 1420 1262 1478 mutarentur
1274 1425 1374 1490 rinunr,

327 1520 367 1575 eat
381 1521 530 1588 niatronae,
545 1522 607 1594 qnia
622 1537 678 1576 eun
690 1522 732 1576 his
747 1523 869 1594 iacrymis
883 1518 1008 1576 debenus
1022 1518 1121 1577 trabere
1137 1522 1227 1577 rinuru
1242 1523 1373 1592 spiritua·

325 1620 360 1676 iis
385 1619 586 1687 exsultationis,
617 1621 658 1675 sai
687 1628 805 1676 naturae
837 1619 1004 1676 discretionis
1036 1626 1063 1676 ct
1085 1621 1190 1677 cineras
1217 1621 1373 1694 protentae

326 1719 527 1780 humiliationis.
574 1719 623 1778 vn
656 1737 705 1790 por
734 1723 833 1776 uinum·
851 1719 1009 1792 lymphatum
1040 1719 1200 1793 inteiiigitnr
1233 1721 1372 1777 iruruiiitss

328 1818 436 1886 christi,
454 1833 530 1890 quaro
550 1817 643 1882 habuit
660 1822 687 1874 tn
702 1823 788 1876 earnis
803 1821 979 1890 susceptione.
1013 1819 1106 1877 Vinurn
1121 1823 1190 1876 enirn
1206 1821 1371 1893 iyuptatoru

329 1926 370 1976 eet
393 1919 498 1975 verbum
521 1917 703 1985 honoratum,
727 1936 775 1992 per
800 1919 842 1975 sai
866 1919 1021 1992 intelligitur
1043 1921 1172 1977 sauctitas
1195 1935 1266 1978 suae
1291 1925 1370 1988 ritae,

329 2027 456 2092 quaeest
474 2019 594 2075 omnihus
612 2019 801 2075 condimentum
821 2019 968 2092 roligionis.
1008 2019 1059 2076 i’er
1074 2021 1189 2077 cinerem
1209 2021 1371 2094 intelligitur

328 2123 387 2194 ejus
411 2122 513 2193 passio.
547 2118 593 2176 iiis
615 2121 698 2192 igitur
722 2121 807 2175 tribus
831 2135 879 2174 ηηη
906 2127 1023 2175 nostran
1055 2119 1182 2177 debenus
1212 2137 1367 2194 aspergere,

328 2223 433 2277 soitioet
451 2219 578 2276 beneflcio
598 2221 802 2284 incarnationis,
826 2237 873 2291 per
896 2219 966 2292 qood
985 2237 1157 2292 provocemur
1179 2221 1216 2276 ad
1234 2220 1368 2277 huniiitu·

329 2327 398 2388 tero,
416 2320 536 2392 exempto
554 2335 619 2376 suae
639 2322 866 2386 conversationis,
885 2337 934 2391 por
950 2321 1020 2391 quod
1035 2321 1207 2376 informemur
1220 2320 1257 2377 ad
1270 2324 1367 2376 saucti-

328 2427 426 2488 tatem,
451 2428 479 2477 ot
500 2423 626 2477 mensoria
653 2421 804 2492 passionis,
832 2436 882 2492 por
905 2421 975 2492 qnod
1002 2421 1140 2476 incitemur
1164 2421 1201 2476 ad
1221 2422 1365 2477 caritateu.

331 2519 431 2584 Quarto
449 2521 574 2577 scribitur
590 2523 616 2576 tn
637 2520 686 2575 troo
704 2520 801 2591 tcnpio
821 2519 910 2576 cordis
928 2520 1065 2591 spirituale
1083 2519 1268 2592 siphabetuus‚
1289 2522 1316 2577 td
1331 2527 1363 2576 est

331 2621 479 2691 spiritualis
501 2625 640 2693 scriptura.
677 2619 746 2676 iiaeo
770 2627 855 2676 autum
880 2621 1030 2690 scripturo,
1063 2635 1132 2694 quae
1164 2620 1205 2675 ibt
1237 2621 1365 2684 scribitur,

330 2721 428 2793 tripieu
451 2728 507 2789 est,
533 2722 634 2778 soiiicet
658 2720 799 2776 dictamina
823 2711 1017 2787 inuenturum,
1047 2723 1200 2777 testimonie
1224 2721 1368 2777 utrinam

331 2819 531 2889 beneficiorum,
550 2823 684 2877 accusatio
703 2823 867 2893 propriorum
885 2819 1046 2876 delictorum.
1080 2820 1119 2878 De
1136 2818 1180 2876 his
1199 2819 1369 2878 tribusiiou.

244 2997 245 3000 Ἴ
331 2917 369 2977 u:
388 2935 445 2977 curn
462 2923 529 2977 cuiun
549 2927 657 2995 gentes,
675 2936 748 2994 quae
762 2919 846 2992 tegent
865 2919 1041 2986 nordebert,
1059 2921 1219 2977 naturaiiter
1237 2937 1287 2990 ee,
1306 2937 1369 2994 quse

330 3020 401 3094 tegis
426 3028 502 3090 sunt,
530 3021 641 3088 iaciunt,
666 3019 796 3092 ejusmodi
818 3018 905 3092 tegern
929 3037 981 3076 nou
1004 3018 1133 3078 habentes
1155 3024 1211 3093 ipsi
1236 3021 1290 3077 siti
1314 3026 1371 3076 suut

332 3120 391 3188 ies,
411 3123 455 3193 qni
473 3119 614 3178 ostendunt
631 3136 698 3191 opus
716 3120 786 3193 tegis
803 3123 928 3192 scriptun
948 3121 975 3176 in
990 3119 1113 3176 cordibus
1124 3123 1191 3178 suis.
1229 3120 1300 3178 Ecce
1317 3123 1370 3191 pri·

332 3237 399 3276 nun
417 3222 593 3277 testinnonium
609 3219 736 3278 reddente
754 3221 807 3276 titis
824 3221 986 3276 conscientia
998 3223 1128 3292 ipsorum,
1148 3236 1211 3278 eruo
1230 3221 1370 3280 secundun

333 3328 361 3378 ct
383 3323 453 3378 inter
471 3323 582 3378 invicem
600 3337 631 3377 se
652 3323 839 3394 cogitationen
865 3322 1042 3376 accusantium
1067 3319 1108 3378 rei
1126 3323 1205 3378 etiarn
1226 3322 1371 3378 detenden-

332 3425 413 3490 utun,
439 3437 501 3477 occo
520 3424 633 3478 tertium.
669 3421 766 3485 Quinto
792 3419 890 3476 debent
913 3422 988 3494 pingi
1013 3435 1121 3489 crocea,
1153 3421 1182 3477 td
1207 3429 1252 3478 est
1274 3424 1373 3478 assunt

332 3523 511 3593 poenitentiae
534 3523 718 3589 austeritates,
754 3521 858 3578 soiiioot
880 3515 958 3594 'quae
981 3521 1084 3593 quiden
1110 3519 1207 3577 dobant
1233 3523 1326 3594 inungi
1347 3529 1373 3576 et

333 3623 396 3694 igne
414 3620 552 3689 iilustrari‚
572 3623 635 3695 quia
651 3637 703 3677 uon
721 3620 804 3676 soiurn
823 3620 948 3677 ioreudae
965 3627 1027 3677 suut
1043 3623 1193 3692 patienter,
1219 3621 1269 3678 sed
1295 3622 1373 3676 etia·

333 3720 462 3790 libenter,
486 3720 557 3794 qnod
576 3720 741 3794 significatur
757 3736 805 3793 per
821 3723 977 3798 unctioocnu,
996 3727 1022 3776 ct
1041 3721 1174 3790 ardenter,
1197 3721 1271 3793 quod
1289 3723 1372 3793 sigui-

333 3822 427 3878 iioatur
443 3837 491 3893 per
503 3823 598 3895 igneis.
633 3819 708 3879 Unde
719 3820 883 3878 Bernartius:
901 3824 946 3894 qui
964 3827 1080 3876 noratur
1095 3823 1122 3875 iu
1139 3823 1248 3888 tinore,
1272 3835 1374 3877 onocn

335 3918 433 3977 Christi
452 3925 541 3993 portat
559 3923 707 3992 patienter,
733 3923 777 3994 qui
798 3920 901 3993 proiicit
918 3921 944 3976 in
963 3935 1026 3994 ope,
1053 3925 1143 3992 portat
1164 3920 1298 3987 tidenter,
1328 3917 1375 3974 sed

337 4023 382 4092 qui
398 4025 592 4075 consummatur
609 4022 635 4074 tn
653 4023 773 4090 ctoritate¹
793 4021 1024 4093 amplectiturjaun
1038 4019 1169 4076 ardenter.
1204 4019 1284 4076 lirun
1303 4020 1376 4075 uniti

335 4119 427 4177 uident
450 4135 543 4177 cruces
567 4125 689 4188 nostras,
718 4121 768 4176 sod
796 4137 848 4177 non
878 4121 966 4178 rident
995 4122 1132 4177 unodoucs
1163 4124 1282 4175 nostras.
1326 4120 1377 4184 Qui

337 4235 403 4293 crgo
422 4218 720 4287 incriminarunt,
744 4235 807 4278 uero
824 4220 946 4293 ternpiun
960 4218 997 4275 ad
1016 4219 1142 4276 ironoresu
1160 4218 1210 4276 iiei
1229 4219 1377 4277 intrusum

336 4322 394 4380 urit.
429 4317 532 4393 Dignus
551 4319 647 4392 piano,
672 4322 698 4375 in
723 4336 774 4394 quo
794 4321 915 4379 Christus
933 4319 1034 4377 habitet
1052 4337 1100 4393 por
1116 4323 1245 4394 gratian,
1269 4328 1299 4377 ut
1317 4327 1378 4378 nu-
