2918 5302
306 481 369 548 580
502 485 576 564 Cep.
597 483 724 544 cxxix.
767 482 812 542 De
834 489 933 540 sanctu
955 479 1139 540 Mamertino.

307 645 438 702 Senonics
459 643 549 700 deists
575 650 632 710 est,
653 644 712 698 seni
736 641 778 694 sui
796 637 958 695 dulcedinum
976 638 1102 710 perdidit.
1135 636 1214 702 tired
1232 653 1284 696 rex
1303 653 1354 695 eu-

307 743 383 799 dicus
407 744 497 797 stedm
523 743 626 798 restitut
648 756 705 797 sem
728 740 811 811 jussit
833 740 975 809 etsiimqus
999 752 1066 794 sunu
1094 735 1202 794 redditu
1231 738 1356 792 insonuit

307 843 420 912 septime
445 839 479 895 eb
504 839 571 895 urbe
595 839 728 894 miiiisric.
762 835 854 908 linque
872 842 979 892 sanctim
996 835 1087 908 Lupus
1105 835 1212 892 cirrium
1230 838 1356 907 perrexit

230 933 232 940 '
308 947 336 996 et
361 938 432 1011 qued
458 937 551 994 delens
575 935 745 1008 perdiderat,
771 950 827 990 cum
852 933 954 990 honere
971 937 1089 1006 recepit.
1123 933 1208 992 Necte
1232 934 1353 1007 quedem

307 1053 365 1094 cusu
386 1043 486 1103 ureret,
511 1037 636 1090 instinctu
655 1032 764 1104 sysinii
789 1031 956 1089 vehementer
972 1035 1067 1089 sitiens
1081 1033 1164 1106 jussit
1180 1033 1234 1090 sibi
1253 1047 1354 1104 equsm

309 1135 433 1209 frigidam
450 1133 596 1204 deportent.
629 1132 712 1189 Delus
732 1137 817 1186 uuum
836 1130 989 1204 intelligens
1012 1133 1111 1188 inimici
1133 1131 1256 1202 puivinsr
1274 1145 1352 1186 suum

308 1249 390 1302 snper
408 1247 454 1288 ves
472 1233 561 1302 posuit
578 1237 605 1286 et
622 1229 659 1285 ibi
677 1228 815 1300 dyabolum
828 1228 943 1296 inclusit,
961 1231 1008 1300 qui
1019 1235 1076 1286 tete
1088 1235 1165 1288 uncte
1176 1227 1353 1285 vestiersndc

308 1333 413 1388 sintere
436 1331 533 1400 coepit
568 1327 650 1384 Fectc
672 1334 759 1383 eutem
783 1341 875 1394 meuc,
901 1328 947 1398 qui
964 1327 1031 1382 cium
1049 1333 1153 1384 mnium
1172 1333 1299 1392 venerut,
1325 1329 1354 1382 in

310 1429 354 1486 die
371 1428 496 1498 cuniusus
513 1428 655 1484 siscensis.
689 1424 809 1490 Quadam
827 1431 913 1480 sutem
931 1427 996 1490 vice,
1014 1424 1073 1480 dum
1091 1441 1164 1484 sucre
1181 1426 1264 1482 suiiic
1284 1427 1353 1482 uivi-

307 1531 373 1585 tstis
386 1527 515 1583 eccieeies
531 1527 714 1590 circumiisset,
735 1523 840 1579 rediens
851 1523 953 1578 domum
969 1525 1044 1580 audit
1053 1526 1166 1582 ciericos
1180 1539 1245 1580 suns
1256 1527 1351 1580 sisen-

308 1633 367 1694 tcs,
391 1641 423 1680 ec
446 1624 594 1694 quodcum
618 1621 771 1678 mutieribus
790 1621 916 1677 ternicsri
933 1623 1039 1680 veilent.
1075 1624 1125 1689 Qui
1143 1623 1284 1680 ecclesium
1308 1626 1351 1679 iu·

309 1724 383 1778 irene
410 1737 459 1793 pru
488 1723 522 1776 iis
551 1723 639 1776 crevit
670 1727 697 1776 et
722 1735 783 1774 mcx
810 1718 844 1774 eir
875 1722 908 1773 iis
936 1724 1019 1777 smmis
1048 1723 1169 1777 stimulus
1192 1724 1351 1778 tentstieuis

309 1822 440 1876 abscessit
463 1821 650 1890 venientesque
674 1823 735 1873 ente
761 1816 832 1872 titum
856 1820 958 1874 veniam
984 1820 1193 1890 postulaverunt.
1227 1817 1351 1877 Tandem

310 1917 397 1972 munitis
419 1918 509 1971 cisrus
533 1915 674 1971 virtutibus
697 1918 725 1971 in
748 1930 815 1986 pace
838 1918 948 1988 quievit.
983 1917 1084 1974 Circuit
1104 1921 1176 1974 circe
1192 1932 1278 1974 eunus
1299 1919 1351 1976 du-

310 2017 372 2072 mini
390 2013 468 2072 BCX.
489 2016 642 2086 ¹)ssupsrs
660 2011 770 2070 Erectis.

622 2499 718 2596 iii.
742 2500 883 2598 iiiii.
917 2499 1032 2602 (itii

467 2647 551 2717 lie
588 2647 792 2717 semeis)
824 2645 1180 2719 Mamertino.

375 2807 549 2865 Mamertinae
574 2823 695 2882 pegasius
722 2811 806 2880 prius,
830 2823 886 2864 cum
909 2809 991 2882 pdeis
1015 2809 1128 2882 quedem
1151 2811 1210 2865 vice
1235 2810 1349 2876 cuderet,

307 2921 384 2961 unum
403 2908 504 2962 ccuium
523 2907 639 2978 perdidit
655 2914 682 2965 et
700 2909 777 2962 unius
794 2923 887 2963 munus
899 2907 1047 2964 ariditatem
1065 2910 1183 2966 incurrit.
1218 2907 1268 2971 oni
1286 2908 1349 2964 dum

307 3019 338 3059 se
351 3004 421 3062 nens
440 3004 584 3061 offendisse
601 3011 707 3076 peteret
723 3013 750 3062 et
769 3005 801 3060 sd
819 3006 942 3077 tempium
961 3006 994 3060 ud
1006 3005 1168 3062 educendum
1185 3005 1266 3079 pduie
1283 3021 1348 3077 per-

306 3110 398 3175 geret,
417 3102 535 3158 obvierit
553 3105 580 3158 si
597 3104 638 3159 vir
655 3104 760 3176 quidem
781 3105 926 3176 religiosus
944 3104 1049 3162 nemine
1065 3105 1193 3173 sevinus,
1213 3107 1258 3177 qui
1277 3121 1348 3172 cum.

306 3201 375 3256 unde
392 3201 445 3255 siist
463 3206 538 3256 tuuis
555 3201 684 3257 ceciderit
702 3201 848 3270 intirmttus,
869 3207 1017 3275 requisivit
1052 3203 1103 3267 iisd
1115 3206 1170 3259 sit:
1187 3204 1257 3260 Deus
1271 3221 1347 3262 meus

307 3298 405 3354 edendi
423 3305 450 3355 et
471 3299 533 3356 idcc
557 3315 604 3356 ecs
629 3314 707 3356 crure
725 3300 809 3366 vnde,
834 3307 876 3366 ut,
901 3317 971 3372 quse
994 3303 1057 3358 mihi
1080 3305 1143 3359 iveti
1168 3302 1346 3372 abstulerunt,

307 3395 422 3452 recidunt
437 3399 556 3468 propitii.
592 3396 642 3460 Qui
660 3401 712 3476 eit:
731 3413 820 3465 erres,
838 3399 936 3464 tester.
956 3416 1045 3468 curse,
1071 3405 1096 3456 st
1113 3402 1254 3460 dcemunss
1271 3404 1345 3462 Iieos

306 3499 398 3565 putes,
414 3494 464 3550 sed
481 3496 548 3553 esde
566 3496 601 3552 sd
618 3503 736 3551 cencium
749 3495 904 3554 (icrmsnum
918 3497 1169 3557 ditissiudurcnsevs
1180 3505 1345 3574 episcopum,

306 3597 333 3647 ei
355 3593 380 3646 si
404 3594 462 3662 eius
486 3595 598 3650 cuusiiiu
620 3597 800 3666 acquieveris.
826 3597 950 3652 continue
976 3611 1057 3652 senus
1081 3602 1145 3658 eris.
1180 3597 1230 3663 Qui
1253 3603 1344 3656 stetim

305 3691 356 3744 iter
375 3692 506 3759 arripiens
523 3693 595 3748 vcuit
611 3691 644 3747 sd
663 3693 830 3763 sepulchrum
846 3697 933 3749 suncti
950 3698 1084 3752 iuncturis
1102 3700 1223 3770 episcopi
1240 3705 1268 3754 et
1283 3697 1345 3769 piu-

305 3789 427 3842 rimcrum
446 3791 631 3859 episcopcrum
647 3796 807 3856 sanctorum,
824 3793 990 3864 secernitque
1006 3801 1116 3867 prepter
1133 3795 1247 3868 pluviem
1265 3773 1343 3854 uncte

303 3884 351 3940 iiis
367 3885 402 3940 ed
420 3883 548 3956 qnnnisn
563 3886 683 3942 celiniam
701 3903 782 3959 super
798 3889 913 3944 misisse
931 3895 1016 3948 suncti
1034 3892 1207 3950 Ceucurdicni
1225 3894 1343 3950 culices-

301 3991 365 4039 tesu.
402 3982 464 4039 Cu·
475 3989 561 4039 eutem
574 3984 788 4055 obdormivisset,
805 3991 930 4059 apperuit
943 3992 968 4044 et
982 3993 1049 4046 visis
1059 3991 1188 4063 qusevism
1201 3992 1342 4062 sinistis,

303 4081 373 4154 quud
398 4080 504 4155 quidem
527 4083 631 4140 scilicet
655 4086 696 4141 rir
714 4087 788 4141 veuit
808 4086 843 4142 ed
867 4089 962 4143 estium
987 4089 1071 4146 ceiise
1100 4091 1159 4162 ejus
1185 4094 1342 4164 vncsmtqus

301 4185 420 4234 sunctum
453 4177 679 4250 conserissnnn,
712 4188 742 4238 st
771 4186 874 4242 reniret
902 4184 937 4242 sd
970 4184 1076 4243 iestuuc
1123 4185 1199 4252 Quod
1231 4195 1341 4250 vcudvs

351 4395 373 4450 ι)
385 4394 468 4440 nisime
481 4395 527 4442 dne
539 4385 653 4444 minis
665 4397 750 4444 emissis
762 4397 805 4444 ud.
819 4403 854 4447 rr.
