2798 5302
113 173 598 364 ffloffl.Q

133 357 372 478 ³·2‘·'i²‘'

340 1023 697 1143 ttntttttt.

25 1509 54 1622 §i
77 1555 145 1637 quis
166 1576 295 1639 unquam
316 1559 407 1622 medii
430 1562 492 1623 aeui
516 1570 620 1626 uuotor
638 1579 730 1641 opere
743 1580 798 1622 suo
812 1560 1041 1642 giorinm'stque

25 1663 225 1730 imirationem
244 1661 303 1724 sibi
324 1663 506 1736 concilient,
532 1664 669 1744 proiecto
689 1663 818 1726 Jsecbus
839 1664 889 1726 ille
909 1684 927 1726 e
947 1665 1042 1728 Vors-

24 1785 80 1839 ne‚
102 1781 192 1844 quem
213 1769 385 1826 surrctorum
405 1763 478 1825 uitus
498 1764 678 1843 compilasse
697 1772 820 1838 constet,
842 1764 1043 1845 permissere

24 1883 30 1928 ι
56 1864 138 1945 quod
166 1861 282 1924 excedit
310 1863 430 1927 saecule
454 1883 526 1943 prae
553 1863 693 1927 omnibus
720 1864 855 1944 ejusdem
876 1865 1042 1944 argumenti

24 1961 195 2044 :riptorihus
223 1979 353 2025 summes
382 1973 561 2027 consecutus
589 1972 647 2028 est·
662 1964 778 2025 leudes.
820 1965 899 2026 Sane
922 1964 1042 2044 quidem

24 2063 188 2126 otissimum
222 2059 293 2123 inde
329 2082 345 2124 e
382 2064 502 2126 seecuio
542 2064 647 2143 quinto
683 2062 800 2125 decimo
836 2062 914 2126 heud
955 2066 1041 2144 psuci

23 2163 152 2237 rstitere,
182 2161 233 2242 qui
266 2178 335 2224 eum
364 2163 546 2226 credulitatis
577 2173 666 2245 utque
694 2163 830 2225 vanitatis
857 2173 1042 2238 accusarent,

23 2264 78 2326 nde
101 2263 240 2326 euoenon
261 2271 322 2337 est,
345 2271 380 2328 ut
399 2265 620 2344 quodamnodo
643 2264 845 2344 negligeretur
866 2272 957 2344 utque
977 2265 1042 2328 iere

23 2385 29 2426 ι
50 2361 233 2426 oblivionem
254 2363 385 2426 cederet
426 2363 514 2443 Atqui
535 2364 686 2426 recentior
700 2371 781 2426 setes
795 2363 1043 2442 receeinrettexit,

23 2483 87 2528 uem
108 2464 209 2542 tergus
230 2462 300 2524 sons
321 2463 552 2526 christianorum
573 2465 742 2545 mythorum
762 2460 990 2545 tabularumque
1010 2465 1043 2528 iu

22 2586 33 2628 r
56 2565 161 2638 istest,
189 2583 250 2644 quo
272 2563 310 2626 ed
330 2561 571 2644 interpretandos
600 2565 747 2644 plurimos
768 2561 859 2624 medii
881 2565 944 2627 ueri
966 2583 1043 2644 poe·

22 2684 93 2728 rum
134 2673 222 2746 utque
265 2683 368 2728 rerum
401 2665 581 2744 scriptorum
616 2663 809 2726 obscuriores
844 2663 930 2725 locos
962 2665 1043 2728 hone

22 2766 104 2840 teris,
136 2765 312 2844 praesertim
344 2783 438 2844 quum
473 2765 519 2826 rei
553 2763 619 2844 ipse
646 2763 776 2826 Jacohus
808 2773 928 2838 noster,
960 2766 1043 2845 quod

22 2866 101 2928 tinet
121 2863 159 2926 ud
181 2864 340 2938 frondosus,
359 2883 432 2944 quus
454 2864 603 2926 interdurn
620 2863 731 2938 retulit,
751 2863 934 2937 historiones,
954 2863 1042 2927 dum·

22 2965 86 3028 rodo
109 2963 274 3027 accuratius
295 2963 361 3042 ejus
382 2963 471 3026 verbe
492 2963 723 3045 perpendamus,
744 2965 916 3044 neutiquam
933 2965 1043 3040 omnin,

22 3083 73 3128 uae
95 3062 200 3138 tradit,
222 3083 278 3144 pro
304 3063 382 3126 veris
401 3063 507 3126 heberi
529 3064 615 3138 velit,
636 3062 691 3124 sed
712 3063 875 3128 identidem
895 3081 929 3127 se
949 3065 1044 3129 relatu

22 3173 109 3225 ortum
127 3163 245 3226 reterre
266 3184 331 3240 nec,
352 3184 424 3226 num
445 3183 621 3226 reserares
642 3163 683 3226 ite
698 3184 733 3227 se
749 3164 919 3237 habuerint
940 3167 1042 3229 testuri

22 3283 86 3325 osse
107 3261 229 3326 disertis
248 3264 350 3328 verbis
370 3272 500 3328 moneat.
545 3265 610 3339 Qus
632 3264 674 3326 de
687 3283 722 3327 re
736 3265 816 3326 haud
829 3264 1043 3328 inutile-risum

22 3371 56 3438 rt,
83 3381 161 3444 opus
188 3363 277 3438 iliud,
314 3362 396 3446 quod
421 3363 552 3444 majores
572 3364 667 3426 nostri
696 3382 821 3428 aureum
841 3365 1042 3442 nominarunt,

22 3483 34 3526 ι
53 3463 189 3526 tenebris
209 3473 239 3528 et
258 3463 409 3540 sordibus,
430 3463 540 3544 quibus
559 3463 715 3545 hucusque
737 3463 898 3528 obductum
914 3464 1043 3546 jacebat,

22 3583 103 3628 ursus
131 3563 164 3626 in
191 3563 290 3626 iucem
315 3565 456 3644 proferre
483 3572 587 3644 utque,
615 3565 714 3645 quood
740 3565 805 3646 ejus
832 3565 899 3627 fieri
928 3574 1041 3648 posset,

22 3664 186 3727 urendutum
206 3671 294 3746 utque
314 3673 483 3727 correctum
502 3666 588 3746 prelo
606 3665 792 3730 submittere.
831 3668 903 3741 'Quo
918 3683 1040 3728 accure-

22 3783 56 3828 or
84 3771 182 3826 eutem
213 3774 243 3826 et
267 3762 441 3843 diligentior
465 3783 542 3828 nove
566 3764 656 3846 hujus
678 3765 872 3844 legendarum
897 3765 1041 3845 compita,-

23 3863 87 3926 ouis
121 3863 260 3926 recensio
289 3863 443 3940 existeret,
473 3865 560 3945 plura
588 3865 626 3926 de
655 3865 809 3928 codicibus
837 3877 926 3946 etque
955 3863 1042 3927 libris

22 3963 84 4024 ditis
112 3962 178 4043 ejus
204 3963 396 4043 praemittere
424 3964 456 4026 iu
485 3965 586 4028 animo
607 3972 684 4041 erut,
711 3965 860 4045 simulque
889 3966 978 4030 etiem
1004 3967 1042 4028 de

22 4063 144 4136 ontibus,
173 4063 281 4142 quibus
309 4064 438 4126 Jacobus
459 4074 564 4126 noster
584 4083 657 4127 usus
679 4073 740 4140 est,
769 4073 857 4145 utque
878 4066 916 4128 de
936 4065 1041 4144 singu-

22 4181 92 4226 uum
110 4163 303 4242 legendorum
323 4163 550 4245 tabularumque
564 4164 601 4226 iis
614 4164 794 4227 insertarum
813 4167 929 4244 origine
947 4185 1041 4246 peuce

22 4282 136 4338 nonme,
179 4262 267 4325 ritem
302 4263 390 4326 etiem
423 4266 555 4328 auctoris
589 4272 620 4328 et
645 4263 889 4344 chronologicum
914 4265 1041 4330 vitorum

22 4371 166 4427 indorum
187 4361 315 4425 indicem
337 4363 459 4427 rddere.
501 4364 539 4428 dt
559 4365 700 4444 quonism
717 4365 813 4428 moles
825 4365 918 4429 totius
937 4367 1041 4445 operis

22 4461 85 4526 'unis
104 4471 191 4527 auctu
206 4471 407 4544 essetecum
428 4474 459 4527 et
478 4463 618 4544 tegendas
639 4464 677 4527 ab
695 4463 761 4528 eliis
775 4464 923 4544 genuinae
936 4464 1038 4530 iacobi
