2798 5302
328 453 369 518 58
411 455 482 537 Cep.
508 457 554 517 ill.
597 457 641 518 De
662 468 761 518 sencio
778 461 910 522 lobsnne
929 465 1060 542 sportolo
1082 474 1110 525 et
1132 466 1317 546 evangeliste.

327 619 396 691 qood
416 620 482 675 leole
500 622 590 676 tristes
609 628 714 688 essent,
752 624 841 696 virgas
858 628 885 678 et
899 623 1003 695 lupides'
1019 642 1038 683 t
1055 629 1143 688 littore
1163 635 1244 688 muris
1262 633 1353 690 deterri

327 723 388 777 lecit
412 728 439 776 et
461 730 508 778 eos
533 723 559 774 ln
581 734 673 776 curum
697 727 859 794 sigennus
884 729 1019 784 convertit.
1072 728 1122 794 Qui
1144 733 1224 802 jussu
1242 737 1350 804 apostoli

325 825 461 878 universos
479 819 598 876 ocrlloeo
617 827 644 876 et
660 823 817 894 gemmarios
835 839 883 894 per
899 830 998 896 septem
1015 827 1072 884 diet
1091 837 1250 902 quaerentes
1259 837 1352 890 reveni

324 928 385 977 sunt
399 922 530 988 dicentes,
548 923 634 992 quod
653 922 692 976 ilii
709 937 838 995 nunquam
856 929 907 978 tom
926 941 1016 996 punrm
1033 942 1123 984 turum
1142 938 1171 986 ct
1186 937 1241 986 tem
1260 936 1352 1004 pretio·

323 1038 368 1078 sos
384 1037 500 1094 genus
520 1036 549 1077 se
569 1020 666 1076 vidisse
691 1025 782 1078 testati
806 1031 881 1093 suot,
916 1027 1034 1099 dixitque
1052 1031 1098 1084 iis:
1135 1033 1171 1084 ite
1192 1037 1220 1087 ct
1238 1031 1350 1089 redimite

224 1135 226 1139 ·
323 1123 398 1180 vobis
416 1130 519 1189 terres,
546 1136 613 1193 quus
632 1121 801 1190 vendidistis,
827 1127 890 1196 quie
906 1125 1036 1181 oselorcm
1057 1133 1174 1199 praemit
1192 1133 1349 1202 perdidistis,

322 1231 406 1281 estote
422 1223 517 1290 doridi,
537 1228 565 1278 ut
576 1225 754 1290 marcescatis,
774 1229 859 1280 estote
877 1225 973 1282 diuites
992 1229 1180 1298 temporaliter,
1201 1240 1231 1288 ut
1248 1235 1273 1288 lo
1295 1250 1349 1305 per-

321 1332 423 1394 petuum
447 1321 607 1378 mendicetis.
658 1321 732 1376 Tuuc
755 1324 892 1394 spostolus
917 1330 1010 1382 contre
1027 1326 1132 1384 diritius
1151 1330 1251 1388 diutius
1268 1338 1349 1406 coepit

320 1424 472 1494 disputare,
491 1420 647 1489 osteudens,
673 1421 742 1493 quod
761 1421 795 1476 vt
813 1430 888 1493 suot,
912 1441 979 1497 ques
997 1407 1159 1484 detens‘noo
1177 1429 1213 1486 ab
1231 1434 1349 1490 lrutuodc-

320 1531 378 1580 reto
395 1523 544 1578 dinitiarum
561 1525 682 1593 appetitu
699 1522 842 1580 retreirorc.
877 1523 988 1581 Primum
1008 1533 1050 1583 ost
1066 1531 1207 1601 scriptum,
1227 1532 1294 1589 uode
1312 1551 1349 1590 re-

319 1626 410 1680 citerit
427 1623 568 1694 hystoriam
586 1622 619 1680 dc
638 1625 719 1679 divite
738 1624 864 1694 epulone,
896 1641 971 1696 qoem
990 1627 1060 1684 licus
1078 1630 1248 1701 reprobavit,
1275 1634 1348 1690 etde

318 1725 423 1787 Lazaro
442 1739 573 1795 paupere,
606 1740 681 1798 quen
699 1724 769 1780 Deus
787 1724 878 1797 elegit
921 1724 1067 1784 Secundum
1086 1737 1127 1785 cst
1143 1738 1258 1800 nature,
1291 1737 1349 1805 quie

317 1823 395 1880 ltomc
411 1826 468 1878 sine
488 1822 586 1878 divitiis
603 1827 720 1880 nuscitur
737 1831 764 1879 ct
783 1824 867 1880 nudus
883 1834 911 1880 ct
928 1829 983 1884 sine
1001 1829 1099 1885 diuitiis
1117 1832 1235 1886 moritur.
1287 1831 1349 1889 Ter-

318 1929 379 1981 tinm
398 1932 438 1980 est
454 1929 585 1990 creature,
608 1926 670 1994 quie
688 1923 738 1990 sol,
757 1925 828 1992 iuste,
846 1925 950 1996 spiere,
970 1927 1068 2000 pluris,
1088 1936 1136 1986 ser
1153 1931 1273 1988 omnibus
1291 1941 1349 1990 sunt

316 2029 461 2081 communie
477 2030 505 2080 et
520 2025 690 2079 communiter
707 2039 757 2086 sce
773 2023 899 2082 beneficis
917 2023 1079 2102 largiuntur:
1115 2031 1155 2084 sic
1172 2038 1200 2084 ct
1217 2032 1288 2088 inter
1304 2033 1349 2088 ls-

316 2129 397 2182 mloes
415 2126 503 2181 onnia
518 2125 663 2178 communio
680 2140 740 2180 esse
761 2125 894 2182 deberent,
931 2128 1055 2190 Quartum
1074 2135 1115 2183 cst
1136 2128 1252 2186 icrtuue.
1279 2133 1349 2190 llinis

316 2230 400 2294 enim,
433 2225 503 2297 quod
521 2240 614 2279 servus
632 2224 744 2281 efficitur
763 2229 856 2282 nummi
876 2235 902 2282 et
920 2227 1042 2298 dpeiroli:
1076 2233 1187 2299 nummi,
1217 2235 1347 2303 quianon

315 2325 435 2398 possidet
451 2324 567 2391 diritius,
586 2325 633 2381 scd
649 2328 706 2396 ipse
724 2342 742 2382 o
758 2327 857 2382 divitiis
874 2327 1037 2399 possidetur;
1057 2327 1173 2399 ripuboll,
1194 2335 1258 2402 quie
1271 2334 1347 2404 juxte

314 2426 478 2499 stengelium
498 2431 599 2480 omotor
616 2429 742 2497 pecuniae
766 2443 858 2482 sersus
882 2435 923 2483 est
946 2427 1119 2484 Memnones.
1171 2431 1293 2494 iluimron
1310 2443 1348 2490 est

314 2542 386 2593 cure,
400 2527 474 2598 ¹qnia
492 2523 590 2582 hebent
607 2541 695 2581 curem
713 2535 740 2582 et
757 2527 957 2584 sollicitudinem
975 2525 1093 2584 diurnam
1111 2535 1137 2583 et
1154 2539 1305 2588 nocturnum
1324 2537 1347 2588 in

314 2625 491 2698 acquirendo,
518 2627 544 2680 in
563 2625 735 2682 custodiendo
750 2630 877 2684 timorem.
913 2633 1019 2684 Sextum
1038 2634 1079 2684 est
1092 2631 1199 2702 jactura
1216 2639 1244 2686 ct
1260 2639 1342 2689 ceton-

314 2729 361 2791 dit,
379 2725 449 2798 quod
468 2724 576 2782 diritius
593 2733 655 2782 sunt
668 2741 749 2781 cause
763 2728 900 2799 jacturae,
921 2741 989 2800 quto
1004 2736 1047 2784 est
1062 2730 1090 2784 io
1108 2731 1346 2800 acquisitionem·

314 2827 389 2897 plicis
407 2825 485 2892 meli,
520 2825 623 2882 scillcet
639 2826 701 2881 ndi
718 2829 744 2880 ln
763 2830 912 2899 praesenti,
934 2825 1004 2899 qnod
1022 2836 1063 2882 est
1081 2828 1177 2895 eletio,
1198 2836 1227 2884 et
1243 2831 1303 2888 mcii
1321 2834 1346 2886 in

314 2929 410 2993 loturo,
430 2924 500 2996 quod
519 2932 561 2981 est
580 2932 689 2982 eeteros
708 2927 857 2994 dsmoutlo,
878 2934 905 2986 ot
921 2926 1047 2994 oilerius,
1067 2927 1136 2998 quod
1155 2920 1196 2984 est
1213 2933 1240 2984 io
1259 2931 1345 3002 perdi-

311 3032 382 3084 tione
400 3033 524 3092 eeterne,
542 3027 644 3081 scilicet
659 3025 770 3096 duplicis
787 3025 867 3094 boni,
886 3029 912 3081 in
932 3023 1082 3096 prosecuti,
1100 3028 1168 3100 qnod
1189 3036 1230 3084 est
1247 3033 1344 3103 gretie,

311 3135 339 3184 et
357 3128 419 3182 boni
438 3129 463 3181 ln
482 3127 579 3194 tuturo,
598 3126 667 3198 quod
685 3133 726 3181 est
742 3133 852 3183 esterno
868 3127 963 3199 glorie.
983 3157 1018 3168 -
1034 3158 1066 3169 -
1082 3133 1154 3186 -4
1184 3131 1246 3184 lium
1266 3133 1346 3204 igitur

311 3234 416 3284 torretur
434 3224 568 3282 lohannes
585 3232 678 3282 contre
695 3226 801 3282 dirities
817 3226 907 3282 taliter
925 3223 1080 3298 disputaret,
1097 3243 1157 3282 eccc
1167 3232 1276 3298 juvenis
1287 3232 1343 3301 qui-

311 3330 369 3384 tiam
387 3332 502 3380 mortuus
521 3325 695 3394 ollembstur,
722 3329 767 3398 qui
783 3329 893 3399 triginta
910 3325 967 3382 dies
986 3325 1117 3395 troctas,
1149 3327 1218 3398 queri
1237 3345 1344 3386 uxorem

311 3433 458 3499 occeperat.
487 3424 600 3481 Veniens
619 3427 702 3498 igitur
720 3433 811 3492 muter,
831 3425 910 3482 virius
928 3433 955 3482 et
972 3429 1080 3493 custod,
1099 3428 1144 3498 qoi
1163 3442 1220 3482 cnm
1237 3427 1345 3496 iiebmt,

271 3584 273 3589 ,
310 3528 344 3582 ad
363 3527 443 3598 pedes
460 3525 574 3597 spostoli
593 3525 761 3597 prociderunt
777 3532 920 3597 repentes,
953 3526 1022 3598 quod
1040 3525 1246 3598 huncquoque,
1277 3531 1345 3584 sicot

310 3629 464 3683 liruolsnem
487 3628 513 3680 ln
531 3629 633 3681 nomine
650 3625 698 3681 Ilei
716 3627 877 3682 suscitaret..
894 3623 990 3682 flente
1006 3628 1088 3699 igitur
1106 3626 1229 3698 sportolo
1247 3627 1344 3683 diutius

309 3737 336 3781 ct
353 3733 461 3792 orente,
478 3727 600 3781 continuo
619 3728 764 3782 resurrexit
780 3727 967 3796 praecepitque
987 3728 1029 3794 ei,
1052 3733 1081 3780 ut
1097 3725 1150 3780 iliis
1168 3724 1271 3782 duobus
1289 3726 1344 3782 dir-

308 3826 403 3897 cipciis
420 3830 572 3892 cnerrsret,
590 3832 713 3895 quantem
730 3827 901 3880 incurrissent
917 3840 1028 3896 poenum
1047 3833 1073 3881 et
1090 3832 1213 3897 quantem
1230 3825 1343 3899 glorium

311 3925 494 3996 perdidissent.
548 3924 597 3987 Qui
620 3925 702 3980 multe
725 3924 759 3980 de
782 3925 870 3998 glorie
893 3923 1012 3996 peradisi
1035 3930 1061 3980 et
1078 3923 1111 3981 de
1127 3927 1220 3995 poenis
1238 3925 1343 3992 inferni,

310 4041 376 4097 ques
393 4024 503 4088 rideret,
522 4027 656 4107 emerserit
673 4023 776 4080 dicens:
802 4040 818 4078 o
836 4026 939 4092 miseri,
959 4023 1011 4080 rldl
1029 4024 1140 4097 ertgeios
1159 4031 1264 4081 vestros
1279 4027 1341 4082 lien·

310 4131 349 4180 tes
367 4131 394 4178 et
412 4122 551 4178 doemones
571 4124 744 4196 gratulantes.
762 4122 879 4195 dixitque
897 4125 941 4190 iis,
960 4123 1029 4195 quod
1046 4123 1224 4194 perdidissent
1233 4130 1343 4180 eeteme

309 4225 425 4294 pelolio,
444 4237 511 4294 queo
530 4230 590 4278 sunt
605 4225 714 4296 &munis
735 4222 931 4278 eoruscantibus
949 4222 1094 4288 iebrlcute,
1119 4221 1247 4278 deritetls
1265 4225 1344 4278 mire-

311 4324 370 4379 bilis
388 4324 545 4386 contentius,
564 4325 680 4392 copiosis
698 4323 782 4393 epulis
800 4323 915 4390 solerte,
933 4321 1034 4376 deliciis
1052 4323 1146 4391 plens,
1165 4323 1270 4397 gaudiis
1288 4322 1347 4394 glo-
