2798 5302
286 489 326 550 ll
373 491 443 567 Cap.
465 489 514 547 vt.
556 489 600 546 De
623 488 767 546 nativitate
788 486 895 546 donnini
917 490 1004 546 nostri
1025 491 1092 548 lesu
1115 489 1235 547 Christi.

283 646 342 704 darn
360 645 640 712 mentemmentdm,
674 646 753 702 stello
772 645 992 719 quaedamjunts
1009 663 1055 702 eos
1072 651 1213 718 apparuit,
1249 664 1318 719 quoe

129 761 131 764 ·
222 740 252 798 N
283 749 391 804 lornant
416 749 491 818 pueri
517 743 682 816 pulcherrimi
705 745 823 802 habebnt
843 753 869 803 ct
886 749 913 801 in
931 748 989 818 ujus
1007 749 1093 819 eapite
1110 763 1174 801 cmx
1193 747 1317 819 splende-

282 847 336 903 hat.
379 846 429 910 Qui
447 860 539 917 magos
558 845 695 917 alloquens
720 843 803 913 dluit,
839 852 868 900 ut
884 847 910 900 lu
927 845 1055 903 Judaeum
1075 853 1217 919 pergerent
1236 855 1262 902 ct
1279 846 1316 902 ihi

282 951 368 1001 natum
386 960 493 1016 puerum
513 947 665 1000 invenirent.
715 943 744 999 ln
763 946 822 1015 lpas
847 946 926 1000 etiarn
946 944 988 1001 dle
1005 953 1059 1000 tres
1080 947 1151 1000 soles
1169 947 1194 1000 ln
1214 950 1316 1002 oriente

199 1109 203 1115 ,
281 1051 471 1118 apparuerunt,
504 1046 549 1116 qui
571 1045 696 1115 paulatim
723 1046 748 1098 ln
774 1059 850 1098 unuun
875 1059 970 1115 corpus
991 1044 1079 1100 solare
1104 1043 1228 1100 redactae
1247 1052 1315 1101 suut.

280 1145 332 1202 Per
354 1144 424 1218 quod
442 1143 612 1216 signabatur,
644 1143 715 1216 quod
728 1145 790 1198 trinl
810 1145 927 1199 etunius
945 1143 993 1199 Del
1009 1145 1103 1198 nolitis
1119 1145 1177 1198 orlti
1198 1147 1315 1200 immine-

280 1246 342 1312 het,
365 1245 407 1300 rol
425 1246 488 1315 quia
503 1249 581 1298 natus
601 1250 658 1299 erat
676 1243 735 1310 ille,
762 1244 788 1296 in
806 1258 858 1314 quo
872 1245 941 1310 tria,
966 1244 1066 1298 scilicet
1082 1245 1185 1311 ulmo,
1209 1258 1273 1299 carc
1289 1251 1316 1299 et

281 1345 405 1399 diuinitus
425 1346 452 1398 in
473 1359 549 1398 unam
568 1357 707 1414 personum
724 1335 909 1398 convenerunt.
943 1340 973 1398 ln
989 1341 1114 1414 hystoriis
1132 1348 1220 1401 tamen
1237 1343 1315 1399 seho-

280 1445 379 1498 lestirls
399 1443 507 1510 dicitur,
544 1442 613 1515 quod
639 1457 691 1497 uon
716 1445 776 1512 ipsa
793 1441 836 1496 die
854 1443 1001 1497 nutlrltatis
1018 1448 1074 1498 tros
1092 1442 1163 1497 soles
1181 1457 1314 1514 apparue-

281 1550 354 1610 runt,
372 1543 419 1598 aed
437 1550 496 1598 ente
515 1560 562 1613 per
581 1541 689 1612 aliquod
704 1546 822 1612 tempas,
841 1541 941 1597 scillcet
958 1547 1019 1613 post
1036 1548 1144 1600 mortem
1161 1541 1226 1619 ,lulli
1248 1543 1314 1600 Cac-

280 1646 359 1710 suris,
376 1642 446 1714 quod
461 1642 590 1698 Eusebius
609 1644 634 1695 in
653 1640 783 1696 Chronica
800 1643 903 1698 asserit.
935 1639 937 1642 ’
960 1640 1119 1697 Outsrlanus
1139 1644 1248 1713 imsuper
1267 1647 1313 1699 iut-

280 1749 388 1813 porator
411 1743 453 1811 (ut
470 1745 508 1795 eit
524 1741 688 1797 Innocentius
708 1755 780 1811 pepo
796 1742 903 1812 tertius)
928 1742 1050 1796 uniuerso
1070 1740 1135 1797 orbe
1151 1739 1245 1797 ditioni
1261 1742 1314 1798 lio-

280 1856 372 1896 manae
390 1840 532 1913 subjugato
549 1842 576 1894 lu
592 1847 692 1894 tanturn
710 1842 812 1896 senatui
829 1838 943 1909 ploeuit,
963 1845 992 1894 ut
1009 1855 1066 1896 eum
1084 1857 1132 1911 pro
1150 1840 1206 1897 lieo
1226 1842 1314 1898 colere

280 1941 385 1997 vellent.
418 1939 534 1996 Prudens
553 1946 638 1996 autem
655 1942 798 2010 imperator
813 1955 842 1994 se
859 1939 993 1994 mortalem
1011 1940 1162 2013 intelligens
1180 1944 1311 1996 immorta-

279 2020 362 2095 litatis
380 2055 471 2095 nomen
490 2039 539 2094 silui
558 2041 642 2095 noluit
660 2054 798 2109 usurpare.
834 2039 875 2094 ltd
895 2038 997 2093 illorum
1015 2041 1165 2094 instantiam
1185 2039 1312 2110 Slhyllsm

278 2139 471 2213 prophetissam
490 2139 617 2204 advocat,
636 2143 703 2194 scire
725 2138 814 2193 voleus
833 2153 879 2208 per
898 2141 957 2209 ejus
975 2140 1097 2206 oracula,
1122 2141 1313 2196 sniumundo

279 2229 365 2311 major
380 2255 412 2295 eo
433 2238 574 2310 thurando
593 2245 752 2294 nasceretur.
779 2237 842 2293 Cum
859 2254 925 2312 ergo
944 2242 969 2293 is
989 2239 1032 2295 dle
1051 2240 1197 2293 nativitatis
1216 2238 1312 2294 domini

279 2338 415 2395 consiliunt
432 2354 513 2409 snper
529 2337 579 2392 hac
595 2354 624 2394 re
641 2343 812 2393 convocasset
828 2344 856 2392 et
873 2337 975 2409 Sibylla
989 2338 1049 2394 sola
1066 2340 1092 2392 iu
1108 2353 1213 2394 camera
1230 2342 1312 2409 impe-

279 2441 376 2494 ratoris
399 2437 513 2492 oraculis
538 2440 684 2504 insisteret,
720 2439 747 2491 in
771 2437 814 2492 die
839 2435 925 2492 media
947 2438 1058 2493 circulus
1077 2453 1172 2493 aurcos
1189 2442 1314 2509 apperuit

279 2541 349 2594 circu
366 2538 448 2593 solem
466 2542 492 2592 et
508 2539 535 2591 in
554 2538 638 2592 medio
656 2538 746 2592 circuli
762 2539 839 2610 virgo
859 2536 1047 2608 pulcherrima.
1079 2553 1185 2610 puerum
1204 2544 1313 2610 gestans

280 2641 306 2692 in
322 2640 433 2710 gremio.
467 2636 541 2691 Tunc
559 2636 661 2706 Sibylla
677 2634 727 2690 hoo
745 2638 854 2693 Caesari
872 2635 1001 2702 ostendit,
1020 2652 1076 2690 eum
1095 2644 1180 2692 autem
1198 2639 1312 2706 impera-

278 2745 322 2793 tor
337 2736 371 2791 ad
389 2735 549 2807 praedictam
567 2738 693 2792 visionem
715 2735 850 2807 plurinum
875 2735 1063 2802 admiraretur,
1100 2734 1200 2790 audirit
1224 2751 1312 2791 rocem

279 2836 405 2893 dicentem
425 2835 490 2892 sliri:
525 2835 591 2891 haee
609 2843 649 2892 est
666 2850 715 2891 era
732 2836 815 2904 coeli,
851 2835 969 2906 dixitque
993 2837 1018 2890 ei
1036 2834 1148 2906 Stipite:
1186 2833 1228 2890 hio
1247 2851 1313 2907 puer

279 2940 364 3010 major
379 2947 405 2993 te
422 2943 463 2994 est
480 2942 506 2992 ot
522 2935 581 2990 ideo
600 2939 685 3007 ipsun
703 2935 793 2992 adora.
828 2933 927 2991 liudem
946 2941 1031 2989 eutem
1049 2949 1153 2990 camera
1171 2938 1196 2988 in
1212 2919 1312 2990 honore

278 3039 392 3094 Sanctae
409 3038 512 3094 limiae
530 3035 654 3090 dedicato
669 3042 718 3101 est,
736 3033 805 3090 unde
822 3049 905 3105 usqne
923 3031 1002 3089 hodie
1011 3033 1106 3088 dieitur
1115 3033 1212 3089 Sancta
1223 3033 1312 3089 llario

279 3141 333 3194 hra
351 3137 431 3194 tiocli.
484 3135 635 3208 intelligens
654 3139 735 3208 igitur
751 3137 908 3205 imperator,
944 3131 1074 3204 quoditie
1094 3149 1159 3204 puer
1176 3134 1261 3204 mejor
1282 3149 1312 3188 se

278 3243 351 3303 erat,
386 3239 410 3291 ei
427 3234 506 3289 thura
523 3234 618 3290 obtulit
640 3241 666 3291 et
684 3235 753 3290 ilem
771 3234 926 3288 decaetero
946 3232 998 3286 diei
1016 3235 1155 3288 recusarit.
1206 3232 1245 3288 lle
1261 3231 1311 3288 hoc

278 3344 364 3392 auteur
381 3334 490 3391 Orosius
509 3336 546 3388 ita
565 3333 641 3388 dicit:
669 3333 805 3390 Octauiani
825 3339 943 3402 ternpore
967 3331 1033 3387 hora
1054 3334 1251 3388 oireitertertia
1268 3348 1311 3387 re-

277 3444 355 3508 pente
378 3436 452 3490 coelo
469 3433 569 3505 liquido
594 3448 625 3488 ee
648 3449 714 3503 puro
737 3439 763 3490 ct
786 3447 881 3489 sereno
907 3432 1019 3486 cuculos
1043 3431 1076 3485 ad
1094 3434 1207 3502 speciem
1224 3411 1312 3488 coele·

277 3539 325 3592 stis
347 3540 371 3603 ¹)
389 3535 500 3605 alicujus
521 3547 597 3587 uncus
616 3531 704 3587 orbem
727 3532 792 3587 eolis
816 3532 939 3598 ambivit,
979 3533 1055 3602 qussi
1080 3537 1204 3587 venturas
1228 3539 1311 3598 essct,

278 3638 323 3708 qui
347 3637 431 3705 ipsum
456 3633 537 3688 solem
568 3633 640 3687 solus
665 3631 835 3703 mundumque
859 3639 941 3686 toturn
966 3637 993 3686 et
1017 3629 1124 3686 lecisset
1147 3637 1173 3686 et
1195 3637 1311 3702 regeret.

277 3735 347 3790 llaec
364 3733 483 3788 Orosius.
525 3731 595 3787 ldern
613 3733 652 3785 ait
669 3729 819 3802 Eutropius.
860 3730 951 3786 Refert
968 3745 1072 3802 quoque
1089 3728 1243 3786 Timotheus
1263 3729 1311 3802 hy-

277 3829 487 3904 storiogrephus‚
518 3846 548 3886 se
566 3834 592 3886 in
611 3833 725 3901 antiquis
744 3829 916 3885 liomanorum
934 3829 1060 3900 hystoriis
1076 3831 1216 3897 inuenisse,
1240 3830 1312 3901 quod

277 3935 437 3990 Octavianus
454 3929 563 3985 XXXV.
583 3932 658 4002 regni
673 3943 741 3985 anuo
760 3930 909 4000 capitolium
929 3927 1065 3984 adscendit
1081 3934 1109 3983 at
1127 3931 1184 4001 quis
1203 3935 1265 3999 poet
1281 3944 1311 3984 se

277 4034 460 4106 rempublicam
480 4029 648 4102 gubernaret,
668 4045 684 4083 a
704 4029 759 4084 iliis
775 4030 887 4085 sollicite
904 4029 1042 4100 requisivit
1059 4033 1085 4082 et
1105 4029 1205 4082 audivit
1221 4045 1310 4084 uocoru

277 4133 326 4189 sihi
346 4133 487 4188 dicentem:
521 4146 587 4200 puer
603 4127 742 4184 aethereus
761 4146 793 4185 eu
810 4129 865 4184 lleo
884 4131 1003 4195 virente,
1025 4113 1086 4184 sinc
1098 4135 1217 4200 tempore
1235 4132 1309 4199 geni·

277 4242 335 4292 tus.
359 4247 410 4287 non
435 4229 540 4304 multum
559 4236 619 4299 post
637 4245 669 4282 ox
688 4231 842 4287 intemerato
859 4231 961 4302 virgine
980 4228 1049 4283 licus
1067 4227 1143 4288 homo
1164 4233 1311 4283 rresnunus

218 4481 220 4486 .
328 4439 355 4508 l]
365 4446 408 4496 Ed.
422 4453 492 4498 irinc.
507 4451 570 4496 addit
586 4450 727 4504 alicujus,
742 4449 781 4492 sed
797 4447 854 4492 inale
868 4449 950 4492 omittit
966 4461 1057 4492 arruns.
