2918 5302
303 468 367 534 626
461 469 533 551 Cep.
556 463 643 531 CXL.
686 468 732 531 De
762 481 861 530 seocto
883 469 1031 530 llattlieeo
1054 467 1196 552 apostolo.

305 633 409 687 tattone
428 628 660 696 documentorum,
681 633 744 703 quis
762 631 798 686 ιιι
816 645 914 704 magna
932 630 1089 688 documento
1107 628 1242 697 exhihuit,
1263 628 1351 694 sicat:

256 778 262 794 ,
306 729 515 787 misericordium
534 719 621 802 volo(
638 739 664 788 et
688 746 741 787 non
765 730 937 802 sucrificium,
960 738 1000 788 ct:
1025 747 1079 788 non
1101 736 1196 804 egent,
1222 731 1268 801 qui
1292 731 1352 798 seui

306 837 384 901 suut,
412 831 514 887 medico
540 838 590 887 etc.
627 830 727 896 Quarto
749 833 852 890 ratione
874 835 1061 900 invitatorum,
1092 832 1156 904 pule
1179 830 1271 904 magui
1295 826 1353 884 its·

307 932 461 987 cumbentes
480 933 557 988 eticn
579 934 680 988 inritet!
699 932 813 1002 luerunt,
831 933 936 990 scillcet
954 933 1076 990 Christus
1096 938 1123 988 et
1140 929 1267 1003 discipuli
1284 931 1353 1001 elus.

308 1030 427 1088 Tertium
450 1035 509 1104 ejus
535 1031 685 1100 humilitas,
709 1047 778 1106 quac
802 1037 926 1105 apperuit
948 1036 975 1088 in
994 1032 1108 1094 duobos.
1142 1031 1229 1088 l’risno
1247 1031 1277 1084 ιιι
1293 1027 1356 1094 lice,

308 1131 380 1204 qood
403 1147 434 1188 se
458 1131 625 1202 publicanum
649 1133 839 1192 manifestavit.
875 1132 981 1190 Gseterl
1009 1134 1208 1207 evengelistae,
1237 1136 1268 1186 ut
1291 1128 1358 1185 elicit

309 1229 420 1300 (liuere,
442 1233 618 1289 uerecundiae
636 1249 719 1290 cause
736 1241 764 1291 et
780 1234 964 1309 evengelistae
987 1233 1089 1290 honore
1106 1248 1202 1290 noeren
1219 1231 1356 1304 vulgatam

308 1347 361 1389 uon
379 1338 494 1404 perurit,
514 1334 584 1405 ipse,
601 1333 743 1392 secundum
761 1335 832 1407 quod
850 1338 976 1407 scriptum
994 1341 1050 1402 est,
1064 1337 1155 1406 justus
1172 1334 1295 1406 inprimis
1313 1335 1357 1388 est

309 1438 450 1488 eccusmor
466 1435 524 1497 sui,
549 1433 713 1490 illuttheeum
733 1450 763 1491 se
781 1441 807 1491 ct
825 1434 994 1507 publicanum
1012 1437 1144 1503 nominet,
1171 1437 1202 1490 ut
1218 1431 1356 1500 ostendat,

308 1531 406 1588 ιιιιιιιι
431 1549 586 1590 conversum
610 1533 710 1592 debere
735 1535 769 1593 tle
792 1537 879 1593 solute
903 1534 1041 1603 illidere,
1074 1551 1132 1591 cum
1163 1533 1306 1607 spostolus
1329 1538 1359 1588 et

309 1632 477 1706 evangeliste
493 1633 526 1688 ιιι
544 1634 685 1706 pollicens
703 1638 863 1708 repente-sit
883 1637 979 1694 tectos.
1013 1635 1138 1692 Secundo
1155 1637 1182 1690 in
1200 1633 1263 1703 imo,
1283 1631 1358 1706 quoi

309 1732 344 1789 al
363 1748 425 1789 sues
443 1734 555 1807 iniurias
573 1735 680 1805 petiens
696 1733 754 1793 init.
789 1735 901 1802 Quando
919 1739 987 1794 eules
1002 1733 1358 1809 phariseeimsrmuralmut,

310 1832 381 1906 quoi
401 1833 523 1891 christus
540 1833 574 1889 ιι
592 1833 723 1892 lioreleem
740 1844 907 1908 peccatorem
928 1836 1131 1910 ¹)ulerertlsset,
1162 1837 1296 1909 potuisset
1320 1835 1358 1889 lta

312 1935 443 2006 *luerim
452 1935 616 2006 respondere
628 1950 660 1992 uc
674 1934 779 1992 elicere:
799 1953 846 1992 ros
858 1939 948 2008 potius
958 1941 1048 1995 miseri
1062 1953 1095 1994 nc
1109 1943 1268 2009 peccatores
1277 1933 1357 2003 estis,

309 2037 356 2109 qut
374 2052 422 2091 ros
435 2037 526 2107 justos
544 2035 705 2092 arbitrantes
723 2037 850 2093 medicum
869 2037 1002 2111 refugitis,
1023 2054 1074 2112 ego
1087 2045 1173 2094 auteur
1183 2015 1239 2110 jaer
1257 2048 1357 2107 pecea-

310 2143 354 2192 tcr
379 2136 431 2191 diet
456 2151 508 2191 non
534 2135 626 2203 velen,
659 2139 705 2209 qui
727 2136 761 2192 ιι
787 2136 912 2194 medicum
937 2140 1042 2195 selutis‘
1059 2137 1185 2212 coningio
1214 2141 1242 2193 ct
1267 2133 1356 2190 elien

310 2236 404 2294 vulnus
422 2252 505 2293 meurn
523 2251 576 2291 non
592 2235 738 2293 alisconulo¹
773 2237 898 2304 Quartum
916 2245 958 2296 est
975 2238 1106 2311 compelli
1128 2238 1213 2309 ipsius
1227 2237 1254 2290 iu
1265 2232 1357 2290 ἰιιΙι-

311 2339 354 2393 sia
370 2352 466 2410 uagos
484 2336 658 2393 sulieunltns.
692 2335 758 2409 Eius
781 2343 848 2396 enim
870 2339 1037 2412 evangelium
1058 2337 1252 2410 praecaeteris
1271 2347 1356 2390 eran·

311 2438 391 2513 geliic
409 2440 496 2512 nugis
512 2431 541 2493 in
559 2437 674 2494 ecclesis
691 2437 882 2512 trequentatur,
899 2441 968 2496 sicet
983 2437 1174 2510 pselmlliarirl
1187 2432 1358 2507 etcplstolae

311 2538 387 2596 l'euli
405 2552 470 2610 pree
487 2539 603 2595 coeteris
620 2541 760 2618 scripturis
777 2541 891 2612 emplius
908 2543 935 2596 ln
954 2538 1068 2596 ecclesio
1085 2539 1238 2594 recitentur.
1272 2533 1358 2606 Cujus

311 2638 379 2696 leco
400 2643 440 2694 est
458 2633 542 2706 ratio,
566 2641 690 2713 quonian
708 2646 778 2697 teste
793 2641 896 2698 ieootm
913 2643 966 2696 trie
983 2645 1044 2696 sunt
1058 2653 1161 2713 genere
1177 2641 1357 2710 peccaturum,

312 2738 415 2796 scillcet
426 2745 562 2810 peccatum
573 2739 725 2811 superbiae,
742 2740 1072 2810 ’lluuurioeetacsritiue
1091 2739 1205 2796 l'eccetc
1212 2735 1358 2808 superbiae

312 2841 434 2913 peccarit
446 2838 543 2895 Saulus
556 2855 574 2895 a
586 2839 667 2898 Seule
678 2841 868 2915 superbissimo
881 2857 945 2915 rege
957 2841 1052 2908 ulictns,
1068 2841 1113 2913 qni
1121 2838 1260 2896 ecelesiam
1274 2849 1358 2908 super

312 2939 415 2996 motum
428 2946 583 3011 persecutus
598 2948 647 2998 est.
667 2939 780 2997 Peccata
792 2942 914 2998 luxuriae
928 2940 1158 3014 peccavitliartrl,
1174 2941 1219 3014 qui
1232 2944 1259 2994 et
1276 2935 1356 2992 ndul-

311 3043 406 3096 teriurn
418 3042 547 3097 conmisit
559 3047 586 3098 et
599 3049 709 3114 propter
724 3043 880 3099 adulterium
893 3041 1073 3098 tidelissimuar
1087 3039 1193 3096 militem
1204 3037 1291 3095 Uriam
1308 3051 1356 3092 oc·

311 3139 386 3195 citit.
405 3139 516 3196 Peccnto
529 3145 659 3198 ιιιιιιιιι
672 3144 794 3214 peccarit
806 3141 967 3211 liettheeus,
985 3143 1031 3214 qui
1050 3157 1098 3213 per
1115 3141 1254 3196 everittan
1271 3137 1357 3195 lucris

312 3240 434 3312 turpibus
452 3237 590 3310 inliciunt,
615 3242 665 3298 iult
687 3245 756 3298 enlm
780 3243 953 3299 telonearius.
987 3241 1036 3298 list
1051 3248 1137 3296 sutem
1156 3241 1305 3307 teloneum,
1326 3242 1356 3293 at

312 3340 377 3395 licit
394 3339 531 3409 isidorus,
548 3340 623 3398 locus
642 3344 670 3399 in
687 3351 765 3414 portu
783 3346 874 3410 muris,
893 3341 937 3398 ιΙιι
953 3358 1053 3398 merces
1065 3347 1168 3396 narium
1180 3347 1206 3396 et
1217 3343 1356 3395 neutaruau

313 3443 487 3500 emolumento
509 3441 668 3512 redduntur,
693 3435 763 3500 telos
792 3453 878 3500 auteur
896 3459 1010 3516 graece,
1035 3449 1064 3498 ut
1081 3442 1146 3497 dicit
1160 3440 1250 3508 liele,
1272 3440 1356 3496 lettre

311 3543 408 3600 dicitnr
435 3543 561 3616 uectigal.
594 3541 671 3599 licet
702 3545 784 3618 ipttm
811 3545 857 3600 istt
885 3549 1040 3615 peccatores
1070 3544 1233 3605 exstiterint.
1264 3555 1355 3597 eoram

310 3650 399 3700 umen
416 3641 580 3714 poenitentis
597 3642 666 3699 adeo
685 3644 803 3716 plecnit,
818 3649 847 3698 ut
863 3659 915 3698 non
932 3645 1017 3700 solun
1035 3643 1156 3699 doninus
1166 3657 1256 3700 eoru·
1268 3640 1357 3714 culpis

311 3747 477 3818 ignosceret,
497 3741 545 3798 sed
563 3743 641 3798 etiem
660 3745 687 3799 tn
705 3744 739 3799 iis
758 3744 830 3800 dono
847 3758 896 3799 ιιι
913 3743 1083 3815 multiplicius
1099 3741 1252 3800 cumularet
1288 3739 1355 3798 lia·

310 3845 493 3906 saevissimum
512 3849 708 3914 persecutorem
726 3843 789 3901 iecit
806 3842 985 3900 itellectuum
1004 3843 1231 3916 praedicatorem,
1249 3842 1355 3900 adulte·

310 3959 367 4000 rum
385 3950 413 3998 et
429 3941 587 3998 ionicitem
604 3941 669 3999 ieott
687 3943 842 4017 prophetem
860 3952 887 4001 et
901 3944 1065 4016 psalmistam
1078 3950 1105 4000 et
1117 3943 1198 4000 lucrts
1211 3942 1355 4000 tollentem

311 4049 339 4099 et
362 4040 484 4120 cupidum
508 4043 571 4099 iecit
592 4044 742 4116 apostolum
770 4051 797 4102 et
823 4046 1023 4118 evangelistam.
1058 4043 1122 4100 luteo
1150 4045 1234 4118 igitur
1260 4041 1355 4100 luorum

309 4145 388 4200 ιιιιιιι
411 4142 484 4198 dicta
506 4142 584 4198 notis
608 4149 659 4200 tour
684 4145 848 4221 [sequentius
869 4146 1029 4215 recitentur,
1052 4151 1082 4201 ut
1096 4144 1198 4214 uultus,
1221 4147 1266 4218 qui
1288 4160 1353 4202 cos·

362 4325 437 4381 lind.
456 4332 490 4371 ir.
509 4327 734 4378 descendisset.
811 4333 834 4386 ι)
848 4330 907 4376 Aliis
921 4331 1091 4376 llattlraeus
1109 4327 1305 4387 respondisse
1321 4344 1354 4376 ae

309 4393 430 4506 ddiff'im'
507 4398 529 4452 ι)
542 4396 583 4444 ιιι.
596 4403 630 4443 rr.
644 4399 729 4446 omittit
743 4399 826 4445 rentur
847 4398 984 4445 luxuriae
1002 4421 1025 4433 -
1048 4398 1214 4457 superbias
1227 4405 1250 4443 et
1264 4405 1353 4445 tautuas

308 4477 321 4507 a
356 4469 371 4506 ιΙ
386 4476 449 4516 quo.
