2842 5286
296 503 364 584 Cap.
388 501 491 564 xiix.
534 501 579 562 De
599 509 697 561 sancto
718 497 886 560 Benedicta.
1045 499 1108 562 209

64 661 121 719 riui
140 676 191 732 per
207 658 336 733 quendem
355 675 463 730 quorun
482 658 516 716 ad
536 675 593 716 euru
610 659 700 722 nisit,
725 654 774 710 sed
796 653 842 711 ille
859 673 936 712 unum
953 659 980 714 ln
997 659 1040 716 tle
1057 660 1105 717 ab·

64 759 175 816 scoudit
209 766 236 815 et
257 758 335 814 silum
362 759 474 827 detulit,
509 761 549 814 uir
572 765 657 816 oulen
680 756 730 812 llei
753 769 809 810 nuru
835 759 978 828 gratiarum
1002 761 1106 816 actione

64 861 172 930 accepit
189 874 266 914 unuur
286 867 313 913 et
329 857 535 916 descendentem¹
553 873 660 929 querum
685 853 819 910 admonuit
843 854 948 911 dicens:
967 854 1020 926 tn,
1045 856 1106 915 ride

65 974 100 1014 ue
118 959 154 1012 de
173 958 220 1014 illo
238 957 361 1024 munuc,
379 973 456 1028 quen
473 957 646 1024 abscondisti,
665 952 756 1020 biles,
775 954 823 1010 scd
842 954 938 1010 inclina
955 971 1012 1012 cun
1029 962 1106 1014 caute

66 1056 189 1124 stride,
208 1055 270 1130 quid
285 1059 353 1112 intus
371 1055 476 1112 habeut
512 1055 561 1121 Qui
577 1051 703 1112 oculosus
719 1052 796 1111 ualde
814 1052 849 1110 ab
868 1070 900 1110 eo
919 1058 999 1111 exirit
1018 1061 1045 1112 et
1061 1072 1105 1112 rc-

66 1171 163 1213 rersus
180 1155 272 1212 rolens
291 1156 375 1212 adhuc
395 1155 525 1227 probare,
549 1153 620 1237 quod
634 1152 773 1220 sedicunt,
799 1169 854 1209 cuns
872 1154 1013 1211 turonen
1028 1157 1105 1213 incli-

66 1263 170 1324 nasset,
189 1257 309 1326 protinus
324 1255 357 1310 de
377 1271 408 1310 eo
426 1269 535 1325 serpens
554 1268 679 1326 egressus
697 1259 745 1314 cst
779 1252 894 1316 Quodam
913 1255 972 1312 rice
990 1255 1049 1312 dum
1066 1259 1106 1312 etr

65 1355 118 1411 Ilei
137 1357 163 1412 lu
181 1371 241 1410 sero
259 1359 392 1422 coenaret,
410 1349 550 1408 nonnius
567 1352 672 1422 quidam
688 1348 756 1407 filius
773 1351 922 1408 defensoris
934 1357 960 1410 ei
977 1357 1106 1410 assistens

67 1461 96 1511 et
111 1453 245 1511 lucernam
261 1461 353 1510 tenens
374 1469 423 1526 per
440 1455 558 1524 spiritum
571 1449 713 1522 superbies
731 1453 799 1508 lutus
817 1467 848 1509 se
867 1455 987 1526 cogitare
1003 1459 1103 1529 coepit:

68 1557 130 1626 quis
150 1561 191 1610 sst
208 1553 264 1620 hie,
289 1555 332 1608 cui
356 1569 407 1624 ego
434 1550 599 1606 manducanti
619 1549 733 1615 assisto,
763 1551 894 1607 lucernam
918 1560 1012 1622 teneo,
1046 1571 1105 1611 ser·

60 1650 159 1708 'uiduus
179 1652 316 1724 inpendo:
334 1653 392 1724 quis
411 1667 466 1706 suro
487 1663 547 1722 ego,
565 1655 594 1703 ut
611 1649 656 1703 isti
671 1650 805 1704 sentiani
830 1649 877 1704 [lul
890 1655 978 1708 statius
996 1656 1037 1708 vir
1055 1652 1104 1712 llei

68 1755 123 1810 ait:
141 1754 221 1824 sigua
236 1765 284 1806 oor
301 1759 383 1819 tuum,
398 1749 490 1816 irater,
509 1747 750 1819 signaculorum
769 1749 830 1820 quid
849 1757 905 1819 est,
923 1752 993 1824 quod
1011 1752 1104 1826 loque-

68 1849 129 1906 risi
147 1851 299 1922 vocatisque
310 1847 435 1904 iratribus
448 1847 579 1903 lucentem
592 1845 674 1917 jussit
691 1845 852 1903 deitatibus
870 1852 928 1921 ejus
939 1852 1007 1918 tolli,
1021 1855 1105 1925 ipsun
1149 1925 1151 1928 ι

68 1966 133 2007 uero
150 1951 232 2021 jussit
253 1949 287 2004 sd
303 1947 490 2003 monesterium
513 1941 640 2001 accedens
665 1950 692 2000 et
707 1946 822 2018 quietus
840 1949 944 2004 sedere.
969 1981 1005 1994 -
1019 1981 1055 1992 -
1069 1983 1105 1995 -

67 2053 104 2111 Β.
129 2047 271 2105 Gotlroruun
296 2047 419 2120 quiden,
449 2043 662 2111 dalimnanus,
689 2041 817 2115 perfidiae
835 2045 886 2102 luit
903 2045 1034 2118 Arianae,
1059 2054 1105 2124 qui

68 2148 196 2204 'l'lrotllne
213 2150 286 2220 regis
303 2145 465 2218 tenporibus
475 2141 724 2198 contracatlrollcac
735 2143 864 2202 ecelesiae
877 2147 1022 2220 religiosos
1032 2152 1103 2206 uiros

68 2247 167 2302 ardore
184 2248 386 2302 lnnsnlssiuuae
401 2241 565 2300 crudelitatis
583 2243 696 2310 esuriit,
714 2244 751 2297 ito
767 2251 797 2298 ut
818 2247 938 2318 quisquis
954 2248 1104 2305 siclericus

69 2345 247 2402 nonsclusrs
272 2341 450 2414 ustuladum
478 2344 612 2408 uenisset,
651 2341 685 2396 alr
709 2343 767 2414 sjns
791 2343 910 2399 munibus
934 2347 1009 2401 uiuus
1031 2347 1103 2404 nullo

68 2445 148 2501 nelo
168 2447 261 2502 exiret.
297 2443 414 2508 Quadam
433 2456 495 2496 sero
521 2440 565 2495 die
582 2442 711 2497 auaritiae
736 2456 802 2496 suae
820 2450 895 2498 nestu
918 2460 1059 2502 succensus
1077 2449 1104 2504 ln

68 2546 187 2615 raanauu
211 2559 263 2600 reu
290 2543 394 2598 inntens
419 2555 476 2596 cun
499 2539 627 2612 quendam
653 2541 776 2596 rusticum
798 2541 948 2598 crudelibus
968 2548 1104 2602 tormentis

68 2642 204 2714 affligeret
224 2657 334 2714 cunque
352 2655 401 2712 per
421 2638 552 2711 supplicio
570 2638 676 2694 diuersa
691 2637 820 2706 laniaret,
845 2643 928 2698 rietus
945 2647 1039 2715 poenis
1059 2663 1103 2701 ru-

68 2742 152 2796 sticus
171 2755 233 2796 sese
250 2747 276 2796 et
286 2756 329 2796 res
346 2755 409 2795 sues
422 2737 563 2794 Benedicto
578 2736 627 2793 Ilei
644 2736 741 2792 lunulo
752 2739 950 2796 commendasse
968 2742 1104 2814 professus

71 2845 112 2895 est
132 2847 174 2906 et,
195 2839 254 2896 dun
273 2839 324 2894 hoe
343 2855 359 2894 a
377 2845 515 2910 torquente
531 2836 662 2904 cruditur,
680 2837 784 2894 iuterirn
800 2838 957 2896 crudelituto
972 2841 1007 2896 atl
1026 2845 1104 2899 uitam

70 2945 216 3010 reperetur.
257 2939 331 2995 Tune
354 2938 422 2994 idern
442 2936 519 2994 Gella
540 2937 657 2992 ocssuuit
680 2939 803 2992 rusticum
820 2939 957 2995 tormentis
973 2941 1104 3013 elligere,

69 3035 116 3093 sed
136 3038 196 3108 ejus
214 3037 324 3095 brsclrla
346 3037 411 3094 loris
433 3033 546 3092 lortilrus
575 3035 743 3108 adstringens
760 3043 822 3090 ento
839 3053 932 3108 equuus
949 3042 1039 3112 coepit
1056 3043 1100 3096 irn-

70 3135 181 3207 pelleae,
201 3143 230 3191 ut
246 3140 305 3210 quis
323 3145 395 3194 esset
410 3135 456 3190 ille
473 3132 646 3201 Benedictus,
664 3135 709 3209 qui
729 3134 787 3206 ejus
804 3151 848 3190 res
866 3146 1036 3210 susceperat,
1053 3140 1102 3196 ds·

71 3243 237 3292 nonstrsrct
279 3236 359 3301 Quen
382 3237 474 3308 ligatis
493 3232 611 3290 brachiis
640 3235 753 3289 rusticus
784 3233 942 3295 mtecedcns
973 3237 1047 3294 duxit
1070 3241 1103 3297 sd

70 3336 154 3391 snncd
173 3337 225 3392 uirl
242 3338 427 3398 nonasterium
445 3349 554 3406 cunque
579 3338 640 3388 suto
658 3333 804 3404 ingressum
828 3332 939 3391 cellulae
955 3337 1041 3394 solunt
1058 3356 1101 3410 se·

70 3435 175 3491 dentem
193 3437 293 3507 reperit
315 3440 343 3490 st
358 3434 508 3506 legentem
531 3430 616 3488 eidem
634 3437 720 3486 nutent
737 3431 907 3504 subsequenti
930 3441 957 3491 et
975 3441 1104 3496 saeuienti

70 3533 163 3591 Gallae
181 3535 293 3590 rusticus
310 3533 390 3589 dixit:
421 3548 483 3589 cccc
505 3535 555 3587 iste
574 3536 631 3598 cst,
657 3530 690 3588 dc
715 3546 765 3602 quo
787 3531 919 3601 diuorum,
946 3533 1104 3594 Benedictus

69 3639 154 3705 poter.
199 3632 281 3697 Quen
303 3630 363 3687 dun
386 3631 488 3687 lervldo
512 3632 608 3703 spiritu
632 3645 689 3684 curn
715 3645 857 3700 perversae
885 3636 979 3688 urentis
1001 3636 1105 3696 insania

70 3731 166 3789 luisset
183 3733 308 3797 nultus,
328 3746 360 3785 eo
380 3745 479 3796 errore,
498 3746 549 3803 quo
566 3737 749 3797 conuenerat,
768 3736 884 3784 uotnrurn
903 3747 933 3787 se
951 3734 1104 3792 existimaus

71 3833 172 3904 magnis
198 3833 287 3902 coepit
303 3828 414 3884 uocibus
438 3827 552 3886 clausero
574 3829 678 3885 dicens:
704 3845 800 3902 surge,
825 3845 905 3910 surgo
922 3839 949 3888 et
967 3848 1010 3890 res
1028 3835 1104 3891 istius

71 3933 163 3986 rustici
180 3928 279 3996 redde,
304 3942 370 3999 quas
392 3929 525 3998 accepisti.
567 3927 609 3984 lid
635 3927 710 4000 cujus
735 3943 824 3984 roecru
848 3931 889 3984 vir
911 3928 961 3986 liei
984 3935 1104 4003 protinus

71 4027 167 4116 oonloq
180 4027 281 4084 lerstlt
297 4033 323 4084 st
339 4041 358 4083 s
373 4026 485 4084 lectione
503 4029 633 4096 cessavit,
651 4041 760 4098 cunque
776 4028 883 4082 intuitus
902 4043 963 4082 uros
980 4034 1007 4085 et
1023 4033 1103 4086 rusti-

71 4142 143 4194 cum,
159 4130 206 4200 qui
222 4127 322 4200 ligetur
337 4125 485 4192 torrebatur,
502 4125 623 4182 attendit.
658 4125 699 4181 nd
717 4125 792 4196 cujus
810 4124 919 4180 brachiu
936 4126 994 4182 duos
1013 4129 1104 4188 oculos

73 4225 242 4288 deflexisset,
268 4227 334 4280 niro
360 4223 437 4289 nodo
454 4231 528 4280 tanta
550 4221 686 4281 celeritate
709 4230 851 4294 coeperunt
868 4221 979 4297 alligata
996 4224 1106 4285 betolio

73 4322 131 4380 loro
146 4323 310 4390 dissolvere,
336 4329 365 4378 ut
380 4322 491 4380 dissolri
510 4332 561 4378 turn
579 4325 681 4380 concite
697 4319 769 4378 nullu
788 4320 918 4378 hominurn
936 4322 1106 4384 lestinstlone

74 4425 222 4493 potuissent
246 4436 371 4496 cunque,
406 4423 449 4495 qui
468 4422 566 4497 ligatus
590 4431 711 4494 reuersi,
738 4425 872 4496 coepisset
895 4421 982 4480 subito
998 4425 1106 4482 adstrue

831 4521 866 4577 li
