2984 5316
305 467 367 530 412
464 467 536 549 Cap.
557 469 658 530 xcvi.
701 469 746 529 De
769 478 869 528 cancta
891 468 983 529 Maria
1004 470 1190 550 magdalena.

304 632 329 684 cl
347 625 442 683 obrius
459 625 524 694 init,
544 630 588 700 qui
607 631 663 684 riso
682 633 760 702 signo
779 633 865 686 crucis
883 632 910 684 in
928 627 1036 703 burnero
1054 644 1118 698 suu,
1148 630 1193 701 qni
1218 633 1290 685 esset
1313 635 1341 684 et

302 727 371 785 unde
388 731 506 794 reniret,
527 729 678 784 sciscitatus
705 737 754 788 est.
790 729 840 795 Qui
865 731 952 786 omnia
973 729 1027 786 sibl
1045 728 1227 804 perordinem
1247 741 1339 783 narra-

301 831 355 895 rit,
380 829 423 884 eui
442 827 549 884 Petrus:
575 844 627 900 pax
645 829 693 884 tibi
713 830 773 898 bnt,
799 831 866 888 bane
886 831 981 888 uenisti
1000 836 1027 886 ot
1043 829 1103 884 utili
1120 829 1237 884 consilio
1253 827 1339 883 oredi-

302 930 365 983 disti
381 944 429 984 nec
447 927 558 984 molesta
578 927 663 994 leros,
689 933 713 986 oi
733 931 826 986 mulier
843 938 889 986 tua
907 927 1016 997 dormit,
1038 930 1061 984 si
1086 930 1213 1001 paruulus
1231 944 1287 985 cum
1307 942 1340 984 ea

301 1029 428 1100 quiescit,
455 1035 550 1098 poiens
579 1031 646 1084 euim
671 1038 712 1086 est
738 1030 874 1095 dominus,
902 1031 945 1085 cui
970 1029 1038 1097 ruli,
1068 1028 1139 1084 dona
1162 1028 1244 1096 dare,
1276 1028 1341 1082 data

301 1125 421 1194 auterre,
444 1127 535 1183 ablata
558 1132 713 1198 restituere,
739 1138 766 1187 et
783 1146 928 1186 moerorem
946 1135 1017 1184 tuum
1035 1131 1062 1183 ln
1081 1127 1206 1200 gaudium
1224 1143 1338 1184 commu·

299 1233 366 1284 tare.
401 1227 495 1283 Petrus
521 1237 607 1284 autern
634 1233 718 1300 ipsun
742 1233 768 1285 in
791 1229 996 1301 Hierosolymam
1023 1227 1098 1284 duxit
1121 1235 1147 1285 ot
1165 1231 1252 1283 omnin
1268 1227 1339 1297 loos,

299 1329 326 1382 in
344 1327 439 1400 quuibus
458 1325 579 1384 Cbrisius
599 1330 763 1399 praedicarit
781 1337 807 1386 et
831 1329 958 1384 miracula
982 1327 1059 1396 iecit,
1084 1326 1168 1382 locun
1194 1331 1288 1395 etiam,
1310 1331 1340 1384 in

299 1444 351 1499 quo
370 1443 466 1499 passus
485 1435 570 1484 estet.
589 1431 685 1501 inquo
706 1428 797 1485 coelos
823 1429 978 1496 ndsoouuiit,
1003 1428 1088 1485 eidem
1112 1426 1243 1495 ostendit,
1268 1443 1340 1485 cnor-

299 1544 350 1599 que
370 1527 403 1582 de
422 1527 472 1584 fide
490 1528 585 1584 luisset
602 1530 744 1585 instructus
765 1529 908 1602 diiigenter
927 1543 944 1584 a
960 1529 1050 1594 Petro,
1068 1529 1168 1585 biennii
1183 1530 1269 1598 spatio
1282 1529 1339 1599 J'am

298 1627 392 1698 elapso
413 1643 507 1684 narem
526 1628 667 1685 adscendit
687 1631 834 1702 repatriare
852 1644 957 1687 curans.
993 1629 1054 1684 Cum
1073 1631 1156 1702 igitur
1171 1631 1338 1702 nauigarent,

298 1727 409 1782 domiuo
422 1727 578 1799 disponente
591 1709 672 1802 iuxta
690 1729 797 1794 coliem,
823 1731 850 1784 io
878 1746 930 1801 quo
953 1743 1050 1800 corpus
1074 1731 1165 1784 uxoris
1182 1743 1239 1783 cum
1255 1744 1341 1800 puero

297 1829 411 1898 positum
431 1828 531 1894 luerat,
551 1838 739 1900 perverterunt,
763 1832 809 1902 qui
826 1845 904 1900 prece
924 1835 950 1884 et
969 1832 1056 1900 pretio
1079 1843 1126 1885 eos
1145 1828 1181 1882 ibi
1200 1826 1235 1882 aul
1251 1829 1340 1900 appii-

297 1926 407 1981 eamlurn
425 1927 535 1984 induxit.
571 1928 700 1985 Puerrulus
718 1935 804 1985 auienr
822 1928 919 1984 ibidem
942 1929 1066 1985 ublaria
1084 1927 1247 2002 Magdalena
1265 1930 1340 1984 inco·

297 2028 374 2082 luumis
393 2033 565 2084 conservatus
583 2029 736 2102 frequenter
760 2027 795 2084 ad
817 2029 891 2084 littus
910 2032 990 2084 naris
1008 2027 1171 2100 procedebat
1188 2035 1214 2084 st
1230 2027 1339 2096 ibidem,

298 2133 325 2182 ui
350 2137 490 2199 puerorum
513 2131 594 2184 moris
612 2136 668 2198 est,
694 2143 751 2186 curn
779 2129 880 2202 lapillis
897 2135 924 2184 et
940 2129 1041 2203 glareis
1059 2128 1151 2185 ludere
1167 2129 1261 2184 solitus
1280 2135 1340 2184 erat

298 2233 339 2292 et,
364 2242 421 2284 cum
447 2228 635 2300 applicuisset,
661 2229 884 2302 riditpuerulum
910 2245 982 2286 moro
1009 2229 1088 2284 solito
1106 2231 1132 2284 io
1149 2229 1239 2284 littore
1258 2231 1340 2284 naris

297 2342 353 2382 oum
372 2327 471 2398 lapillis
489 2327 636 2396 ludentem,
663 2330 775 2403 etquid
799 2337 889 2398 esset,
913 2330 1038 2385 admirari
1062 2346 1114 2384 non
1139 2327 1279 2396 desinens,
1305 2330 1339 2386 de

296 2428 398 2501 scapha
414 2429 520 2484 exsiliit,
541 2429 864 2503 Quemvidensparrulns,
878 2447 934 2486 cum
945 2429 1136 2502 ruuurqnamtale
1147 2427 1209 2501 quiul
1218 2429 1339 2498 uidisset,

297 2533 406 2600 expauit
429 2535 456 2585 ct
478 2528 512 2584 ad
535 2529 615 2585 solita
637 2534 729 2588 matris
752 2544 890 2588 recurrens
913 2530 997 2588 ubera
1015 2529 1117 2587 occulte
1135 2527 1184 2584 sub
1203 2528 1338 2601 chlamyde

296 2627 428 2684 latitabat
462 2627 620 2703 Peregrinus
638 2645 719 2701 uero,
737 2637 768 2687 ut
783 2631 949 2688 manifestias
966 2629 1077 2698 rideret,
1096 2628 1163 2685 ilino
1177 2632 1291 2685 accessit
1309 2636 1338 2686 et

297 2729 432 2801 pucrulum
450 2729 650 2802 pulcherrimum
670 2735 760 2788 nostris
782 2731 868 2788 ubera
890 2737 1027 2806 sugentem
1044 2732 1144 2786 inuenit
1160 2736 1188 2786 ct
1203 2731 1337 2800 accipiens

296 2813 404 2902 puerunt
428 2832 479 2885 sii:
503 2847 519 2886 o
544 2829 624 2887 beata
640 2829 729 2889 lilerio
746 2831 924 2906 Magdalena,
954 2845 1030 2904 quam
1049 2831 1113 2887 ielis
1130 2845 1232 2898 essen,
1258 2844 1335 2902 mern

296 2927 358 2985 milui
380 2937 474 2986 cuneta
491 2945 622 3004 prospero
638 2931 824 3002 aduenissent,
850 2933 873 2986 si
897 2931 991 2988 melier
1014 2933 1160 3002 respiraret
1186 2937 1213 2985 et
1236 2935 1336 2986 mecum

296 3031 444 3102 repatriare
468 3033 578 3088 ualeret.
614 3031 676 3087 Soio
702 3031 838 3105 equidem,
870 3035 926 3087 scio
956 3037 983 3088 et
1012 3032 1104 3102 procui
1137 3029 1218 3086 dubio
1245 3030 1336 3098 oredo,

296 3132 366 3204 quod
384 3138 428 3199 tu,
455 3135 499 3205 qui
524 3148 631 3203 puerum
655 3132 753 3189 dedisti
776 3138 804 3190 et
819 3135 847 3187 in
865 3130 915 3187 bae
931 3147 996 3203 rupe
1013 3148 1061 3203 por
1081 3132 1211 3187 biennium
1228 3133 1336 3202 peristi,

296 3233 398 3302 poteris
424 3238 532 3289 matrem
558 3249 632 3289 suono
656 3247 734 3304 prcoe
758 3240 806 3289 tua
828 3235 957 3305 pristinae
983 3233 1123 3288 restituero
1143 3229 1260 3286 sanitati.
1294 3227 1337 3286 Λᾶ

295 3331 361 3388 hacc
381 3332 464 3389 rerba
482 3334 575 3390 mulier
592 3335 736 3406 respirauit
753 3341 780 3391 et
797 3335 874 3406 quasi
893 3346 1018 3388 ssomno
1034 3332 1165 3405 evigilans
1176 3333 1228 3387 nii:
1247 3333 1337 3404 magni

295 3435 381 3488 meriti
408 3450 454 3502 es,
478 3433 559 3489 beato
580 3433 668 3490 biurio
691 3433 870 3506 Magdaieno,
897 3437 924 3488 et
946 3433 1086 3506 gloriosa,
1112 3447 1182 3504 qnae
1199 3435 1226 3487 in
1243 3437 1337 3503 partus

295 3537 345 3590 mci
363 3539 496 3605 pressuris
515 3533 667 3591 obstetricis
684 3535 826 3605 implevisti
845 3530 959 3589 elicium
983 3537 1011 3588 et
1030 3535 1056 3588 in
1080 3533 1202 3589 omnibus
1218 3529 1336 3588 nenessi-

294 3634 394 3690 tatibus
406 3634 519 3691 anciliae
536 3637 672 3690 serritiurn
691 3635 813 3706 explesti.
850 3633 907 3698 Quo
925 3632 1016 3688 audito
1027 3631 1187 3706 Peregrinus
1201 3632 1335 3689 sintram
1398 3673 1399 3678 ι

295 3739 347 3792 ait:
371 3737 474 3791 viviane
495 3751 563 3790 uxor
587 3750 647 3792 mea
668 3734 786 3792 dilecto?
820 3734 870 3792 (iul
893 3733 955 3792 itio:
979 3735 1040 3791 uiro
1063 3733 1185 3805 equidem
1215 3739 1242 3790 ei
1267 3748 1336 3787 nuuc

295 3839 379 3908 primo
398 3835 431 3891 de
450 3837 676 3916 peregrinatione,
695 3834 729 3892 de
746 3849 801 3908 qus
817 3841 845 3890 et
862 3835 1014 3900 invenisti,
1033 3836 1120 3901 renio,
1138 3838 1167 3890 et
1183 3835 1253 3890 sicui
1269 3832 1336 3889 bea·

293 3943 336 3993 tus
353 3934 448 3992 Petrus
465 3941 493 3992 te
511 3935 715 4007 Hierosolymam
736 3934 811 3990 duxit
827 3941 854 3990 et
870 3937 958 3989 omnia
974 3933 1042 4000 loca,
1061 3935 1088 3988 in
1105 3932 1199 4006 quibus
1215 3932 1335 3991 libristus

294 4051 390 4110 passus
407 4042 464 4104 est,
482 4043 599 4091 mortuus
617 4041 644 4091 et
660 4035 796 4107 sepultus,
815 4040 842 4091 ei
858 4035 913 4090 elia
931 4033 1008 4105 plura
1023 4031 1083 4088 loen
1101 4033 1231 4100 ostendit,
1251 4035 1290 4088 sie
1308 4039 1336 4090 ei

294 4154 345 4210 ego
363 4151 418 4193 uns
433 4152 490 4193 cum
506 4135 588 4192 beata
603 4135 693 4192 Maria
710 4135 873 4208 Mogdaiena
896 4135 963 4190 duce
989 4139 1016 4190 et
1032 4134 1127 4188 comite
1144 4137 1277 4190 uobiscum
1296 4134 1334 4189 lui

294 4246 321 4292 ct
336 4243 479 4310 conspecta
500 4239 641 4292 memoriae
655 4234 852 4292 *conmeodari
887 4233 923 4292 Et
947 4235 1075 4306 incipieus
1100 4233 1161 4290 loeo
1177 4236 1282 4301 onnia,
1306 4238 1334 4289 in

294 4337 389 4408 quibos
407 4335 528 4392 cbristus
546 4351 648 4407 passus⁴
659 4342 717 4403 est,
736 4342 764 4392 ct
781 4335 922 4402 miracula,
941 4349 1009 4405 quae
1026 4332 1146 4403 uiderat,
1170 4331 1238 4390 adeo
1256 4332 1334 4406 plens

293 4437 436 4509 explicuit,
454 4441 483 4492 ut
500 4451 548 4493 nec
565 4436 591 4492 iu
610 4436 701 4508 aliquo
719 4434 847 4492 deviaret.
882 4433 955 4491 Tunc
970 4434 1130 4508 Peregrinus
1147 4439 1257 4506 recepta
1270 4447 1336 4491 oon·
