2798 5302
318 450 388 530 Cep.
410 448 488 508 viti.
531 451 575 508 De
597 459 694 508 sancto
716 450 874 530 Stephano.
1065 453 1105 515 55

72 625 145 666 more
170 608 339 665 membrorum
363 611 475 664 omniurn
498 607 660 665 horribiliter
683 613 900 681 mutronensi,
944 621 1104 686 quopropter

71 713 177 767 ninnium
195 708 314 765 dolentes
332 717 461 765 eteorum
478 710 571 763 cirion
588 708 678 764 oeulos
696 724 746 763 non
766 709 880 764 iouentes
895 725 943 780 per
959 719 1040 768 toturn
1059 730 1102 768 or-

72 810 131 866 ben
149 813 244 884 regeri
263 816 404 880 coeperunt
422 807 731 881 commemoremini,
751 809 860 862 omniurn
880 809 905 864 in
922 825 951 866 re
965 822 1101 871 converte-

70 909 136 967 bani
155 915 296 982 umectum.
331 907 377 986 nx!
390 907 431 962 bis
450 913 536 962 eutem
555 907 617 974 duo,
637 908 719 964 irater
737 914 764 962 et
780 923 865 973 soror,
884 908 979 966 Penius
998 920 1024 967 et
1041 913 1101 986 i’ei·

70 1009 144 1066 indm
162 1010 311 1081 Hypponeuu
333 1015 457 1063 venerunt
474 1015 501 1063 et
518 1009 571 1077 ipsi
587 1007 734 1080 Augustino
752 1005 847 1062 ibidem
864 1011 1004 1082 episeopo,
1033 1030 1101 1086 quse

70 1109 122 1164 sibi
140 1111 315 1181 contigerant,
331 1112 513 1164 uerrererunt.
539 1107 601 1162 Gunr
621 1123 686 1181 ergo
699 1108 755 1179 jen
774 1105 917 1178 quindecim
935 1109 1027 1167 diebus
1042 1114 1102 1170 eni'e

70 1207 175 1264 Pesebe
197 1208 333 1263 eeclesiam
358 1206 429 1262 beati
455 1205 582 1278 Stepbuni
606 1205 801 1277 bequentuntes
824 1213 961 1264 sanitatem
984 1212 1018 1266 nb
1040 1216 1099 1284 ipse

71 1308 159 1365 multis
174 1306 298 1378 precibus
315 1308 504 1378 postulassent,
523 1309 549 1359 in
566 1307 626 1378 ipso
643 1305 686 1361 die
703 1304 820 1362 Pssobse
836 1323 891 1362 oum
911 1309 1033 1384 frequens
1052 1331 1100 1385 po.

70 1407 148 1478 pulos
168 1422 294 1478 praesens
313 1413 399 1472 esset,
429 1423 493 1461 uuus
511 1422 543 1461 eu
559 1409 593 1461 iis
610 1405 708 1462 Paulus
726 1415 833 1477 repente
850 1412 991 1466 euneoiinn
1007 1417 1099 1470 introi-

70 1511 110 1562 vit
133 1515 160 1564 et
182 1513 242 1561 unte
267 1508 351 1564 uitare
378 1522 433 1560 cnm
461 1504 542 1561 nnita
565 1505 616 1562 tide
643 1512 670 1561 et
693 1509 841 1561 reverentie
864 1522 893 1562 se
911 1515 1054 1579 prostravit
1073 1518 1098 1570 in

70 1609 203 1673 untione,
221 1614 248 1662 et
262 1622 318 1662 cum
336 1606 472 1662 edstentes
491 1610 530 1661 rei
549 1608 643 1662 exitum
663 1612 861 1676 ensneetursnt,
880 1606 967 1666 subito
985 1619 1099 1670 ennesii

69 1723 170 1775 sonos,
204 1713 349 1762 etrenrere
368 1709 487 1777 eorporis
505 1706 628 1778 deinceps
648 1707 758 1762 eiienns.
809 1706 871 1762 Cnnr
890 1715 974 1764 sutem
993 1711 1026 1766 sd
1045 1697 1097 1769 riu-

69 1811 204 1880 gnstinnm
227 1806 320 1862 inisset
342 1807 486 1874 adductus,
522 1809 579 1878 ipse
604 1823 661 1862 euni
686 1805 721 1860 od
744 1806 868 1877 populoru
885 1810 995 1879 protulit
1013 1819 1039 1868 et
1056 1831 1099 1868 se·

69 1909 162 1979 quenti
178 1905 221 1961 die
239 1905 353 1961 iibeiiun
371 1906 404 1961 de
423 1911 573 1962 narratione
589 1908 647 1978 ejus
665 1909 698 1960 iis
716 1905 873 1960 recitandum
891 1913 1016 1978 premisit.
1036 1913 1097 1967 Cum

68 2013 157 2062 auten
180 2009 219 2062 sie
239 2007 275 2062 ed
298 2005 420 2080 nennium
443 2006 594 2079 loqueretur
617 2013 644 2062 et
666 2021 743 2061 soror
764 2005 835 2060 illins
860 2004 955 2062 ibidem
980 2011 1098 2068 omnibus

69 2107 194 2163 membris
220 2114 332 2166 tremens
355 2109 509 2173 assisteret,
547 2123 658 2180 surgens
682 2107 729 2162 iiio
748 2122 763 2162 e
781 2106 866 2161 nodio
884 2104 954 2162 besti
971 2109 1098 2182 Stephani

68 2207 204 2264 nonullos
224 2210 332 2264 introvit
354 2215 379 2265 et
403 2211 491 2263 stetin
513 2208 585 2271 ¹reiut
606 2207 772 2262 obdormiens
792 2206 878 2260 subito
895 2222 961 2262 sens
977 2214 1099 2266 surrexit.

67 2308 132 2380 lpse
155 2309 276 2363 similiter
299 2310 326 2362 in
350 2309 459 2364 modium
484 2307 635 2378 producitur
657 2313 684 2360 et
703 2306 736 2362 de
754 2307 889 2379 utriusque
913 2311 1027 2365 serriute
1043 2310 1098 2366 Deo

67 2416 97 2464 et
113 2407 194 2465 been
212 2405 345 2478 Stephano
364 2410 504 2464 immensae
522 2409 626 2480 gratioe
650 2404 806 2462 reseruntur.
858 2406 967 2463 Orosius
989 2424 1100 2482 nanque

67 2524 86 2563 s
104 2509 259 2580 Hieronymo
279 2508 313 2562 sd
331 2509 503 2580 Augustinum
521 2507 625 2563 rediens
649 2505 774 2578 quasdem
792 2507 919 2580 reliquiis
935 2513 1017 2564 semoti
1039 2511 1097 2565 Ste-

66 2608 151 2680 phuni
168 2608 276 2676 detulit,
314 2609 347 2663 ud
365 2623 431 2680 quos
455 2606 590 2679 praedicte
613 2613 639 2662 et
658 2607 734 2678 piune
750 2606 876 2662 normula
892 2607 963 2662 ineis
979 2617 1047 2663 sunt.
1064 2639 1098 2652 -

68 2741 102 2750 -
121 2713 202 2772 -1,
222 2707 366 2763 Notandum
386 2713 488 2772 numm,
507 2706 577 2778 qnod
596 2705 689 2762 beatus
706 2703 855 2777 Stephanus
874 2706 923 2763 boo
940 2708 982 2763 die
1002 2724 1096 2779 possus

67 2825 121 2864 non
141 2815 197 2876 est,
214 2807 261 2864 sed
280 2823 314 2864 ou
330 2809 387 2875 die,
404 2813 433 2860 ut
449 2805 558 2872 dieitur,
576 2821 629 2877 qus
646 2808 704 2877 ejus
723 2808 837 2860 inventio
854 2806 1010 2864 celebretur.
1046 2809 1097 2864 Gu-

63 2911 112 2980 jus
130 2915 215 2966 eutem
236 2911 350 2964 inventio
367 2906 418 2963 huo
433 2906 475 2962 dio
493 2906 587 2961 dieitur
604 2907 754 2973 exstitisse,
791 2903 839 2960 sed
856 2921 938 2977 qnare
956 2907 1025 2962 iente
1040 2924 1096 2962 mu·
1161 2949 1163 2954 ,

68 3015 127 3064 teto
145 3016 219 3076 sunt,
243 3008 357 3075 beetur,
377 3023 433 3062 enm
452 3006 485 3063 de
503 3007 652 3060 inventione
670 3011 772 3077 agetur.
808 3005 849 3061 Ad
867 3022 993 3076 praesens
1012 3015 1097 3063 eutem

68 3109 120 3162 boe
137 3107 236 3164 dixisse
255 3108 376 3174 estimet,
395 3107 464 3179 qnod
479 3105 576 3176 duplici
594 3103 627 3159 de
645 3119 726 3160 ceusu
743 3105 856 3160 eoeleste
874 3103 938 3162 bees
955 3108 1093 3174 trinieste,

67 3223 139 3280 quse
156 3216 299 3280 sequnntur
318 3209 477 3264 nobritstem
495 3204 602 3272 domini,
621 3207 660 3260 sie
678 3205 761 3261 reiuit
777 3205 908 3262 ordinere.
941 3205 1028 3262 Primo
1046 3215 1096 3274 est,

68 3315 98 3363 ut
114 3306 219 3363 Cbristo
237 3323 335 3378 sponso
352 3312 379 3362 et
393 3307 474 3375 ospiti
492 3320 580 3360 omnes
605 3307 646 3360 sui
663 3307 770 3360 renites
790 3305 974 3378 adjunguntur.
992 3355 1004 3378 ,
1015 3307 1097 3363 Natus

67 3413 137 3464 enim
164 3405 299 3475 Christos,
333 3422 444 3478 sponsus
468 3421 582 3477 sponsos
599 3404 745 3473 ecelesiae,
775 3409 801 3460 in
819 3404 886 3460 bunc
906 3404 1024 3462 nundum
1041 3413 1096 3462 tres

67 3507 120 3562 sibi
141 3509 249 3563 renites
263 3505 394 3578 injunxit,
427 3505 460 3561 de
478 3505 572 3579 quibus
588 3505 726 3561 comitibus
745 3505 840 3559 dieitur
858 3507 884 3558 in
902 3503 1030 3560 canticis:
1053 3505 1092 3559 di-

68 3609 153 3663 ieetus
170 3621 242 3661 mens
260 3603 393 3673 condidus,
412 3613 439 3662 ot
458 3604 625 3673 rubicundus,
643 3604 742 3660 eiectus
762 3621 794 3660 eu
812 3603 933 3660 niiiibus.
953 3605 1094 3670 Candidus.

69 3724 122 3779 quo
140 3706 174 3762 ed
192 3705 334 3763 iobnnnen
350 3703 539 3776 evangelistam
556 3707 699 3775 pretiosum
716 3703 910 3771 consessorem,
939 3703 1095 3758 rubicundus

69 3814 193 3881 quonium
212 3805 245 3859 od
262 3802 416 3874 Stephanum
435 3807 661 3876 protomartirem,
686 3803 785 3860 eleetos
803 3818 836 3857 eu
853 3801 982 3869 millibus,
1014 3819 1096 3874 quen-

68 3916 122 3962 tsm
141 3905 176 3960 ed
192 3905 295 3960 turben
312 3905 480 3960 innocentium
500 3903 662 3976 virginalem.
704 3902 825 3959 Secunde
843 3903 911 3956 retis
929 3909 984 3970 est,
1013 3909 1042 3956 ut
1057 3905 1097 3960 sie

69 4007 184 4062 ecclesie
212 4008 321 4060 ennium
347 4005 478 4059 montinum
505 4019 605 4077 genero
630 4001 769 4058 secundun
794 4000 893 4075 gradus
914 4001 1050 4074 dignitatis
1068 4005 1095 4056 in

69 4105 145 4162 sinui
169 4105 310 4168 ednneret,
349 4118 458 4175 quorun
483 4103 585 4176 quidem
611 4105 720 4158 martirii
744 4101 843 4158 Christi
866 4103 989 4156 nativitas
1014 4115 1093 4157 coust

71 4207 127 4260 init.
163 4202 211 4260 Est
227 4205 293 4276 enirn
310 4203 402 4272 triplex
420 4205 577 4269 martirium,
596 4219 671 4258 unuin
689 4200 822 4257 roinntnte
840 4207 867 4256 ot
885 4217 980 4273 opere,
1001 4217 1093 4258 sessu-

69 4306 128 4361 dun
147 4303 279 4357 veinntete
297 4310 322 4356 et
335 4318 386 4356 non
404 4319 493 4372 opere,
514 4305 617 4358 toriinn
635 4318 714 4372 opere
733 4301 781 4358 sed
800 4317 851 4356 non
872 4301 1012 4358 retenuit.
1037 4302 1089 4358 Pri-
