<?xml version="1.0" encoding="UTF-8"?>
<!DOCTYPE html PUBLIC "-//W3C//DTD XHTML 1.0 Transitional//EN"
    "http://www.w3.org/TR/xhtml1/DTD/xhtml1-transitional.dtd">
<html xmlns="http://www.w3.org/1999/xhtml" xml:lang="en" lang="en">
 <head>
  <title>
</title>
<meta http-equiv="Content-Type" content="text/html;charset=utf-8" />
  <meta name='ocr-system' content='tesseract 3.04.00' />
  <meta name='ocr-capabilities' content='ocr_page ocr_carea ocr_par ocr_line ocrx_word'/>
</head>
<body>
  <div class='ocr_page' id='page_1' title='image "./jacobiavoragine00jacogoog_0497.png"; bbox 0 0 2984 5302; ppageno 0'>
   <div class='ocr_carea' id='block_1_1' title="bbox 300 461 1117 544">
    <p class='ocr_par' dir='ltr' id='par_1_1' title="bbox 300 461 1117 544">
     <span class='ocr_line' id='line_1_1' title="bbox 300 461 1117 544; baseline -0.004 -17"><span class='ocrx_word' id='word_1_1' title='bbox 300 465 364 528; x_wconf 71' lang='grc'>476</span> <span class='ocrx_word' id='word_1_2' title='bbox 522 461 595 544; x_wconf 74' lang='lat' dir='ltr'>Cap·</span> <span class='ocrx_word' id='word_1_3' title='bbox 618 461 725 522; x_wconf 81' lang='lat' dir='ltr'>cxiii.</span> <span class='ocrx_word' id='word_1_4' title='bbox 770 463 814 521; x_wconf 80' lang='lat' dir='ltr'>De</span> <span class='ocrx_word' id='word_1_5' title='bbox 832 475 933 522; x_wconf 73' lang='lat' dir='ltr'>sancto</span> <span class='ocrx_word' id='word_1_6' title='bbox 956 465 1117 526; x_wconf 80' lang='lat' dir='ltr'>Dominieo.</span> 
     </span>
    </p>
   </div>
   <div class='ocr_carea' id='block_1_2' title="bbox 221 621 1342 4272">
    <p class='ocr_par' dir='ltr' id='par_1_2' title="bbox 221 621 1342 4272">
     <span class='ocr_line' id='line_1_2' title="bbox 300 621 1341 698; baseline 0.002 -17"><span class='ocrx_word' id='word_1_7' title='bbox 300 625 427 682; x_wconf 81' lang='lat' dir='ltr'>tretribor</span> <span class='ocrx_word' id='word_1_8' title='bbox 445 624 563 680; x_wconf 66' lang='lat' dir='ltr'>oritura</span> <span class='ocrx_word' id='word_1_9' title='bbox 582 622 672 679; x_wconf 79' lang='lat' dir='ltr'>audito</span> <span class='ocrx_word' id='word_1_10' title='bbox 690 623 761 680; x_wconf 83' lang='lat' dir='ltr'>daero</span> <span class='ocrx_word' id='word_1_11' title='bbox 779 638 860 696; x_wconf 86' lang='lat' dir='ltr'>eaper</span> <span class='ocrx_word' id='word_1_12' title='bbox 877 640 937 684; x_wconf 86' lang='lat' dir='ltr'>eura</span> <span class='ocrx_word' id='word_1_13' title='bbox 953 625 1049 696; x_wconf 80' lang='lat' dir='ltr'>optrito</span> <span class='ocrx_word' id='word_1_14' title='bbox 1066 623 1165 680; x_wconf 76' lang='lat' dir='ltr'>domini</span> <span class='ocrx_word' id='word_1_15' title='bbox 1184 621 1217 683; x_wconf 87' lang='lat' dir='ltr'>ad</span> <span class='ocrx_word' id='word_1_16' title='bbox 1235 628 1341 698; x_wconf 83' lang='lat' dir='ltr'>eapitu-</span> 
     </span>
     <span class='ocr_line' id='line_1_3' title="bbox 300 717 1341 797; baseline 0.002 -18"><span class='ocrx_word' id='word_1_17' title='bbox 300 725 351 780; x_wconf 88' lang='lat' dir='ltr'>iour</span> <span class='ocrx_word' id='word_1_18' title='bbox 370 723 499 782; x_wconf 74' lang='lat' dir='ltr'>iretribur</span> <span class='ocrx_word' id='word_1_19' title='bbox 515 725 668 781; x_wconf 86' lang='lat' dir='ltr'>oourooetie</span> <span class='ocrx_word' id='word_1_20' title='bbox 685 724 773 797; x_wconf 79' lang='lat' dir='ltr'>palere</span> <span class='ocrx_word' id='word_1_21' title='bbox 795 725 915 780; x_wconf 75' lang='lat' dir='ltr'>erunibus</span> <span class='ocrx_word' id='word_1_22' title='bbox 939 725 1083 791; x_wconf 82' lang='lat' dir='ltr'>nuntiarit,</span> <span class='ocrx_word' id='word_1_23' title='bbox 1107 717 1222 795; x_wconf 80' lang='lat' dir='ltr'>quetuor</span> <span class='ocrx_word' id='word_1_24' title='bbox 1242 724 1341 781; x_wconf 82' lang='lat' dir='ltr'>trrtrer</span> 
     </span>
     <span class='ocr_line' id='line_1_4' title="bbox 300 821 1342 897; baseline -0.002 -15"><span class='ocrx_word' id='word_1_25' title='bbox 300 841 333 883; x_wconf 86' lang='lat' dir='ltr'>eu</span> <span class='ocrx_word' id='word_1_26' title='bbox 352 827 419 897; x_wconf 84' lang='lat' dir='ltr'>ipeiu</span> <span class='ocrx_word' id='word_1_27' title='bbox 438 827 464 880; x_wconf 87' lang='lat' dir='ltr'>iu</span> <span class='ocrx_word' id='word_1_28' title='bbox 482 823 574 892; x_wconf 79' lang='lat' dir='ltr'>breui,</span> <span class='ocrx_word' id='word_1_29' title='bbox 596 822 664 878; x_wconf 84' lang='lat' dir='ltr'>duoa</span> <span class='ocrx_word' id='word_1_30' title='bbox 690 822 816 880; x_wconf 88' lang='lat' dir='ltr'>rideiioet</span> <span class='ocrx_word' id='word_1_31' title='bbox 837 827 865 878; x_wconf 89' lang='lat' dir='ltr'>ia</span> <span class='ocrx_word' id='word_1_32' title='bbox 880 838 1010 895; x_wconf 74' lang='lat' dir='ltr'>corpore,</span> <span class='ocrx_word' id='word_1_33' title='bbox 1036 821 1102 878; x_wconf 81' lang='lat' dir='ltr'>drot</span> <span class='ocrx_word' id='word_1_34' title='bbox 1127 839 1190 879; x_wconf 86' lang='lat' dir='ltr'>reru</span> <span class='ocrx_word' id='word_1_35' title='bbox 1208 825 1236 878; x_wconf 84' lang='lat' dir='ltr'>io</span> <span class='ocrx_word' id='word_1_36' title='bbox 1253 825 1342 880; x_wconf 81' lang='lat' dir='ltr'>eoiura</span> 
     </span>
     <span class='ocr_line' id='line_1_5' title="bbox 221 922 1340 1001; baseline -0.003 -20"><span class='ocrx_word' id='word_1_37' title='bbox 221 941 224 948; x_wconf 60' lang='lat'><strong>¹</strong></span> <span class='ocrx_word' id='word_1_38' title='bbox 300 928 451 982; x_wconf 71' lang='lat' dir='ltr'>morituros.</span> <span class='ocrx_word' id='word_1_39' title='bbox 486 925 552 981; x_wconf 81' lang='lat' dir='ltr'>Post</span> <span class='ocrx_word' id='word_1_40' title='bbox 573 923 701 979; x_wconf 75' lang='lat' dir='ltr'>modicum</span> <span class='ocrx_word' id='word_1_41' title='bbox 724 922 777 978; x_wconf 83' lang='lat' dir='ltr'>duo</span> <span class='ocrx_word' id='word_1_42' title='bbox 801 923 899 979; x_wconf 75' lang='lat' dir='ltr'>fratrer</span> <span class='ocrx_word' id='word_1_43' title='bbox 924 923 957 980; x_wconf 84' lang='lat' dir='ltr'>ed</span> <span class='ocrx_word' id='word_1_44' title='bbox 979 922 1118 1001; x_wconf 9' lang='lat' dir='ltr'>*domiuum</span> <span class='ocrx_word' id='word_1_45' title='bbox 1150 924 1340 994; x_wconf 79' lang='lat' dir='ltr'>migraverunt,</span> 
     </span>
     <span class='ocr_line' id='line_1_6' title="bbox 299 1020 1340 1082; baseline -0.004 -1"><span class='ocrx_word' id='word_1_46' title='bbox 299 1025 351 1081; x_wconf 87' lang='lat' dir='ltr'>duo</span> <span class='ocrx_word' id='word_1_47' title='bbox 376 1040 440 1082; x_wconf 85' lang='lat' dir='ltr'>uero</span> <span class='ocrx_word' id='word_1_48' title='bbox 464 1023 497 1079; x_wconf 92' lang='lat' dir='ltr'>de</span> <span class='ocrx_word' id='word_1_49' title='bbox 521 1024 614 1080; x_wconf 85' lang='lat' dir='ltr'>ordine</span> <span class='ocrx_word' id='word_1_50' title='bbox 638 1030 818 1079; x_wconf 86' lang='lat' dir='ltr'>reoeroeruut.</span> <span class='ocrx_word' id='word_1_51' title='bbox 852 1021 989 1078; x_wconf 80' lang='lat' dir='ltr'>Exiet&#39;eotr</span> <span class='ocrx_word' id='word_1_52' title='bbox 1013 1037 1046 1076; x_wconf 91' lang='lat' dir='ltr'>oo</span> <span class='ocrx_word' id='word_1_53' title='bbox 1071 1020 1208 1077; x_wconf 84' lang='lat' dir='ltr'>Bononiae</span> <span class='ocrx_word' id='word_1_54' title='bbox 1227 1028 1286 1078; x_wconf 76' lang='lat' dir='ltr'>oret</span> <span class='ocrx_word' id='word_1_55' title='bbox 1302 1021 1340 1077; x_wconf 84' lang='lat' dir='ltr'>ibi</span> 
     </span>
     <span class='ocr_line' id='line_1_7' title="bbox 300 1121 1341 1200; baseline -0.003 -20"><span class='ocrx_word' id='word_1_56' title='bbox 300 1125 406 1200; x_wconf 74' lang='lat' dir='ltr'>quiden</span> <span class='ocrx_word' id='word_1_57' title='bbox 423 1125 553 1196; x_wconf 72' lang='lat' dir='ltr'>magister</span> <span class='ocrx_word' id='word_1_58' title='bbox 570 1122 708 1179; x_wconf 83' lang='lat' dir='ltr'>Gouradur</span> <span class='ocrx_word' id='word_1_59' title='bbox 727 1122 905 1190; x_wconf 66' lang='lat' dir='ltr'>Teutooiouu,v</span> <span class='ocrx_word' id='word_1_60' title='bbox 917 1123 994 1193; x_wconf 80' lang='lat' dir='ltr'>eujus</span> <span class='ocrx_word' id='word_1_61' title='bbox 1013 1123 1162 1194; x_wconf 73' lang='lat' dir='ltr'>ingrerearu</span> <span class='ocrx_word' id='word_1_62' title='bbox 1174 1121 1208 1176; x_wconf 86' lang='lat' dir='ltr'>ad</span> <span class='ocrx_word' id='word_1_63' title='bbox 1220 1121 1341 1178; x_wconf 74' lang='lat' dir='ltr'>ordine·</span> 
     </span>
     <span class='ocr_line' id='line_1_8' title="bbox 299 1207 1339 1280; baseline -0.002 -2"><span class='ocrx_word' id='word_1_64' title='bbox 299 1223 398 1280; x_wconf 78' lang='lat' dir='ltr'>fratrer</span> <span class='ocrx_word' id='word_1_65' title='bbox 422 1220 770 1279; x_wconf 74' lang='lat' dir='ltr'>mirabiliter&#39;edettabo&#39;rrt.</span> <span class='ocrx_word' id='word_1_66' title='bbox 807 1207 870 1278; x_wconf 82' lang='lat' dir='ltr'>Guuu</span> <span class='ocrx_word' id='word_1_67' title='bbox 894 1227 983 1277; x_wconf 84' lang='lat' dir='ltr'>auteur</span> <span class='ocrx_word' id='word_1_68' title='bbox 1000 1221 1094 1277; x_wconf 83' lang='lat' dir='ltr'>beetur</span> <span class='ocrx_word' id='word_1_69' title='bbox 1111 1219 1263 1277; x_wconf 74' lang='lat' dir='ltr'>Dominiods</span> <span class='ocrx_word' id='word_1_70' title='bbox 1282 1237 1339 1278; x_wconf 84' lang='lat' dir='ltr'>ouer</span> 
     </span>
     <span class='ocr_line' id='line_1_9' title="bbox 299 1319 1341 1396; baseline -0.003 -16"><span class='ocrx_word' id='word_1_71' title='bbox 299 1326 390 1396; x_wconf 89' lang='lat' dir='ltr'>priore</span> <span class='ocrx_word' id='word_1_72' title='bbox 412 1324 567 1378; x_wconf 77' lang='lat' dir='ltr'>monosterii</span> <span class='ocrx_word' id='word_1_73' title='bbox 588 1325 616 1391; x_wconf 87' lang='lat'>¹)</span> <span class='ocrx_word' id='word_1_74' title='bbox 626 1319 696 1377; x_wconf 81' lang='lat' dir='ltr'>Gara</span> <span class='ocrx_word' id='word_1_75' title='bbox 711 1319 817 1378; x_wconf 74' lang='lat' dir='ltr'>Mariae</span> <span class='ocrx_word' id='word_1_76' title='bbox 841 1320 875 1378; x_wconf 89' lang='lat' dir='ltr'>de</span> <span class='ocrx_word' id='word_1_77' title='bbox 892 1319 993 1378; x_wconf 80' lang='lat' dir='ltr'>ordior</span> <span class='ocrx_word' id='word_1_78' title='bbox 1009 1320 1179 1377; x_wconf 77' lang='lat' dir='ltr'>dieteroierrsi</span> <span class='ocrx_word' id='word_1_79' title='bbox 1201 1323 1228 1376; x_wconf 86' lang='lat' dir='ltr'>iu</span> <span class='ocrx_word' id='word_1_80' title='bbox 1246 1321 1341 1394; x_wconf 76' lang='lat' dir='ltr'>uigilia</span> 
     </span>
     <span class='ocr_line' id='line_1_10' title="bbox 299 1420 1341 1493; baseline -0.004 -14"><span class='ocrx_word' id='word_1_81' title='bbox 299 1425 470 1480; x_wconf 69' lang='lat' dir='ltr'>assumtionis</span> <span class='ocrx_word' id='word_1_82' title='bbox 489 1421 585 1478; x_wconf 71' lang='lat' dir='ltr'>beatu</span> <span class='ocrx_word' id='word_1_83' title='bbox 601 1420 706 1477; x_wconf 70' lang='lat' dir='ltr'>Marino</span> <span class='ocrx_word' id='word_1_84' title='bbox 722 1423 958 1490; x_wconf 67' lang='lat' dir='ltr'>sermocinaretur,</span> <span class='ocrx_word' id='word_1_85' title='bbox 982 1420 1108 1478; x_wconf 75' lang='lat' dir='ltr'>iruiiiari</span> <span class='ocrx_word' id='word_1_86' title='bbox 1126 1420 1238 1493; x_wconf 76' lang='lat' dir='ltr'>poedore</span> <span class='ocrx_word' id='word_1_87' title='bbox 1258 1421 1341 1477; x_wconf 84' lang='lat' dir='ltr'>eorti-</span> 
     </span>
     <span class='ocr_line' id='line_1_11' title="bbox 299 1512 1340 1602; baseline -0.001 -25"><span class='ocrx_word' id='word_1_88' title='bbox 299 1522 389 1578; x_wconf 84' lang='lat' dir='ltr'>deutia</span> <span class='ocrx_word' id='word_1_89' title='bbox 407 1523 566 1596; x_wconf 69' lang='lat' dir='ltr'>euigeoto‘)</span> <span class='ocrx_word' id='word_1_90' title='bbox 584 1523 654 1577; x_wconf 88' lang='lat' dir='ltr'>iuter</span> <span class='ocrx_word' id='word_1_91' title='bbox 672 1520 728 1576; x_wconf 81' lang='lat' dir='ltr'>alio</span> <span class='ocrx_word' id='word_1_92' title='bbox 745 1520 814 1576; x_wconf 77' lang='lat' dir='ltr'>dixit</span> <span class='ocrx_word' id='word_1_93' title='bbox 829 1523 870 1577; x_wconf 88' lang='lat' dir='ltr'>ei:</span> <span class='ocrx_word' id='word_1_94' title='bbox 896 1520 984 1580; x_wconf 85' lang='lat' dir='ltr'>toteor</span> <span class='ocrx_word' id='word_1_95' title='bbox 999 1521 1064 1588; x_wconf 82' lang='lat' dir='ltr'>tibi,</span> <span class='ocrx_word' id='word_1_96' title='bbox 1088 1522 1177 1592; x_wconf 84' lang='lat' dir='ltr'>prior,</span> <span class='ocrx_word' id='word_1_97' title='bbox 1204 1512 1275 1602; x_wconf 80' lang='lat' dir='ltr'>quod</span> <span class='ocrx_word' id='word_1_98' title='bbox 1296 1526 1340 1576; x_wconf 82' lang='lat' dir='ltr'>ta·</span> 
     </span>
     <span class='ocr_line' id='line_1_12' title="bbox 298 1619 1341 1691; baseline 0 -15"><span class='ocrx_word' id='word_1_99' title='bbox 298 1637 358 1678; x_wconf 85' lang='lat' dir='ltr'>reeru</span> <span class='ocrx_word' id='word_1_100' title='bbox 375 1620 465 1676; x_wconf 79' lang='lat' dir='ltr'>adiro</span> <span class='ocrx_word' id='word_1_101' title='bbox 479 1619 543 1674; x_wconf 84' lang='lat' dir='ltr'>uuili</span> <span class='ocrx_word' id='word_1_102' title='bbox 562 1635 675 1691; x_wconf 78' lang='lat' dir='ltr'>oupuuor</span> <span class='ocrx_word' id='word_1_103' title='bbox 700 1622 828 1691; x_wconf 75' lang='lat' dir='ltr'>exposui,</span> <span class='ocrx_word' id='word_1_104' title='bbox 853 1635 901 1676; x_wconf 85' lang='lat' dir='ltr'>roo</span> <span class='ocrx_word' id='word_1_105' title='bbox 921 1628 950 1676; x_wconf 84' lang='lat' dir='ltr'>tr</span> <span class='ocrx_word' id='word_1_106' title='bbox 965 1619 1071 1686; x_wconf 53' lang='lat' dir='ltr'>‘oium</span> <span class='ocrx_word' id='word_1_107' title='bbox 1090 1619 1215 1690; x_wconf 72' lang='lat' dir='ltr'>quamdiu</span> <span class='ocrx_word' id='word_1_108' title='bbox 1238 1621 1341 1682; x_wconf 83' lang='lat' dir='ltr'>riuero.</span> 
     </span>
     <span class='ocr_line' id='line_1_13' title="bbox 298 1717 1341 1792; baseline -0.003 -15"><span class='ocrx_word' id='word_1_109' title='bbox 298 1719 447 1787; x_wconf 68' lang='lat' dir='ltr'>revelabit,</span> <span class='ocrx_word' id='word_1_110' title='bbox 466 1717 537 1792; x_wconf 83' lang='lat' dir='ltr'>quod</span> <span class='ocrx_word' id='word_1_111' title='bbox 557 1733 688 1791; x_wconf 75' lang='lat' dir='ltr'>uunquam</span> <span class='ocrx_word' id='word_1_112' title='bbox 705 1718 774 1785; x_wconf 85' lang='lat' dir='ltr'>adeo</span> <span class='ocrx_word' id='word_1_113' title='bbox 793 1722 819 1776; x_wconf 86' lang='lat' dir='ltr'>iu</span> <span class='ocrx_word' id='word_1_114' title='bbox 838 1719 888 1774; x_wconf 84' lang='lat' dir='ltr'>hoo</span> <span class='ocrx_word' id='word_1_115' title='bbox 905 1722 960 1774; x_wconf 84' lang='lat' dir='ltr'>rita</span> <span class='ocrx_word' id='word_1_116' title='bbox 980 1718 1081 1790; x_wconf 81' lang='lat' dir='ltr'>aliquid</span> <span class='ocrx_word' id='word_1_117' title='bbox 1099 1721 1180 1790; x_wconf 84' lang='lat' dir='ltr'>petii,</span> <span class='ocrx_word' id='word_1_118' title='bbox 1198 1718 1269 1790; x_wconf 84' lang='lat' dir='ltr'>quod</span> <span class='ocrx_word' id='word_1_119' title='bbox 1287 1735 1341 1774; x_wconf 85' lang='lat' dir='ltr'>oou</span> 
     </span>
     <span class='ocr_line' id='line_1_14' title="bbox 298 1804 1340 1893; baseline -0.003 -18"><span class='ocrx_word' id='word_1_120' title='bbox 298 1819 459 1893; x_wconf 74' lang='lat' dir='ltr'>assequerer</span> <span class='ocrx_word' id='word_1_121' title='bbox 472 1820 551 1892; x_wconf 79' lang='lat' dir='ltr'>juxte</span> <span class='ocrx_word' id='word_1_122' title='bbox 567 1817 663 1874; x_wconf 63' lang='lat' dir='ltr'>rotonss</span> <span class='ocrx_word' id='word_1_123' title='bbox 700 1816 749 1873; x_wconf 81' lang='lat' dir='ltr'>Gai</span> <span class='ocrx_word' id='word_1_124' title='bbox 766 1834 844 1891; x_wconf 77' lang='lat' dir='ltr'>quum</span> <span class='ocrx_word' id='word_1_125' title='bbox 862 1818 1013 1891; x_wconf 72' lang='lat' dir='ltr'>praedictus</span> <span class='ocrx_word' id='word_1_126' title='bbox 1032 1821 1107 1889; x_wconf 90' lang='lat' dir='ltr'>prior</span> <span class='ocrx_word' id='word_1_127' title='bbox 1128 1804 1243 1885; x_wconf 75' lang='lat' dir='ltr'>diceret.</span> <span class='ocrx_word' id='word_1_128' title='bbox 1267 1817 1340 1891; x_wconf 74' lang='lat' dir='ltr'>prod</span> 
     </span>
     <span class='ocr_line' id='line_1_15' title="bbox 298 1916 1339 1992; baseline 0.002 -18"><span class='ocrx_word' id='word_1_129' title='bbox 298 1919 411 1978; x_wconf 83' lang='lat' dir='ltr'>ioreiton</span> <span class='ocrx_word' id='word_1_130' title='bbox 429 1925 490 1974; x_wconf 84' lang='lat' dir='ltr'>oute</span> <span class='ocrx_word' id='word_1_131' title='bbox 510 1933 567 1973; x_wconf 88' lang='lat' dir='ltr'>euru</span> <span class='ocrx_word' id='word_1_132' title='bbox 587 1920 664 1973; x_wconf 86' lang='lat' dir='ltr'>ritarr</span> <span class='ocrx_word' id='word_1_133' title='bbox 682 1916 783 1986; x_wconf 83' lang='lat' dir='ltr'>iniret,</span> <span class='ocrx_word' id='word_1_134' title='bbox 807 1917 904 1974; x_wconf 79' lang='lat' dir='ltr'>beatur</span> <span class='ocrx_word' id='word_1_135' title='bbox 926 1918 1079 1974; x_wconf 76' lang='lat' dir='ltr'>Dominioue</span> <span class='ocrx_word' id='word_1_136' title='bbox 1102 1921 1198 1989; x_wconf 75' lang='lat' dir='ltr'>spiritu</span> <span class='ocrx_word' id='word_1_137' title='bbox 1221 1919 1339 1992; x_wconf 74' lang='lat' dir='ltr'>prophe·</span> 
     </span>
     <span class='ocr_line' id='line_1_16' title="bbox 297 2017 1338 2091; baseline 0.002 -19"><span class='ocrx_word' id='word_1_138' title='bbox 297 2020 351 2073; x_wconf 87' lang='lat' dir='ltr'>tioo</span> <span class='ocrx_word' id='word_1_139' title='bbox 370 2017 445 2084; x_wconf 79' lang='lat' dir='ltr'>dixit,</span> <span class='ocrx_word' id='word_1_140' title='bbox 466 2017 535 2090; x_wconf 79' lang='lat' dir='ltr'>qood</span> <span class='ocrx_word' id='word_1_141' title='bbox 547 2020 607 2088; x_wconf 86' lang='lat' dir='ltr'>ipre</span> <span class='ocrx_word' id='word_1_142' title='bbox 624 2017 755 2088; x_wconf 89' lang='lat' dir='ltr'>priordiu</span> <span class='ocrx_word' id='word_1_143' title='bbox 768 2025 830 2090; x_wconf 85' lang='lat' dir='ltr'>port</span> <span class='ocrx_word' id='word_1_144' title='bbox 841 2033 871 2075; x_wconf 86' lang='lat' dir='ltr'>ae</span> <span class='ocrx_word' id='word_1_145' title='bbox 883 2020 992 2076; x_wconf 81' lang='lat' dir='ltr'>uiueret</span> <span class='ocrx_word' id='word_1_146' title='bbox 1029 2017 1158 2091; x_wconf 81' lang='lat' dir='ltr'>⁸)Siorpue</span> <span class='ocrx_word' id='word_1_147' title='bbox 1171 2018 1268 2075; x_wconf 85' lang='lat' dir='ltr'>iootuur</span> <span class='ocrx_word' id='word_1_148' title='bbox 1285 2027 1338 2086; x_wconf 78' lang='lat' dir='ltr'>ert,</span> 
     </span>
     <span class='ocr_line' id='line_1_17' title="bbox 298 2116 1340 2190; baseline 0.003 -18"><span class='ocrx_word' id='word_1_149' title='bbox 298 2122 327 2172; x_wconf 91' lang='lat' dir='ltr'>ut</span> <span class='ocrx_word' id='word_1_150' title='bbox 345 2116 486 2189; x_wconf 71' lang='lat' dir='ltr'>praedixit.</span> <span class='ocrx_word' id='word_1_151' title='bbox 522 2116 599 2172; x_wconf 82' lang='lat' dir='ltr'>Troo</span> <span class='ocrx_word' id='word_1_152' title='bbox 626 2117 672 2172; x_wconf 86' lang='lat' dir='ltr'>iiie</span> <span class='ocrx_word' id='word_1_153' title='bbox 694 2119 768 2188; x_wconf 89' lang='lat' dir='ltr'>prior</span> <span class='ocrx_word' id='word_1_154' title='bbox 791 2117 906 2189; x_wconf 82' lang='lat' dir='ltr'>odJeoii:</span> <span class='ocrx_word' id='word_1_155' title='bbox 928 2123 991 2189; x_wconf 89' lang='lat' dir='ltr'>pete</span> <span class='ocrx_word' id='word_1_156' title='bbox 1013 2132 1095 2190; x_wconf 66' lang='lat' dir='ltr'>ergo,</span> <span class='ocrx_word' id='word_1_157' title='bbox 1118 2125 1213 2190; x_wconf 86' lang='lat' dir='ltr'>peter,</span> <span class='ocrx_word' id='word_1_158' title='bbox 1238 2125 1268 2174; x_wconf 89' lang='lat' dir='ltr'>ut</span> <span class='ocrx_word' id='word_1_159' title='bbox 1293 2118 1340 2176; x_wconf 89' lang='lat' dir='ltr'>det</span> 
     </span>
     <span class='ocr_line' id='line_1_18' title="bbox 297 2215 1339 2289; baseline 0.003 -18"><span class='ocrx_word' id='word_1_160' title='bbox 297 2217 346 2271; x_wconf 83' lang='lat' dir='ltr'>tibi</span> <span class='ocrx_word' id='word_1_161' title='bbox 363 2219 518 2288; x_wconf 73' lang='lat' dir='ltr'>nagistrum</span> <span class='ocrx_word' id='word_1_162' title='bbox 537 2215 684 2271; x_wconf 80' lang='lat' dir='ltr'>eoorrdum</span> <span class='ocrx_word' id='word_1_163' title='bbox 704 2216 739 2270; x_wconf 86' lang='lat' dir='ltr'>ad</span> <span class='ocrx_word' id='word_1_164' title='bbox 758 2216 892 2286; x_wconf 80' lang='lat' dir='ltr'>ordinem,</span> <span class='ocrx_word' id='word_1_165' title='bbox 916 2219 992 2289; x_wconf 79' lang='lat' dir='ltr'>ouJua</span> <span class='ocrx_word' id='word_1_166' title='bbox 1003 2217 1108 2273; x_wconf 77' lang='lat' dir='ltr'>dretm</span> <span class='ocrx_word' id='word_1_167' title='bbox 1126 2219 1262 2273; x_wconf 75' lang='lat' dir='ltr'>introitu</span> <span class='ocrx_word' id='word_1_168' title='bbox 1277 2224 1339 2274; x_wconf 84' lang='lat' dir='ltr'>tau-</span> 
     </span>
     <span class='ocr_line' id='line_1_19' title="bbox 297 2313 1338 2389; baseline 0.002 -19"><span class='ocrx_word' id='word_1_169' title='bbox 297 2323 349 2370; x_wconf 85' lang='lat' dir='ltr'>tuou</span> <span class='ocrx_word' id='word_1_170' title='bbox 367 2315 490 2388; x_wconf 73' lang='lat' dir='ltr'>flugitare</span> <span class='ocrx_word' id='word_1_171' title='bbox 508 2313 637 2370; x_wconf 84' lang='lat' dir='ltr'>ridentur.</span> <span class='ocrx_word' id='word_1_172' title='bbox 672 2315 709 2374; x_wconf 76' lang='lat' dir='ltr'>At</span> <span class='ocrx_word' id='word_1_173' title='bbox 726 2319 800 2387; x_wconf 82' lang='lat' dir='ltr'>ipre:</span> <span class='ocrx_word' id='word_1_174' title='bbox 818 2333 887 2386; x_wconf 85' lang='lat' dir='ltr'>reor,</span> <span class='ocrx_word' id='word_1_175' title='bbox 905 2319 1005 2389; x_wconf 78' lang='lat' dir='ltr'>iuquit,</span> <span class='ocrx_word' id='word_1_176' title='bbox 1031 2316 1101 2372; x_wconf 87' lang='lat' dir='ltr'>bone</span> <span class='ocrx_word' id='word_1_177' title='bbox 1121 2316 1219 2384; x_wconf 77' lang='lat' dir='ltr'>irater.</span> <span class='ocrx_word' id='word_1_178' title='bbox 1241 2316 1338 2372; x_wconf 74' lang='lat' dir='ltr'>diffiei-</span> 
     </span>
     <span class='ocr_line' id='line_1_20' title="bbox 297 2395 1338 2488; baseline 0.004 -20"><span class='ocrx_word' id='word_1_179' title='bbox 297 2414 347 2472; x_wconf 80' lang='lat' dir='ltr'>iero</span> <span class='ocrx_word' id='word_1_180' title='bbox 371 2414 521 2487; x_wconf 71' lang='lat' dir='ltr'>postularit.</span> <span class='ocrx_word' id='word_1_181' title='bbox 556 2411 643 2468; x_wconf 82' lang='lat' dir='ltr'>Finito</span> <span class='ocrx_word' id='word_1_182' title='bbox 668 2415 840 2487; x_wconf 81' lang='lat' dir='ltr'>oompietorio</span> <span class='ocrx_word' id='word_1_183' title='bbox 869 2417 983 2472; x_wconf 86' lang='lat' dir='ltr'>eaeterie</span> <span class='ocrx_word' id='word_1_184' title='bbox 1007 2414 1042 2470; x_wconf 94' lang='lat' dir='ltr'>ad</span> <span class='ocrx_word' id='word_1_185' title='bbox 1065 2395 1252 2488; x_wconf 81' lang='lat' dir='ltr'>quioeoeuduru</span> <span class='ocrx_word' id='word_1_186' title='bbox 1275 2432 1338 2487; x_wconf 90' lang='lat' dir='ltr'>per·</span> 
     </span>
     <span class='ocr_line' id='line_1_21' title="bbox 296 2513 1337 2589; baseline 0.002 -21"><span class='ocrx_word' id='word_1_187' title='bbox 296 2513 420 2589; x_wconf 78' lang='lat' dir='ltr'>gentibue</span> <span class='ocrx_word' id='word_1_188' title='bbox 445 2515 503 2583; x_wconf 88' lang='lat' dir='ltr'>ipre</span> <span class='ocrx_word' id='word_1_189' title='bbox 526 2515 552 2567; x_wconf 86' lang='lat' dir='ltr'>iu</span> <span class='ocrx_word' id='word_1_190' title='bbox 578 2514 693 2569; x_wconf 77' lang='lat' dir='ltr'>rorterio</span> <span class='ocrx_word' id='word_1_191' title='bbox 709 2515 836 2570; x_wconf 78' lang='lat' dir='ltr'>reneuoit</span> <span class='ocrx_word' id='word_1_192' title='bbox 859 2522 886 2570; x_wconf 90' lang='lat' dir='ltr'>et</span> <span class='ocrx_word' id='word_1_193' title='bbox 902 2516 929 2570; x_wconf 85' lang='lat' dir='ltr'>io</span> <span class='ocrx_word' id='word_1_194' title='bbox 947 2517 1067 2570; x_wconf 82' lang='lat' dir='ltr'>oratioue</span> <span class='ocrx_word' id='word_1_195' title='bbox 1086 2530 1158 2569; x_wconf 85' lang='lat' dir='ltr'>ruore</span> <span class='ocrx_word' id='word_1_196' title='bbox 1176 2514 1256 2571; x_wconf 80' lang='lat' dir='ltr'>uolito</span> <span class='ocrx_word' id='word_1_197' title='bbox 1272 2522 1337 2586; x_wconf 53' lang='lat' dir='ltr'>perh</span> 
     </span>
     <span class='ocr_line' id='line_1_22' title="bbox 296 2611 1338 2686; baseline 0.002 -18"><span class='ocrx_word' id='word_1_198' title='bbox 296 2615 420 2668; x_wconf 86' lang='lat' dir='ltr'>uootoutt.</span> <span class='ocrx_word' id='word_1_199' title='bbox 457 2611 678 2667; x_wconf 81' lang='lat' dir='ltr'>Conuenieoiibue</span> <span class='ocrx_word' id='word_1_200' title='bbox 700 2614 784 2684; x_wconf 69' lang='lat' dir='ltr'>igitar</span> <span class='ocrx_word' id='word_1_201' title='bbox 807 2613 935 2669; x_wconf 71' lang='lat' dir='ltr'>iratribus</span> <span class='ocrx_word' id='word_1_202' title='bbox 959 2613 994 2668; x_wconf 88' lang='lat' dir='ltr'>ed</span> <span class='ocrx_word' id='word_1_203' title='bbox 1018 2616 1127 2686; x_wconf 80' lang='lat' dir='ltr'>priorem</span> <span class='ocrx_word' id='word_1_204' title='bbox 1158 2629 1215 2669; x_wconf 85' lang='lat' dir='ltr'>ouer</span> <span class='ocrx_word' id='word_1_205' title='bbox 1244 2614 1338 2670; x_wconf 78' lang='lat' dir='ltr'>centor</span> 
     </span>
     <span class='ocr_line' id='line_1_23' title="bbox 296 2709 1337 2782; baseline 0.002 -16"><span class='ocrx_word' id='word_1_206' title='bbox 296 2713 451 2782; x_wconf 82' lang='lat' dir='ltr'>ieoepiruet,</span> <span class='ocrx_word' id='word_1_207' title='bbox 466 2711 522 2781; x_wconf 73' lang='lat' dir='ltr'>jam</span> <span class='ocrx_word' id='word_1_208' title='bbox 535 2709 603 2764; x_wconf 83' lang='lat' dir='ltr'>iuoio</span> <span class='ocrx_word' id='word_1_209' title='bbox 619 2717 678 2766; x_wconf 87' lang='lat' dir='ltr'>orto</span> <span class='ocrx_word' id='word_1_210' title='bbox 691 2711 781 2768; x_wconf 85' lang='lat' dir='ltr'>ridere</span> <span class='ocrx_word' id='word_1_211' title='bbox 794 2727 856 2768; x_wconf 83' lang='lat' dir='ltr'>eooe</span> <span class='ocrx_word' id='word_1_212' title='bbox 868 2713 934 2768; x_wconf 86' lang='lat' dir='ltr'>lucie</span> <span class='ocrx_word' id='word_1_213' title='bbox 950 2713 1114 2768; x_wconf 82' lang='lat' dir='ltr'>ooroeridue</span> <span class='ocrx_word' id='word_1_214' title='bbox 1126 2728 1219 2769; x_wconf 85' lang='lat' dir='ltr'>ooruru</span> <span class='ocrx_word' id='word_1_215' title='bbox 1234 2712 1337 2768; x_wconf 84' lang='lat' dir='ltr'>iuturue</span> 
     </span>
     <span class='ocr_line' id='line_1_24' title="bbox 294 2808 1337 2883; baseline 0.001 -18"><span class='ocrx_word' id='word_1_216' title='bbox 294 2813 424 2882; x_wconf 67' lang='lat' dir='ltr'>magister</span> <span class='ocrx_word' id='word_1_217' title='bbox 442 2808 580 2864; x_wconf 74' lang='lat' dir='ltr'>Corradus</span> <span class='ocrx_word' id='word_1_218' title='bbox 600 2809 690 2865; x_wconf 81' lang='lat' dir='ltr'>subito</span> <span class='ocrx_word' id='word_1_219' title='bbox 707 2814 818 2867; x_wconf 80' lang='lat' dir='ltr'>ueniere</span> <span class='ocrx_word' id='word_1_220' title='bbox 834 2811 869 2866; x_wconf 91' lang='lat' dir='ltr'>ad</span> <span class='ocrx_word' id='word_1_221' title='bbox 889 2811 970 2883; x_wconf 83' lang='lat' dir='ltr'>pedes</span> <span class='ocrx_word' id='word_1_222' title='bbox 989 2811 1060 2870; x_wconf 82' lang='lat' dir='ltr'>boati</span> <span class='ocrx_word' id='word_1_223' title='bbox 1078 2811 1206 2868; x_wconf 84' lang='lat' dir='ltr'>Douriuioi</span> <span class='ocrx_word' id='word_1_224' title='bbox 1224 2827 1255 2867; x_wconf 87' lang='lat' dir='ltr'>eo</span> <span class='ocrx_word' id='word_1_225' title='bbox 1272 2827 1337 2883; x_wconf 90' lang='lat' dir='ltr'>pro-</span> 
     </span>
     <span class='ocr_line' id='line_1_25' title="bbox 295 2907 1336 2983; baseline 0.002 -19"><span class='ocrx_word' id='word_1_226' title='bbox 295 2917 417 2966; x_wconf 73' lang='lat' dir='ltr'>sternere</span> <span class='ocrx_word' id='word_1_227' title='bbox 442 2907 557 2962; x_wconf 80' lang='lat' dir='ltr'>habituro</span> <span class='ocrx_word' id='word_1_228' title='bbox 584 2908 686 2963; x_wconf 85' lang='lat' dir='ltr'>ordioie</span> <span class='ocrx_word' id='word_1_229' title='bbox 715 2911 846 2966; x_wconf 83' lang='lat' dir='ltr'>ioetorrter</span> <span class='ocrx_word' id='word_1_230' title='bbox 862 2913 940 2981; x_wconf 87' lang='lat' dir='ltr'>petiit</span> <span class='ocrx_word' id='word_1_231' title='bbox 956 2917 984 2966; x_wconf 89' lang='lat' dir='ltr'>ei</span> <span class='ocrx_word' id='word_1_232' title='bbox 1004 2918 1207 2981; x_wconf 79' lang='lat' dir='ltr'>perseueranter</span> <span class='ocrx_word' id='word_1_233' title='bbox 1223 2913 1336 2983; x_wconf 84' lang='lat' dir='ltr'>aceepit.</span> 
     </span>
     <span class='ocr_line' id='line_1_26' title="bbox 295 3006 1335 3082; baseline -0.001 -18"><span class='ocrx_word' id='word_1_234' title='bbox 295 3009 400 3064; x_wconf 82' lang='lat' dir='ltr'>iiioiuit</span> <span class='ocrx_word' id='word_1_235' title='bbox 412 3010 438 3063; x_wconf 89' lang='lat' dir='ltr'>iu</span> <span class='ocrx_word' id='word_1_236' title='bbox 451 3007 626 3064; x_wconf 82' lang='lat' dir='ltr'>ordiueuaido</span> <span class='ocrx_word' id='word_1_237' title='bbox 634 3006 777 3080; x_wconf 78' lang='lat' dir='ltr'>reiigioeua</span> <span class='ocrx_word' id='word_1_238' title='bbox 786 3007 1181 3080; x_wconf 82' lang='lat' dir='ltr'>oriooeorinordioepiuriouor</span> <span class='ocrx_word' id='word_1_239' title='bbox 1188 3011 1335 3082; x_wconf 70' lang='lat' dir='ltr'>gratiosus.</span> 
     </span>
     <span class='ocr_line' id='line_1_27' title="bbox 295 3091 1335 3178; baseline 0 -15"><span class='ocrx_word' id='word_1_240' title='bbox 295 3108 346 3171; x_wconf 75' lang='lat' dir='ltr'>Qui</span> <span class='ocrx_word' id='word_1_241' title='bbox 361 3091 466 3168; x_wconf 74' lang='lat' dir='ltr'>teodoro</span> <span class='ocrx_word' id='word_1_242' title='bbox 486 3104 600 3162; x_wconf 75' lang='lat' dir='ltr'>morione</span> <span class='ocrx_word' id='word_1_243' title='bbox 621 3122 678 3162; x_wconf 83' lang='lat' dir='ltr'>euru</span> <span class='ocrx_word' id='word_1_244' title='bbox 692 3109 748 3178; x_wconf 83' lang='lat' dir='ltr'>p&#39;eru</span> <span class='ocrx_word' id='word_1_245' title='bbox 767 3105 859 3162; x_wconf 81' lang='lat' dir='ltr'>oouioe</span> <span class='ocrx_word' id='word_1_246' title='bbox 875 3108 1019 3164; x_wconf 78' lang='lat' dir='ltr'>etrurierer</span> <span class='ocrx_word' id='word_1_247' title='bbox 1040 3115 1068 3164; x_wconf 89' lang='lat' dir='ltr'>et</span> <span class='ocrx_word' id='word_1_248' title='bbox 1089 3106 1186 3164; x_wconf 78' lang='lat' dir='ltr'>fratrer</span> <span class='ocrx_word' id='word_1_249' title='bbox 1211 3124 1268 3164; x_wconf 81' lang='lat' dir='ltr'>eum</span> <span class='ocrx_word' id='word_1_250' title='bbox 1286 3110 1335 3163; x_wconf 87' lang='lat' dir='ltr'>eri-</span> 
     </span>
     <span class='ocr_line' id='line_1_28' title="bbox 295 3205 1336 3280; baseline 0.002 -20"><span class='ocrx_word' id='word_1_251' title='bbox 295 3221 391 3280; x_wconf 76' lang='lat' dir='ltr'>graeeo</span> <span class='ocrx_word' id='word_1_252' title='bbox 419 3205 570 3272; x_wconf 67' lang='lat' dir='ltr'>oederent,</span> <span class='ocrx_word' id='word_1_253' title='bbox 604 3206 649 3261; x_wconf 83' lang='lat' dir='ltr'>ille</span> <span class='ocrx_word' id='word_1_254' title='bbox 680 3208 782 3278; x_wconf 81' lang='lat' dir='ltr'>opertio</span> <span class='ocrx_word' id='word_1_255' title='bbox 814 3206 899 3263; x_wconf 76' lang='lat' dir='ltr'>oeulis</span> <span class='ocrx_word' id='word_1_256' title='bbox 925 3207 1023 3263; x_wconf 76' lang='lat' dir='ltr'>iratres</span> <span class='ocrx_word' id='word_1_257' title='bbox 1041 3209 1260 3278; x_wconf 63' lang='lat' dir='ltr'>‘oiroumupioieou</span> <span class='ocrx_word' id='word_1_258' title='bbox 1284 3209 1336 3264; x_wconf 84' lang='lat' dir='ltr'>ait:</span> 
     </span>
     <span class='ocr_line' id='line_1_29' title="bbox 294 3303 1336 3377; baseline 0.002 -18"><span class='ocrx_word' id='word_1_259' title='bbox 294 3303 414 3360; x_wconf 68' lang='lat' dir='ltr'>dortour</span> <span class='ocrx_word' id='word_1_260' title='bbox 439 3303 581 3359; x_wconf 81' lang='lat' dir='ltr'>rebieouu.</span> <span class='ocrx_word' id='word_1_261' title='bbox 617 3305 719 3368; x_wconf 76' lang='lat' dir='ltr'>Quibar</span> <span class='ocrx_word' id='word_1_262' title='bbox 743 3305 980 3377; x_wconf 77' lang='lat' dir='ltr'>respondentibut:</span> <span class='ocrx_word' id='word_1_263' title='bbox 1009 3310 1038 3362; x_wconf 92' lang='lat' dir='ltr'>et</span> <span class='ocrx_word' id='word_1_264' title='bbox 1065 3321 1121 3361; x_wconf 82' lang='lat' dir='ltr'>oure</span> <span class='ocrx_word' id='word_1_265' title='bbox 1153 3307 1249 3377; x_wconf 71' lang='lat' dir='ltr'>spiritu</span> <span class='ocrx_word' id='word_1_266' title='bbox 1280 3313 1336 3370; x_wconf 80' lang='lat' dir='ltr'>tuo.</span> 
     </span>
     <span class='ocr_line' id='line_1_30' title="bbox 294 3402 1335 3476; baseline -0.001 -17"><span class='ocrx_word' id='word_1_267' title='bbox 294 3403 429 3476; x_wconf 76' lang='lat' dir='ltr'>adjunxit:</span> <span class='ocrx_word' id='word_1_268' title='bbox 453 3402 567 3460; x_wconf 81' lang='lat' dir='ltr'>fideliore</span> <span class='ocrx_word' id='word_1_269' title='bbox 592 3407 695 3460; x_wconf 80' lang='lat' dir='ltr'>atrimae</span> <span class='ocrx_word' id='word_1_270' title='bbox 716 3421 766 3475; x_wconf 91' lang='lat' dir='ltr'>per</span> <span class='ocrx_word' id='word_1_271' title='bbox 789 3407 938 3460; x_wconf 82' lang='lat' dir='ltr'>ruoororiaar</span> <span class='ocrx_word' id='word_1_272' title='bbox 956 3405 1006 3461; x_wconf 85' lang='lat' dir='ltr'>Dei</span> <span class='ocrx_word' id='word_1_273' title='bbox 1028 3407 1198 3476; x_wconf 79' lang='lat' dir='ltr'>requieaouat</span> <span class='ocrx_word' id='word_1_274' title='bbox 1214 3407 1241 3460; x_wconf 82' lang='lat' dir='ltr'>ir</span> <span class='ocrx_word' id='word_1_275' title='bbox 1259 3420 1335 3474; x_wconf 81' lang='lat' dir='ltr'>poce.</span> 
     </span>
     <span class='ocr_line' id='line_1_31' title="bbox 295 3503 1337 3576; baseline -0.003 -17"><span class='ocrx_word' id='word_1_276' title='bbox 295 3511 322 3559; x_wconf 96' lang='lat' dir='ltr'>et</span> <span class='ocrx_word' id='word_1_277' title='bbox 338 3505 380 3558; x_wconf 85' lang='lat' dir='ltr'>rio</span> <span class='ocrx_word' id='word_1_278' title='bbox 396 3504 516 3573; x_wconf 76' lang='lat' dir='ltr'>protinus</span> <span class='ocrx_word' id='word_1_279' title='bbox 533 3503 579 3560; x_wconf 87' lang='lat' dir='ltr'>iiie</span> <span class='ocrx_word' id='word_1_280' title='bbox 597 3505 623 3557; x_wconf 89' lang='lat' dir='ltr'>iu</span> <span class='ocrx_word' id='word_1_281' title='bbox 641 3519 708 3574; x_wconf 80' lang='lat' dir='ltr'>paee</span> <span class='ocrx_word' id='word_1_282' title='bbox 725 3505 834 3576; x_wconf 84' lang='lat' dir='ltr'>quierit.</span> <span class='ocrx_word' id='word_1_283' title='bbox 869 3503 958 3561; x_wconf 71' lang='lat' dir='ltr'>louet</span> <span class='ocrx_word' id='word_1_284' title='bbox 974 3509 1061 3560; x_wconf 67' lang='lat' dir='ltr'>erun</span> <span class='ocrx_word' id='word_1_285' title='bbox 1082 3518 1162 3560; x_wconf 79' lang='lat' dir='ltr'>terro</span> <span class='ocrx_word' id='word_1_286' title='bbox 1179 3503 1229 3559; x_wconf 80' lang='lat' dir='ltr'>iter</span> <span class='ocrx_word' id='word_1_287' title='bbox 1246 3503 1337 3558; x_wconf 82' lang='lat' dir='ltr'>Douri-</span> 
     </span>
     <span class='ocr_line' id='line_1_32' title="bbox 294 3601 1337 3674; baseline -0.001 -17"><span class='ocrx_word' id='word_1_288' title='bbox 294 3606 353 3658; x_wconf 87' lang='lat' dir='ltr'>oioo</span> <span class='ocrx_word' id='word_1_289' title='bbox 379 3603 453 3656; x_wconf 80' lang='lat' dir='ltr'>irrue</span> <span class='ocrx_word' id='word_1_290' title='bbox 470 3602 549 3658; x_wconf 81' lang='lat' dir='ltr'>vaide</span> <span class='ocrx_word' id='word_1_291' title='bbox 567 3605 661 3657; x_wconf 82' lang='lat' dir='ltr'>moniis</span> <span class='ocrx_word' id='word_1_292' title='bbox 682 3603 846 3674; x_wconf 81' lang='lat' dir='ltr'>aequaliter,</span> <span class='ocrx_word' id='word_1_293' title='bbox 870 3601 1006 3659; x_wconf 75' lang='lat' dir='ltr'>uiri&#39;euru</span> <span class='ocrx_word' id='word_1_294' title='bbox 1030 3601 1066 3657; x_wconf 90' lang='lat' dir='ltr'>ed</span> <span class='ocrx_word' id='word_1_295' title='bbox 1083 3605 1292 3674; x_wconf 68' lang='lat' dir='ltr'>compartionem</span> <span class='ocrx_word' id='word_1_296' title='bbox 1310 3609 1337 3658; x_wconf 91' lang='lat' dir='ltr'>et</span> 
     </span>
     <span class='ocr_line' id='line_1_33' title="bbox 293 3700 1334 3775; baseline -0.002 -17"><span class='ocrx_word' id='word_1_297' title='bbox 293 3701 500 3758; x_wconf 74' lang='lat' dir='ltr'>misericordiam</span> <span class='ocrx_word' id='word_1_298' title='bbox 516 3700 675 3770; x_wconf 77' lang='lat' dir='ltr'>turbaretur,</span> <span class='ocrx_word' id='word_1_299' title='bbox 693 3708 721 3756; x_wconf 95' lang='lat' dir='ltr'>et</span> <span class='ocrx_word' id='word_1_300' title='bbox 736 3704 799 3773; x_wconf 81' lang='lat' dir='ltr'>quia</span> <span class='ocrx_word' id='word_1_301' title='bbox 812 3719 860 3758; x_wconf 91' lang='lat' dir='ltr'>oor</span> <span class='ocrx_word' id='word_1_302' title='bbox 876 3702 997 3775; x_wconf 78' lang='lat' dir='ltr'>gaudent</span> <span class='ocrx_word' id='word_1_303' title='bbox 1011 3701 1256 3766; x_wconf 59' lang='lat' dir='ltr'>exhilarandum,</span> <span class='ocrx_word' id='word_1_304' title='bbox 1275 3701 1334 3772; x_wconf 83' lang='lat' dir='ltr'>plu·</span> 
     </span>
     <span class='ocr_line' id='line_1_34' title="bbox 294 3800 1336 3873; baseline -0.002 -15"><span class='ocrx_word' id='word_1_305' title='bbox 294 3801 380 3858; x_wconf 78' lang='lat' dir='ltr'>oidoor</span> <span class='ocrx_word' id='word_1_306' title='bbox 392 3802 526 3857; x_wconf 82' lang='lat' dir='ltr'>interioria</span> <span class='ocrx_word' id='word_1_307' title='bbox 539 3800 652 3856; x_wconf 84' lang='lat' dir='ltr'>horuiuie</span> <span class='ocrx_word' id='word_1_308' title='bbox 665 3803 880 3873; x_wconf 80' lang='lat' dir='ltr'>oorupoottiooeer</span> <span class='ocrx_word' id='word_1_309' title='bbox 895 3801 1035 3862; x_wconf 72' lang='lat' dir='ltr'>mentione</span> <span class='ocrx_word' id='word_1_310' title='bbox 1047 3800 1081 3858; x_wconf 93' lang='lat' dir='ltr'>de</span> <span class='ocrx_word' id='word_1_311' title='bbox 1093 3801 1159 3858; x_wconf 82' lang='lat' dir='ltr'>ioris</span> <span class='ocrx_word' id='word_1_312' title='bbox 1170 3800 1336 3872; x_wconf 73' lang='lat' dir='ltr'>benignitate</span> 
     </span>
     <span class='ocr_line' id='line_1_35' title="bbox 294 3898 1336 3973; baseline -0.001 -17"><span class='ocrx_word' id='word_1_313' title='bbox 294 3898 435 3973; x_wconf 74' lang='lat' dir='ltr'>prodebat.</span> <span class='ocrx_word' id='word_1_314' title='bbox 471 3898 603 3972; x_wconf 83' lang='lat' dir='ltr'>Tereporo</span> <span class='ocrx_word' id='word_1_315' title='bbox 627 3899 722 3955; x_wconf 84' lang='lat' dir='ltr'>diurno</span> <span class='ocrx_word' id='word_1_316' title='bbox 747 3916 804 3956; x_wconf 85' lang='lat' dir='ltr'>eurr</span> <span class='ocrx_word' id='word_1_317' title='bbox 821 3899 950 3956; x_wconf 74' lang='lat' dir='ltr'>iratribus</span> <span class='ocrx_word' id='word_1_318' title='bbox 966 3903 1023 3956; x_wconf 88' lang='lat' dir='ltr'>tuie</span> <span class='ocrx_word' id='word_1_319' title='bbox 1041 3899 1157 3957; x_wconf 84' lang='lat' dir='ltr'>rooiiere</span> <span class='ocrx_word' id='word_1_320' title='bbox 1175 3899 1251 3956; x_wconf 79' lang='lat' dir='ltr'>eadro</span> <span class='ocrx_word' id='word_1_321' title='bbox 1276 3901 1336 3973; x_wconf 75' lang='lat' dir='ltr'>qui·</span> 
     </span>
     <span class='ocr_line' id='line_1_36' title="bbox 293 3998 1335 4070; baseline -0.001 -16"><span class='ocrx_word' id='word_1_322' title='bbox 293 3999 353 4056; x_wconf 86' lang='lat' dir='ltr'>dero</span> <span class='ocrx_word' id='word_1_323' title='bbox 380 3999 527 4056; x_wconf 80' lang='lat' dir='ltr'>honestade</span> <span class='ocrx_word' id='word_1_324' title='bbox 551 4007 644 4055; x_wconf 84' lang='lat' dir='ltr'>tenore</span> <span class='ocrx_word' id='word_1_325' title='bbox 669 4017 745 4056; x_wconf 84' lang='lat' dir='ltr'>neruo</span> <span class='ocrx_word' id='word_1_326' title='bbox 769 4001 946 4065; x_wconf 81' lang='lat' dir='ltr'>oomeruuior,</span> <span class='ocrx_word' id='word_1_327' title='bbox 960 4001 1108 4058; x_wconf 74' lang='lat' dir='ltr'>,eooturoir</span> <span class='ocrx_word' id='word_1_328' title='bbox 1134 3998 1210 4056; x_wconf 88' lang='lat' dir='ltr'>luorir</span> <span class='ocrx_word' id='word_1_329' title='bbox 1234 3999 1335 4070; x_wconf 78' lang='lat' dir='ltr'>rigiiiia</span> 
     </span>
     <span class='ocr_line' id='line_1_37' title="bbox 293 4096 1335 4170; baseline -0.002 -15"><span class='ocrx_word' id='word_1_330' title='bbox 293 4109 321 4156; x_wconf 86' lang='lat' dir='ltr'>et</span> <span class='ocrx_word' id='word_1_331' title='bbox 339 4099 503 4154; x_wconf 78' lang='lat' dir='ltr'>orationibus</span> <span class='ocrx_word' id='word_1_332' title='bbox 522 4114 597 4153; x_wconf 84' lang='lat' dir='ltr'>uoruo</span> <span class='ocrx_word' id='word_1_333' title='bbox 616 4100 767 4168; x_wconf 71' lang='lat' dir='ltr'>ioeuodor,</span> <span class='ocrx_word' id='word_1_334' title='bbox 785 4099 854 4154; x_wconf 90' lang='lat' dir='ltr'>dioru</span> <span class='ocrx_word' id='word_1_335' title='bbox 865 4096 1067 4170; x_wconf 81' lang='lat' dir='ltr'>impartiebatur</span> <span class='ocrx_word' id='word_1_336' title='bbox 1078 4097 1217 4169; x_wconf 74' lang='lat' dir='ltr'>proripio,</span> <span class='ocrx_word' id='word_1_337' title='bbox 1233 4104 1335 4154; x_wconf 74' lang='lat' dir='ltr'>noete·</span> 
     </span>
     <span class='ocr_line' id='line_1_38' title="bbox 294 4191 1334 4272; baseline -0.003 -17"><span class='ocrx_word' id='word_1_338' title='bbox 294 4199 360 4256; x_wconf 81' lang='lat' dir='ltr'>Doo.</span> <span class='ocrx_word' id='word_1_339' title='bbox 395 4199 434 4254; x_wconf 81' lang='lat' dir='ltr'>iio</span> <span class='ocrx_word' id='word_1_340' title='bbox 457 4196 542 4258; x_wconf 82' lang='lat' dir='ltr'>oeulir</span> <span class='ocrx_word' id='word_1_341' title='bbox 567 4198 623 4252; x_wconf 82' lang='lat' dir='ltr'>erio</span> <span class='ocrx_word' id='word_1_342' title='bbox 647 4200 724 4269; x_wconf 81' lang='lat' dir='ltr'>quari</span> <span class='ocrx_word' id='word_1_343' title='bbox 741 4197 877 4272; x_wconf 77' lang='lat' dir='ltr'>rpueodoru</span> <span class='ocrx_word' id='word_1_344' title='bbox 894 4191 991 4254; x_wconf 81' lang='lat' dir='ltr'>iootom</span> <span class='ocrx_word' id='word_1_345' title='bbox 1010 4196 1137 4253; x_wconf 85' lang='lat' dir='ltr'>eiieoeroi</span> <span class='ocrx_word' id='word_1_346' title='bbox 1160 4197 1334 4266; x_wconf 72' lang='lat' dir='ltr'>inoduorum,</span> 
     </span>
    </p>
   </div>
   <div class='ocr_carea' id='block_1_3' title="bbox 336 4305 416 4312">
    <p class='ocr_par' dir='ltr' id='par_1_3' title="bbox 336 4305 416 4312">
     <span class='ocr_line' id='line_1_39' title="bbox 336 4305 416 4312; baseline 0 0"><span class='ocrx_word' id='word_1_347' title='bbox 336 4305 416 4312; x_wconf 61' lang='lat' dir='ltr'>..a-..-</span> 
     </span>
    </p>
   </div>
   <div class='ocr_carea' id='block_1_4' title="bbox 295 4341 1354 4470">
    <p class='ocr_par' dir='ltr' id='par_1_4' title="bbox 295 4341 1354 4470">
     <span class='ocr_line' id='line_1_40' title="bbox 345 4341 1354 4401; baseline -0.003 -10"><span class='ocrx_word' id='word_1_348' title='bbox 345 4351 366 4401; x_wconf 74' lang='lat'>¹)</span> <span class='ocrx_word' id='word_1_349' title='bbox 380 4343 437 4396; x_wconf 65' lang='lat' dir='ltr'>urii:</span> <span class='ocrx_word' id='word_1_350' title='bbox 451 4347 663 4397; x_wconf 74' lang='lat' dir='ltr'>cartenariae.</span> <span class='ocrx_word' id='word_1_351' title='bbox 738 4348 762 4400; x_wconf 78' lang='lat'>2)</span> <span class='ocrx_word' id='word_1_352' title='bbox 779 4350 833 4390; x_wconf 75' lang='lat' dir='ltr'>nee.</span> <span class='ocrx_word' id='word_1_353' title='bbox 851 4343 905 4388; x_wconf 78' lang='lat' dir='ltr'>ituri</span> <span class='ocrx_word' id='word_1_354' title='bbox 925 4341 1012 4390; x_wconf 80' lang='lat' dir='ltr'>addunt</span> <span class='ocrx_word' id='word_1_355' title='bbox 1031 4346 1166 4391; x_wconf 82' lang='lat' dir='ltr'>roateria.</span> <span class='ocrx_word' id='word_1_356' title='bbox 1244 4347 1266 4400; x_wconf 76' lang='lat' dir='ltr'>i)</span> <span class='ocrx_word' id='word_1_357' title='bbox 1279 4344 1354 4390; x_wconf 62' lang='lat' dir='ltr'>uitia.</span> 
     </span>
     <span class='ocr_line' id='line_1_41' title="bbox 295 4411 967 4470; baseline -0.001 -11"><span class='ocrx_word' id='word_1_358' title='bbox 295 4415 372 4460; x_wconf 80' lang='lat' dir='ltr'>eiout</span> <span class='ocrx_word' id='word_1_359' title='bbox 386 4415 412 4459; x_wconf 83' lang='lat' dir='ltr'>ai</span> <span class='ocrx_word' id='word_1_360' title='bbox 425 4413 535 4462; x_wconf 71' lang='lat' dir='ltr'>facturr</span> <span class='ocrx_word' id='word_1_361' title='bbox 549 4412 647 4462; x_wconf 78' lang='lat' dir='ltr'>duitor</span> <span class='ocrx_word' id='word_1_362' title='bbox 660 4420 790 4468; x_wconf 80' lang='lat' dir='ltr'>euertat,</span> <span class='ocrx_word' id='word_1_363' title='bbox 804 4411 967 4470; x_wconf 77' lang='lat' dir='ltr'>praedixit.</span> 
     </span>
    </p>
   </div>
   <div class='ocr_carea' id='block_1_5' title="bbox 0 0 1496 5302">
    <p class='ocr_par' dir='ltr' id='par_1_5' title="bbox 0 0 1496 5302">
     <span class='ocr_line' id='line_1_42' title="bbox 0 0 1496 5302; baseline 0 2"><span class='ocrx_word' id='word_1_364' title='bbox 0 0 1496 5302; x_wconf 95' lang='lat' dir='ltr'> </span> 
     </span>
    </p>
   </div>
  </div>
 </body>
</html>
