2842 5286
331 519 391 582 iao
553 520 627 600 Gap.
652 519 754 581 iibri,
794 518 841 580 Do
862 531 961 580 renoto
982 519 1135 598 Gregorio.

329 681 444 738 ooeearit
460 684 487 734 ot
504 686 533 754 ut
549 694 598 750 pro
616 693 646 734 se
663 693 742 734 orare
751 677 869 744 deberet,
887 680 1017 746 insternor
1032 679 1117 748 petiit,
1134 682 1266 749 quatenus
1284 679 1363 748 ipson

204 827 205 832 ,
329 781 356 836 in
373 779 424 835 irae
439 779 494 836 vita
510 777 544 834 de
559 777 635 832 maiis
660 778 717 832 suis
736 776 806 833 iieus
830 779 934 847 puniret
950 782 978 832 et
999 793 1052 832 non
1074 774 1233 846 puniendum
1252 781 1364 833 extrem

328 880 442 946 examini
459 883 615 934 reservaret.
651 875 767 941 Quadam
785 877 867 950 igitur
883 877 941 931 rice
956 875 1023 931 vidit
1038 890 1068 931 se
1085 873 1228 931 Mauritius
1247 881 1308 933 arto
1317 877 1363 932 iri·

327 978 407 1036 bunai
420 977 520 1050 judiois
537 983 610 1032 stare
630 984 656 1031 et
670 975 786 1048 judioon
804 975 979 1046 proclamare:
998 974 1060 1030 date
1078 973 1240 1030 iiiauritinrr.
1267 973 1302 1030 iit
1318 989 1364 1030 ea·

326 1081 432 1152 pisam
450 1092 506 1133 ounr
525 1077 636 1130 ministri
654 1077 739 1146 ipsurn
756 1081 817 1129 ante
836 1073 952 1146 judicem
976 1080 1128 1145 posuerunt.
1169 1072 1218 1128 (iai
1239 1073 1299 1129 iiie:
1321 1075 1364 1132 rii

329 1181 379 1243 rio,
397 1184 423 1232 ut
441 1174 548 1232 reddaru
566 1175 616 1230 tibi
632 1165 710 1240 maia,
728 1189 795 1247 quae
815 1177 843 1228 in
860 1173 911 1231 hoo
928 1171 1035 1228 saeeuio
1052 1174 1235 1244 perpetrarat
1255 1172 1306 1230 iiie
1324 1189 1364 1230 re·

329 1276 447 1350 spondit:
464 1276 508 1331 irio
520 1276 609 1346 potius
623 1288 656 1330 ea
666 1273 770 1328 domine
782 1259 847 1329 nini
862 1279 888 1328 et
900 1289 953 1326 non
970 1274 1004 1326 iu,
1016 1270 1122 1327 saoouio
1132 1271 1222 1328 futuro
1241 1273 1363 1329 retribuo.

328 1375 473 1447 Statimque
490 1374 580 1428 divine
596 1389 646 1427 ror
660 1373 743 1444 jussit
761 1371 831 1426 tradi
848 1369 1007 1438 Mauritiunr,
1027 1386 1148 1436 uxorem,
1164 1369 1236 1428 iiiios
1254 1378 1281 1428 ot
1299 1371 1364 1427 iiras

329 1475 432 1532 Pirooao
449 1470 526 1528 militi
542 1471 709 1527 occidendos.
746 1469 821 1534 Quod
845 1477 873 1526 et
896 1469 990 1526 iaetuur
1015 1476 1069 1538 est,
1103 1487 1156 1526 non
1178 1478 1242 1544 poet
1261 1471 1365 1530 nnita·

329 1575 396 1631 eninr
420 1572 546 1643 temporis
566 1568 667 1627 i’iroeas
691 1570 795 1644 quiden
815 1569 891 1626 rniies
915 1571 974 1642 ejus
997 1573 1081 1642 ipsun
1108 1586 1165 1626 onor
1187 1578 1247 1628 tota
1268 1571 1368 1628 runi·

329 1689 378 1730 sua
396 1671 487 1746 gladio
505 1669 602 1733 oceidit
620 1677 646 1726 et
666 1672 692 1725 ei
711 1672 739 1725 in
756 1672 865 1742 imperio
883 1671 1020 1725 suecessit
1035 1702 1071 1713 -
1088 1701 1123 1713 -—
1159 1677 1198 1735 ο.
1218 1669 1283 1727 (iuro
1297 1669 1365 1742 opud

329 1778 445 1829 ranetam
462 1769 574 1826 Mariam
593 1771 718 1842 maiorem
736 1772 762 1824 in
783 1769 828 1825 die
844 1768 961 1841 paschae
984 1771 1089 1825 rubram
1106 1769 1256 1828 celebraret
1272 1777 1300 1826 et
1317 1785 1367 1841 pau

328 1873 427 1928 donnini
445 1873 640 1941 pronuntiaret,
668 1869 778 1942 angelus
803 1868 973 1924 domitialis
991 1884 1055 1925 roee
1078 1870 1230 1942 respondit:
1266 1877 1295 1927 et
1312 1885 1368 1926 ern

328 1973 423 2044 spiritu
441 1978 494 2026 tuo.
530 1967 604 2026 iinde
622 1955 693 2040 papa
708 1969 779 2040 apud
797 1968 868 2023 iiiarn
887 1968 1024 2025 eoeieeianr
1042 1972 1068 2024 in
1081 1969 1125 2025 die
1139 1971 1255 2040 paschae
1272 1972 1367 2026 sudo-

328 2087 387 2127 nenr
405 2070 470 2125 iaoit
486 2085 535 2125 nee
551 2069 618 2134 eiii,
642 2083 698 2122 oure
717 2066 782 2122 dieit
798 2083 849 2139 pax
869 2067 981 2134 donnini,
1008 2071 1035 2123 in
1053 2069 1132 2141 iujos
1153 2070 1272 2126 uriraouii
1289 2073 1367 2126 testi·

328 2172 441 2226 monium
458 2168 640 2242 respondetur.
660 2197 694 2208 -
709 2199 744 2210 -
794 2172 854 2228 10.
891 2167 1009 2231 Quodam
1030 2175 1148 2240 tenpore
1164 2169 1300 2242 Traianus
1320 2171 1365 2224 irr-

329 2275 436 2342 porator
459 2267 590 2324 Ronanus
613 2267 647 2322 ad
677 2265 809 2339 quoddam
836 2266 932 2322 beilum
957 2267 1187 2324 vehementissime
1213 2267 1368 2332 iesdnabut,

327 2371 371 2425 oui
389 2367 467 2425 ridua
484 2367 608 2423 debilitor
626 2369 739 2422 occurrit
760 2365 865 2422 dicens:
893 2367 1003 2422 obsecro
1027 2375 1056 2423 ut
1072 2371 1227 2440 saurgainern
1251 2369 1299 2424 diii
1318 2373 1369 2427 urei

329 2470 481 2524 innocenter
497 2467 606 2537 peremti
629 2465 761 2522 vindicare
782 2465 915 2538 digneris,
936 2482 1045 2539 eumque
1068 2467 1214 2539 Trajanue,
1245 2472 1269 2524 si
1286 2485 1369 2526 sanus

329 2573 517 2630 reverteretur,
540 2564 674 2620 uindicare
695 2581 725 2619 se
742 2571 899 2632 testaretur,
914 2563 997 2622 uidua
1013 2566 1092 2622 dixit:
1112 2575 1139 2624 et
1156 2569 1216 2639 quia
1233 2568 1300 2624 uniiti
1320 2570 1370 2626 boe

328 2665 484 2738 praestidoit,
503 2665 527 2718 si
544 2671 573 2718 tu
590 2666 617 2718 in
634 2663 737 2734 proelio
750 2671 866 2720 nonnus
885 2664 988 2724 iuerisi
1006 2665 1140 2738 Traianus
1153 2666 1231 2723 dixit:
1250 2669 1305 2738 iiie,
1325 2671 1370 2743 qui

328 2771 391 2837 post
406 2779 447 2818 xre
464 2762 611 2834 imperabit.
652 2763 701 2819 Cri
719 2763 812 2820 uidua:
831 2775 858 2820 et
873 2765 922 2819 tibi
939 2765 1002 2838 quid
1018 2766 1149 2837 proderit,¹
1173 2769 1197 2822 si
1218 2768 1287 2825 aiter
1304 2769 1370 2825 milri

325 2866 456 2937 justitiam
475 2862 587 2919 ieoeriii
624 2862 757 2936 Traianus
779 2863 858 2919 dixit:
882 2865 972 2938 utique
989 2865 1065 2928 niati.
1099 2864 1133 2922 Et
1155 2866 1247 2924 vidua:
1270 2886 1369 2939 nonne,

317 2943 421 3036 'inquit
439 2962 532 3018 meiius
546 2961 661 3029 esttibi,
681 2969 709 3018 ut
719 2962 782 3017 uriiri
796 2964 927 3035 justitian
945 2964 1028 3021 iacias
1047 2973 1074 3028 ot
1090 2982 1138 3038 pro
1153 2965 1206 3022 iroo
1222 2969 1370 3026 nesseden

327 3065 452 3135 arripies,
470 3078 545 3136 qnam
563 3062 642 3118 aiteri
659 3061 728 3118 hane
745 3065 927 3120 transnittasi
945 3065 1019 3122 Troo
1031 3065 1165 3138 Traianos
1178 3067 1278 3138 pietate
1295 3084 1369 3125 eon-

328 3169 413 3219 motus
437 3161 471 3217 de
489 3177 556 3233 equo
573 3160 712 3218 deseendit
728 3169 755 3218 et
772 3163 868 3220 ibidem
884 3165 1032 3220 innocentis
1048 3167 1203 3238 swguinerrr
1218 3167 1369 3225 vindicarit.

328 3261 422 3320 Fertur
437 3277 550 3335 quoque,
570 3261 640 3334 quod
651 3276 708 3318 eon
726 3262 830 3335 quiden
842 3261 911 3319 iiius
923 3264 1036 3336 Traiani
1053 3280 1102 3336 per
1117 3266 1208 3322 uriaen
1225 3269 1370 3340 equitando
1414 3301 1415 3304 =

323 3363 404 3418 niuis
422 3361 521 3418 iasoire
537 3343 709 3428 discurreret,
745 3360 824 3418 filiun
846 3362 982 3436 cniusdam
1003 3363 1099 3420 viduae
1123 3367 1269 3435 interemit,
1295 3368 1370 3442 qaod

323 3479 384 3528 ,ομ
402 3461 481 3515 vidua
499 3460 617 3533 Trojano
635 3460 835 3518 iaorirnainiiiter
854 3471 1009 3535 exponeret,
1028 3465 1086 3536 ipse
1110 3463 1189 3520 ilion
1204 3465 1296 3535 suan,
1323 3470 1369 3540 qui

329 3561 379 3618 hoe
395 3560 504 3624 tereret,
522 3559 620 3616 riduee'
634 3560 692 3616 loeo
705 3561 752 3616 diii
771 3563 813 3617 sni
830 3561 946 3618 deiunoti
957 3555 1067 3619 tradidit
1084 3571 1110 3620 et
1127 3565 1265 3638 magnifiee
1282 3569 1369 3638 ipsu

328 3659 437 3718 dotavit.
477 3656 543 3714 Dum
559 3661 644 3735 igitur
665 3660 776 3732 quadarn
799 3663 857 3720 viee
874 3662 919 3719 diu
939 3663 995 3735 jara
1017 3662 1141 3720 deiunoto
1160 3664 1280 3739 Traiano
1299 3665 1368 3725 Gre-

328 3761 421 3833 gorius
438 3775 487 3829 per
503 3759 588 3816 foruna
607 3759 718 3831 Traiani
736 3763 862 3817 transiret
883 3769 909 3818 et
925 3761 1004 3835 hujus
1027 3763 1250 3840 msumdinern
1264 3765 1368 3837 iudicis

330 3857 483 3914 reeordatus
499 3857 605 3926 deeset
624 3859 660 3913 ed
676 3862 761 3916 sarroti
778 3860 851 3918 Petri
867 3861 1003 3918 animan
1017 3865 1137 3934 pervenit
1155 3871 1183 3919 et
1200 3863 1300 3921 ibidem
1316 3881 1367 3938 pro

329 3957 389 4028 ejus
407 3971 498 4012 errore
514 3959 677 4018 amarissime
696 3958 776 4016 derit.
816 3961 891 4017 Turro
910 3961 963 4018 ribi
985 3961 1110 4018 divinitus
1133 3971 1175 4019 est
1198 3979 1368 4038 responsu:

330 4071 404 4123 roeo,
429 4057 581 4128 petitione·
597 4065 669 4116 tren
690 4059 819 4132 corrpieri
842 4069 869 4118 et
892 4060 1010 4133 Traiano
1033 4078 1144 4134 poenam
1165 4071 1299 4120 aeternari
1317 4081 1368 4137 pe-

329 4155 412 4226 peroi,
432 4153 465 4210 de
482 4161 588 4212 eaetero
604 4163 689 4213 merx
709 4156 912 4232 diligentissime
929 4175 1039 4228 oeneus,
1056 4178 1091 4219 ue
1107 4177 1156 4234 pro
1173 4161 1296 4220 damnato
1314 4165 1367 4220 aii·

330 4267 383 4326 qno
402 4267 495 4324 preces
513 4253 616 4312 iunias.
649 4255 863 4333 numerarer)
887 4268 973 4317 autern
993 4262 1019 4318 in
1046 4261 1159 4335 quodarr
1177 4277 1227 4318 sno
1245 4261 1369 4320 eernere

381 4475 404 4528 i)
416 4477 508 4526 noorai.
521 4476 580 4523 ursio
592 4479 740 4528 narniam
753 4477 856 4526 erma
875 4478 904 4526 ef.
917 4483 1019 4526 Damae.
1033 4480 1076 4537 op.
1089 4477 1141 4526 voi
1153 4483 1172 4528 i.
1184 4494 1208 4538 p.
1221 4481 1268 4527 eat.
