2902 5310
228 497 302 576 Cap.
326 497 426 560 ctvt.
468 498 512 558 De
534 505 632 556 sancto
654 497 731 558 Luca
753 499 939 578 evangeiista.
1043 497 1103 560 693

66 659 128 708 tuor
147 653 272 708 auimaiia
290 655 432 710 secuudum
453 662 560 712 sanctos
577 663 691 730 quatuor
714 655 898 730 evangelistae
916 656 1107 730 signidoaaiur,

66 767 174 825 quorum
193 751 306 825 quidibet
324 752 417 810 habuit
435 761 548 827 quatuor
566 753 649 810 iacies
668 755 823 822 scribendo,
842 755 946 812 soiiicct
963 755 996 811 de
1014 753 1105 810 Ιιιιιιι-

65 856 157 923 ιιιιιιι,
176 856 312 925 passione,
331 855 524 909 resurrectione
543 859 569 909 ei
588 851 740 909 diuinitate:
760 855 981 928 singutaetamen
993 854 1105 928 singuiis

64 969 114 1024 per
130 952 260 1025 quandam
279 953 521 1022 appropriationem
539 951 723 1008 attribuuntur.
760 953 907 1012 Secundum
925 953 1103 1026 flieroapmum

65 1049 218 1108 Matthaeus
248 1053 273 1106 ta
308 1049 414 1106 domine
446 1047 587 1124 iguraiur,
618 1056 680 1124 qnia
705 1053 887 1126 principaliter
910 1051 1103 1109 enunciant

63 1149 249 1209 humanitatem
273 1152 441 1218 immoratur,
466 1151 554 1207 Lucus
579 1153 605 1208 ia
633 1152 716 1208 rituto
741 1167 824 1226 ageos
844 1151 877 1209 de
894 1152 992 1209 Christi
1013 1168 1102 1210 sacor-

64 1251 147 1320 dotio,
166 1251 274 1308 Marcus
292 1251 319 1305 in
336 1249 415 1306 leons
432 1249 580 1307 euidentius
599 1249 719 1308 scribens
735 1250 767 1309 dc
781 1255 982 1310 resurrectione.
1016 1253 1102 1310 Caiuii

64 1353 131 1406 caim
150 1349 265 1415 leonum,
282 1356 311 1405 ut
329 1348 426 1417 dicunt,
444 1365 528 1421 usquo
546 1352 572 1405 tu
591 1349 658 1406 dicar
677 1353 780 1406 tcrtirrn
799 1353 874 1424 quasi
893 1355 987 1409 mortui
1001 1356 1101 1424 jacent,

62 1448 110 1506 sed
135 1451 225 1523 rugitu
250 1447 336 1505 iconis
359 1449 386 1504 iu
408 1447 452 1504 die
475 1451 555 1504 tertio
578 1451 732 1506 excitantur.
767 1449 862 1506 iterum
887 1453 951 1524 quio
968 1453 1102 1523 tacepita

62 1552 150 1624 rugitu
173 1547 396 1622 praedicationis.
424 1545 560 1605 iohannes
581 1551 608 1604 iu
634 1549 725 1621 aqutia
751 1551 864 1606 caeteris
893 1550 973 1606 attius
997 1549 1100 1617 roiano,

61 1647 180 1706 scribens
213 1645 247 1704 dc
270 1647 369 1704 iidrtsti
395 1646 541 1703 diuinitate.
582 1646 703 1704 Christos
726 1651 818 1716 etiarn,
850 1649 882 1706 de
914 1665 967 1722 quo
997 1648 1099 1718 sortirii,

60 1749 148 1803 omnia
165 1749 218 1802 isia
236 1753 349 1819 quatuor
367 1746 430 1813 tuit,
449 1745 552 1802 rciitcei
570 1745 648 1802 iromo
667 1752 743 1804 uatus
761 1746 794 1805 de
813 1749 929 1822 virgime,
958 1748 1053 1805 situlus
1072 1751 1097 1804 ia

60 1847 197 1920 passione,
230 1847 274 1903 leo
306 1847 331 1900 in
364 1847 573 1913 resurrectione,
604 1846 695 1918 equita
722 1848 749 1902 iu
776 1849 941 1904 ascensione.
976 1847 1029 1906 Per
1049 1847 1098 1904 has

59 1949 141 2019 igitur
159 1952 273 2019 quatuor
291 1944 390 2012 iactes,
418 1946 445 2000 ιι
466 1945 562 2017 quibus
586 1944 741 2019 designatus
762 1953 803 2002 ιιι
821 1946 923 2015 Lucas,
951 1950 1019 2004 sicot
1037 1949 1096 2020 qui-

58 2045 125 2101 iibot
147 2044 216 2101 uitus
244 2045 427 2118 euangelista,
459 2041 623 2112 ostenditur,
653 2043 768 2118 qualiter
796 2045 850 2100 iitts
876 2053 990 2118 quatuor
1013 2045 1096 2101 modis

58 2143 138 2201 iussit
156 2143 303 2200 ordinatos.
338 2141 404 2200 Nam
431 2159 479 2214 per
504 2143 595 2198 ιιιιιιι
615 2141 728 2199 dominis
746 2145 908 2213 ostenditur.
935 2143 1006 2218 quod
1026 2150 1096 2200 recte

59 2243 139 2299 iuertt
163 2243 300 2299 ordinatus
324 2249 447 2330 quantum
471 2243 504 2298 ari
530 2245 688 2313 proxinruua,
719 2259 795 2314 quoru
824 2243 903 2302 debet
928 2246 1031 2301 rationo
1054 2248 1094 2300 ia-

57 2347 173 2411 siruore,
199 2343 397 2399 mansuetudine
415 2341 549 2399 attrahere
567 2347 594 2399 ct
610 2335 772 2400 iiberalitate
791 2342 890 2401 dovere.
926 2343 1009 2400 iiouro
1027 2347 1095 2401 euim

57 2449 100 2498 est
123 2441 219 2498 animai
242 2441 390 2508 rationale,
416 2448 577 2498 mansuetum
600 2447 627 2498 ιι
649 2440 770 2498 iiberaiu.
805 2439 857 2500 Per
875 2443 969 2500 iaoicru
988 2445 1094 2516 aquiiae

56 2540 218 2607 ostenditur,
237 2541 308 2614 quod
327 2548 400 2596 recte
419 2539 498 2596 tuerit
516 2539 654 2596 ordinatus
673 2547 796 2613 quantuor
815 2543 848 2598 ad
866 2541 963 2610 Derras,
986 2545 1049 2617 qnia
1067 2545 1093 2599 iu

56 2657 89 2698 eo
107 2640 200 2718 corius
218 2639 369 2696 intellectus
387 2645 525 2696 corriooinr
543 2635 622 2696 iieunr
643 2657 690 2712 per
707 2642 962 2714 contemptationem,
981 2649 1093 2698 rostrum

56 2739 166 2798 aiiectus
190 2740 224 2796 ιιι
250 2741 334 2812 ipsum
359 2742 498 2796 exacuitur
527 2755 575 2811 per
599 2739 810 2806 meditationem,
839 2747 962 2798 senectus
986 2745 1094 2814 insuper
1183 2771 1186 2778 ·

56 2840 180 2912 abjicitur
204 2855 252 2911 por
275 2854 368 2895 noram
394 2839 630 2894 conversationem.
666 2839 764 2911 Aquiia
792 2841 859 2897 enim
889 2844 960 2897 aonti
987 2841 1092 2896 turrinis

56 2945 114 3008 est,
132 2945 160 2994 ιι
178 2946 262 2995 rotam
279 2937 344 2993 scits
363 2937 566 2995 irreverberatis
584 2936 667 2994 ocuiis
685 2927 819 3012 adspiciat
836 2947 864 2996 et
881 2943 906 2995 iu
919 2941 999 2996 atium
1014 2937 1092 2994 nira-

55 3039 146 3096 ttttter
166 3039 272 3096 eierata
297 3037 439 3110 piscicuios
461 3039 488 3093 in
516 3036 601 3094 modio
627 3040 706 3093 maris
733 3039 828 3095 rideat.
866 3037 987 3096 iioairnus
1013 3039 1091 3096 etiarn

54 3141 132 3195 nimis
158 3137 332 3205 aduentum,
357 3153 391 3194 ue
415 3137 573 3210 impediatur
595 3139 620 3192 in
646 3137 705 3194 cibo
725 3139 869 3211 oaptrudo,
895 3146 987 3210 petrae
1005 3138 1093 3194 atitdtt

55 3243 82 3295 et
107 3240 146 3294 sic
169 3239 228 3293 usui
250 3235 356 3292 cibandi
376 3234 491 3295 iraiutieru
514 3237 603 3293 ιιιιιΙι.
641 3235 741 3294 Exusta
757 3240 865 3310 insuper
883 3252 899 3293 a
916 3237 1006 3294 caiore
1025 3236 1091 3292 sciis

54 3344 80 3408 ιι
97 3339 123 3392 ιι
147 3337 244 3392 tontum
269 3351 364 3408 magno
378 3337 475 3406 impetn
492 3351 522 3391 ιι
542 3337 687 3408 projiciens
704 3342 863 3394 senectutem
883 3337 984 3408 abjicit,
1001 3336 1091 3392 calore
1125 3319 1128 3328 ¹

54 3436 121 3492 sotis
149 3425 283 3492 oculorum
312 3435 451 3509 caliginem
482 3439 649 3492 consumeris
677 3441 704 3492 et
734 3450 835 3506 pennas
855 3436 1005 3494 alieriantc.
1040 3435 1092 3493 Per

54 3534 148 3591 tacteus
167 3534 251 3591 ieonis
269 3534 431 3601 ostenditur,
456 3533 526 3606 quod
552 3539 623 3590 rocio
648 3533 727 3590 tuerit
746 3533 883 3592 ordinatus
907 3543 1030 3607 quantun
1055 3535 1089 3590 ad

52 3649 99 3702 se,
132 3636 195 3706 quie
223 3632 317 3690 natura
347 3636 569 3708 generositatem
592 3648 639 3703 per
655 3617 761 3688 ¹ruornrn
792 3637 1017 3691 conversationem
1042 3635 1089 3691 iro·

53 3739 164 3801 ιιιιιιι,
182 3735 355 3806 sagacitatem
374 3748 421 3804 per
433 3729 585 3788 insidiarum
598 3729 732 3788 hostilium
753 3734 902 3790 vitationem
915 3738 940 3790 ei
953 3733 1089 3804 passihiit·

51 3837 132 3888 tatem
151 3847 199 3904 per
217 3829 377 3886 addictorum
393 3832 611 3903 compassionem.
651 3830 708 3888 Leo
732 3836 775 3889 eet
797 3833 862 3888 eninr
887 3833 983 3888 animai
1005 3849 1088 3906 gene-

53 3947 157 3999 rosum,
177 3931 239 4004 quia
257 3945 302 3986 reu
322 3929 488 3994 animalium,
508 3937 549 3986 ιιι
569 3944 668 4003 sagax,
692 3932 755 4003 qnia
774 3933 890 4004 vestigia
905 3931 990 3988 cauda
1008 3931 1088 4000 dotet,

51 4045 107 4086 cunr
128 4029 211 4104 iugtt,
232 4044 265 4086 ne
283 4029 447 4094 inueniatur,
472 4026 616 4099 passibile,
643 4031 705 4102 quia
724 4035 877 4102 quamnam
897 4033 1003 4103 putitua
1038 4029 1090 4088 Per

52 4128 146 4185 tactum
171 4129 244 4185 rituii
269 4129 423 4184 siccioris
451 4126 613 4197 ostenditur,
645 4127 715 4201 quod
746 4133 817 4184 recte
847 4128 928 4194 inerit
950 4128 1088 4188 ordinatur

52 4215 175 4300 quantuor
195 4227 228 4284 ad
246 4243 320 4284 suum
338 4225 463 4294 odicium,
484 4225 553 4299 qaod
574 4226 622 4284 icit
638 4227 756 4285 seribere
770 4229 951 4304 evangelium
970 4229 1007 4286 iiui
1021 4231 1087 4286 caim

50 4342 154 4382 morose
173 4327 319 4399 processit,
346 4329 408 4398 quie
434 4327 532 4397 incepit
556 4342 574 4383 ι
591 4329 729 4384 ιιιιιιιιιι
747 4329 930 4398 praecursoris
947 4336 974 4386 et
991 4332 1088 4385 uattrt-

49 4429 105 4482 tate
123 4431 149 4481 ιι
167 4425 280 4484 tutantia
299 4423 408 4496 Christi,
428 4432 455 4482 ιι
472 4427 510 4483 ιιι
527 4424 652 4497 peotattn
671 4429 803 4499 prooessit
820 4441 904 4501 atque
921 4428 955 4483 sd
973 4427 1088 4485 citimam
