2918 5302
310 492 373 556 644
429 495 502 573 Cap.
525 493 638 554 CXLV.
687 492 733 552 De
761 501 859 558 sancto
881 489 1023 550 Michaelo
1049 488 1234 568 archangelo.

313 653 449 724 praedtoto
476 654 537 709 iouo
569 649 648 708 XVii.
675 649 728 711 eat.
753 649 910 708 Nouembris
934 651 1098 708 aoiierauiter·
1123 649 1286 708 oelehratur.
1328 649 1357 706 Ιι

311 753 405 809 eodeni
430 759 517 807 autern
541 751 600 804 iouo
626 748 757 820 quoddam
786 752 911 807 aenaria
932 751 1039 824 dignun
1063 751 1211 822 contigisse
1239 749 1358 808 niertsr

313 851 475 906 ntrsnutun.
510 847 559 906 itta
583 851 651 905 enirn
675 863 749 903 muns
766 847 882 922 undique
902 849 1009 906 Oceano
1029 851 1160 922 cingitur,
1182 847 1234 904 sed
1259 848 1303 904 bis
1330 851 1356 904 io

313 951 357 1006 die
375 951 461 1006 saneti
478 947 618 1005 Michaelis
637 949 688 1002 iter
708 947 840 1019 praebens
859 948 957 1018 populo
976 951 1102 1020 aperitur.
1138 947 1201 1002 Cura
1220 964 1290 1022 ergo
1309 965 1356 1004 uo-

313 1051 393 1119 piosa
410 1048 489 1104 turba
506 1047 542 1102 ad
559 1045 696 1102 ecclesian
720 1052 858 1119 pergeret,
881 1048 994 1119 contigit
1015 1054 1042 1103 et
1064 1045 1194 1118 poandaar
1218 1047 1358 1104 mulierem

314 1147 452 1220 gravidata
481 1145 645 1216 vicinamque
673 1146 761 1216 partui
792 1161 880 1200 seounr
908 1147 956 1202 ire.
991 1145 1026 1202 Et
1047 1161 1107 1202 eoae
1132 1160 1229 1218 niagno
1257 1151 1358 1218 inpetu

314 1246 386 1303 unda
409 1244 488 1301 rodiit
510 1250 538 1300 et
562 1246 646 1298 oannis
669 1242 748 1298 turba
770 1231 863 1300 tinore
888 1244 1010 1315 peronius
1034 1243 1069 1300 ad
1093 1243 1167 1300 littus
1185 1244 1271 1318 tagit,
1296 1248 1359 1304 sola

314 1354 401 1405 autern
421 1343 515 1401 mulier
532 1357 684 1415 praegnans
702 1341 796 1415 fugere
814 1360 866 1399 uon
883 1343 980 1412 saluit,
1004 1343 1053 1400 aed
1071 1359 1088 1400 s
1104 1345 1211 1399 suariuis
1232 1345 1359 1402 ductibus

314 1453 394 1518 oapta
417 1444 476 1500 tuit
510 1442 547 1498 at
570 1442 687 1499 idiohaei
709 1440 886 1514 archangelus
917 1442 1050 1500 noliereru
1076 1446 1194 1500 serravit
1222 1444 1359 1514 iiiaesaar,

315 1549 355 1602 ita
375 1547 470 1609 etiarn,
493 1542 566 1615 qnod
591 1544 617 1597 in
640 1542 726 1597 ruedio
751 1541 840 1614 pelagi
865 1540 943 1596 hiiura
964 1545 1118 1615 parturivit,
1144 1559 1220 1615 quern
1240 1547 1269 1600 in
1287 1545 1359 1602 ulnis

315 1645 463 1716 suscipiens
481 1641 604 1708 laetavit,
629 1648 656 1696 at
677 1640 743 1696 orari
768 1643 860 1696 iterum
885 1643 938 1698 sibi
964 1645 1015 1698 iter
1031 1642 1176 1714 praebente
1196 1659 1254 1698 ouen
1272 1662 1359 1716 puero

278 1793 280 1798 .
315 1745 388 1800 taeta
409 1743 498 1798 exirit
534 1739 628 1796 Tertia
650 1741 783 1811 apparitio
808 1747 864 1810 est,
889 1758 957 1814 quaa
975 1741 1074 1798 Rornae
1093 1748 1211 1814 tenpore
1230 1741 1358 1816 Gregorii

316 1858 403 1916 papae
430 1841 529 1915 tegitur
552 1836 695 1896 apernisse.
729 1838 794 1896 Natu
817 1839 877 1896 duro
899 1841 966 1896 idern
985 1839 1130 1914 Gregorius
1153 1857 1223 1914 papa
1246 1851 1361 1914 propter

315 1945 415 2015 postero
440 1941 616 2014 inguinariam
634 1939 741 1994 litanias
768 1942 884 2011 naiores
904 1942 1063 1997 instituisset
1081 1947 1108 1996 ot
1127 1939 1222 1998 devote
1240 1960 1291 2013 pro
1310 1960 1359 2000 sa-

315 2043 371 2099 luta
394 2040 487 2113 popuii
509 2044 647 2106 exoraret,
677 2037 745 2093 vidit
770 2055 852 2111 supra
883 2047 1012 2108 unstruot,
1041 2040 1112 2113 quod
1135 2041 1197 2096 oiiru
1224 2041 1361 2102 Memoria

315 2141 427 2198 adriani
446 2138 600 2204 dicebatur,
618 2138 739 2208 angeium
759 2137 871 2207 donini,
889 2140 932 2211 qui
951 2139 1066 2212 gladium
1084 2146 1246 2196 cruentatum
1266 2149 1359 2214 terge-

316 2242 363 2297 bat
386 2247 413 2296 et
435 2240 462 2292 tn
485 2239 609 2310 saginans
632 2236 761 2294 nittubnt.
798 2237 870 2296 Unde
895 2246 1001 2294 sanutus
1027 2236 1172 2312 Gregorius
1201 2242 1359 2314 iotetiigens

316 2355 409 2413 preces
427 2353 444 2394 a
461 2337 565 2392 domino
587 2334 726 2392 exauditas
744 2336 884 2393 eeclesiam
904 2339 930 2392 in
948 2338 1073 2396 honoreus
1087 2338 1242 2412 angelorum
1256 2340 1358 2396 ibideua

316 2439 479 2495 construxit:
497 2435 566 2492 unde
583 2443 612 2493 et
630 2442 745 2492 oestron
767 2437 832 2492 iiiud
850 2454 934 2510 usque
951 2453 1018 2494 nune
1035 2445 1149 2496 uestrum
1167 2442 1252 2496 saneti
1263 2442 1357 2514 angoti

316 2545 434 2594 suuntur.
469 2535 540 2592 iineo
557 2542 643 2592 auten
661 2538 795 2608 apparitio
812 2552 869 2594 oeus
887 2537 948 2604 iiia,
974 2551 1044 2610 puae
1069 2542 1096 2595 in
1121 2546 1207 2596 noute
1228 2538 1357 2612 Gargano

315 2638 449 2710 apparuit,
467 2651 524 2691 uuus
537 2635 697 2706 sypontunts
715 2638 849 2692 pistorien
867 2635 951 2706 dedit,
969 2635 1025 2694 viti
1042 2637 1103 2694 idos
1115 2639 1182 2711 Msji
1194 2640 1358 2696 celebrator.

315 2737 417 2801 Quarta
433 2735 565 2806 apparitio
582 2743 640 2803 est,
663 2751 732 2808 quae
750 2738 874 2792 ounststit
890 2739 916 2791 tn
937 2736 1117 2811 ¹)gerorobiis
1136 2740 1252 2808 ipsorun
1271 2755 1358 2812 auge·

314 2835 409 2891 horon.
443 2832 508 2888 Narn
531 2837 616 2904 priora
638 2834 781 2908 gerannus
805 2836 902 2890 dicitnr
924 2835 1083 2908 epiphanis,
1115 2837 1142 2892 id
1167 2843 1209 2894 ost
1231 2842 1359 2909 superior

315 2935 460 3006 apparitio:
479 2933 566 2988 neiis
580 2933 878 3005 dieiturhpperpbanie,
898 2935 925 2990 id
943 2941 984 2993 eat
996 2936 1083 2992 media
1096 2939 1245 3007 apparitio;
1262 2938 1358 2996 niuno

315 3031 413 3088 dieitur
431 3031 610 3103 hypophania,
630 3031 657 3087 id
676 3038 718 3088 est
736 3033 848 3090 interior
863 3038 1005 3107 apparitio.
1040 3035 1073 3091 Et
1096 3036 1192 3092 dieitur
1212 3037 1356 3109 perambio

314 3143 332 3186 a
349 3147 445 3203 gerar,
472 3132 542 3204 quud
560 3138 601 3187 eat
618 3147 735 3199 ssorum,
760 3138 787 3188 et
804 3132 916 3202 archos,
935 3137 1074 3208 princeps,
1093 3139 1170 3209 quasi
1187 3151 1263 3194 saoar
1280 3141 1355 3207 pris-

313 3234 426 3302 oipatos.
470 3230 612 3294 Quaelibet
632 3237 718 3287 auten
747 3233 889 3304 gerarchia
917 3237 1035 3290 eontinet
1056 3243 1112 3292 tres
1140 3237 1263 3293 ordinas:
1293 3253 1354 3294 ua·

314 3331 437 3402 superior
454 3331 571 3384 eontinet
588 3329 728 3400 seraphin,
745 3330 873 3387 cherubin
891 3339 917 3389 et
935 3332 1059 3402 thronos;
1078 3336 1268 3393 arsinoiten
1287 3351 1353 3392 uon·

313 3432 381 3484 tinet
405 3427 544 3485 swundurn
570 3431 777 3502 assignationem
803 3431 923 3504 Dionysii
945 3431 1154 3501 dominationes.
1185 3437 1296 3492 uirtutes
1326 3443 1355 3492 et

312 3535 478 3600 potestaten
497 3529 588 3584 uitina
603 3531 718 3586 eontinet
736 3529 877 3586 secundun
896 3535 1103 3604 assignationem
1121 3534 1238 3606 quadarn
1252 3538 1353 3608 prinoi-

312 3633 401 3698 patus,
414 3625 526 3698 angelos
539 3627 757 3700 etarehangeios.
777 3627 809 3684 Et
821 3629 911 3685 horon
926 3631 1059 3688 ordinatio
1073 3642 1100 3690 et
1111 3633 1252 3706 dispositio
1261 3642 1354 3706 potest

313 3727 397 3781 rideri
418 3741 467 3797 per
488 3727 574 3782 sinite
598 3729 755 3783 interranis
779 3728 966 3799 potestatibus.
1001 3730 1065 3788 Nan
1089 3736 1281 3802 ninistrorrn,
1306 3737 1350 3808 pai

310 3831 373 3880 sest
397 3826 447 3880 sah
472 3840 523 3880 uno
550 3840 630 3897 rega,
655 3827 762 3897 quidarn
785 3834 931 3898 operantur
951 3831 1099 3889 tnnedtans
1122 3837 1193 3890 eirea
1209 3849 1350 3905 personans

311 3926 400 3996 regis,
418 3927 487 3978 siout
503 3923 674 3992 sententiat,
696 3927 842 3982 consiliarii
861 3934 888 3983 et
904 3941 1067 3988 assessores.
1101 3931 1208 3988 Siniies
1229 3931 1272 3987 his
1289 3939 1351 3990 sust

310 4022 419 4078 ordines
436 4023 537 4094 primae
553 4022 720 4094 gerarchiae.
756 4024 867 4088 Quidam
882 4041 945 4082 voro
960 4027 1060 4086 habent
1072 4029 1163 4086 etheis
1178 4031 1213 4086 ad
1232 4035 1349 4105 regimen

309 4123 387 4195 regni
398 4124 425 4176 in
442 4122 572 4177 oonnuui
588 4122 674 4188 ²)uon
686 4121 804 4194 deputati
814 4125 876 4183 huto
890 4127 931 4184 roi
942 4127 981 4182 iiii
993 4131 1155 4200 provincias,
1172 4136 1201 4185 at
1215 4134 1348 4205 prinsipes

309 4219 418 4274 rnititiee
449 4225 481 4280 et
500 4219 608 4290 judiees
636 4223 735 4279 sunau.
782 4221 888 4282 Siniles
919 4233 980 4283 suut
1008 4227 1049 4284 his
1080 4228 1189 4286 ordines
1213 4230 1348 4289 secandae

384 4369 406 4421 t)
419 4367 577 4412 attererent.
590 4375 612 4412 et
625 4367 663 4412 hio
675 4373 698 4413 et
711 4369 734 4414 in
747 4373 895 4427 motinus
916 4375 1002 4432 abique
1021 4375 1150 4434 praeierunt
1168 4375 1346 4425 hierarchia.

306 4437 329 4490 2)
343 4433 384 4478 Ed.
398 4439 431 4480 Pr.
445 4435 529 4480 omittit
543 4435 693 4490 negationem.
