2798 5302
133 509 207 588 Cap.
230 509 276 567 vt.
321 509 364 568 De
385 509 529 569 nativitate
550 509 657 568 domini
680 512 767 569 nostri
789 511 857 571 lesu
881 512 994 572 Christi.
1045 512 1082 572 ti

48 666 113 722 isiiis
132 683 195 723 ease
213 667 315 734 dieitur,
333 671 464 739 prouisum
483 674 540 735 ost,
561 672 630 723 utin
648 685 680 724 ea
697 669 864 726 inchoaretur
881 679 907 728 et
926 671 1019 729 deiude
1037 689 1085 744 per

48 769 249 822 eirnumstantee
269 771 391 844 regiones
410 776 436 823 et
455 769 500 824 aiii
518 769 657 839 praesides
683 751 912 841 prosequerentur.
965 771 1012 829 vet
1031 778 1083 845 pri-

50 883 94 924 ma
111 868 207 923 dieitur
225 869 397 934 universatis,
435 871 497 939 quia
514 870 583 924 ntiae
600 879 802 940 praecesserant
821 873 1002 941 particulares.
1037 873 1085 930 i'et

52 967 123 1022 ierte
141 970 224 1036 prima
241 969 353 1038 sapitum
374 969 400 1020 tn
418 968 524 1022 eirttate
543 969 624 1024 hehet
642 984 660 1023 a
676 969 813 1040 praeside,
852 971 967 1027 seonuda
992 975 1084 1028 eivita-

50 1073 106 1121 ιιι
126 1070 152 1121 ia
173 1068 281 1140 regione
299 1066 421 1139 aiegate
440 1065 579 1135 Caesaris,
616 1071 694 1124 tertia
712 1071 846 1141 regionum
871 1073 898 1124 in
915 1069 979 1127 urire
998 1088 1085 1127 eoram

53 1165 179 1222 Caesare.
213 1164 312 1238 Joseph
331 1172 489 1221 autemeam
509 1174 580 1222 esset
597 1168 631 1224 de
651 1183 749 1240 genere
773 1167 858 1235 David
876 1185 893 1224 a
909 1169 1040 1227 Nasareth
1060 1177 1085 1226 iu

53 1265 188 1321 Betiehen
207 1266 341 1337 proiectus
354 1272 403 1321 eet.
429 1265 491 1322 Cum
509 1272 594 1322 autem
611 1264 705 1323 testae
726 1267 828 1324 hieriae
846 1274 950 1340 tempas
967 1271 1087 1341 pariendi

52 1368 166 1420 instaret
183 1374 209 1420 et
227 1368 284 1436 ipse
304 1365 336 1420 de
357 1381 405 1420 sno
423 1366 508 1421 reditu
527 1368 648 1434 nesciret,
677 1383 733 1423 eam
753 1383 838 1424 serum
857 1373 998 1440 assumpsit
1016 1373 1086 1426 etin

55 1464 189 1520 Betiehern
208 1480 295 1520 seeum
313 1465 401 1532 duait,
425 1464 516 1520 noieus
534 1467 685 1522 thesaurum
704 1467 754 1521 sibi
773 1482 789 1522 a
806 1466 862 1524 lieo
879 1471 1041 1524 commissum
1060 1473 1087 1526 in

55 1566 145 1621 atiena
162 1580 238 1620 manu
257 1563 400 1630 dimittere,
432 1564 479 1620 sed
498 1568 556 1637 ipse
575 1582 622 1636 per
638 1582 668 1621 re
687 1566 778 1620 roieos
795 1567 865 1622 iiinnr
884 1582 948 1623 oure
964 1571 1087 1642 peruigiii

55 1665 197 1719 custodire.
233 1664 294 1719 itum
315 1683 379 1736 ergo
399 1663 532 1720 Betiehem
549 1669 787 1737 appropinquasset
811 1667 824 1736 ζ
831 1674 858 1721 nt
875 1667 959 1724 irater
976 1669 1089 1726 Bartho-

56 1764 176 1819 iomaess
194 1766 221 1817 in
241 1776 289 1817 sua
310 1745 494 1835 enuntiatione
512 1769 632 1830 testatur,
653 1763 728 1820 etde
747 1765 814 1820 iibro
828 1765 957 1825 Iniantiae
971 1769 1089 1826 salrato-

57 1865 95 1917 ris
113 1871 154 1919 est
172 1867 321 1933 sumptura).
343 1863 404 1918 sidit
424 1866 504 1918 beata·
519 1866 596 1936 virgo
614 1869 713 1935 purtem
732 1866 823 1937 popuii
840 1849 1007 1938 gaudentem,
1027 1885 1091 1942 por.

56 1971 108 2019 tem
127 1971 281 2036 gementem.
317 1962 391 2028 Quod
408 1962 459 2018 sibi
477 1961 588 2036 ungriae
606 1979 738 2034 exponens
757 1968 809 2019 ait:
834 1980 897 2036 pars
914 1969 1003 2039 popuii
1023 1984 1090 2042 gau-

56 2063 122 2118 dens
140 2072 182 2118 est
198 2061 311 2135 popuius
323 2064 450 2136 gentiiis,
487 2065 532 2134 qui
555 2065 581 2116 in
600 2066 698 2119 senine
715 2063 839 2120 Abrahae
859 2071 992 2122 aeternam
1010 2067 1090 2125 bene-

57 2163 196 2217 dictionem
216 2165 334 2232 aenipiet.
383 2161 448 2218 Para
465 2168 551 2217 auteur
567 2177 673 2235 gemeus
688 2168 730 2217 eat
746 2165 821 2234 pietro
840 2164 967 2234 Judaioe,
1000 2169 1091 2225 oiieo

57 2263 236 2317 submonitis
262 2261 411 2332 reprobata.
464 2249 528 2317 Cum
551 2263 632 2334 igitur
656 2259 732 2316 ambo
756 2261 890 2319 BetIehem
913 2267 1047 2322 venissent
1066 2275 1092 2323 et

59 2365 122 2432 qnia
141 2375 272 2432 pauperes
291 2369 366 2417 erant
387 2368 414 2417 et
439 2363 503 2433 quin
520 2363 607 2416 omnia
624 2359 740 2434 hospitia
758 2363 820 2430 aiii,
855 2367 899 2436 qui
917 2371 1026 2435 propter
1042 2367 1092 2423 hoo

58 2444 145 2532 ipsum
163 2467 302 2528 uenerant,
321 2469 531 2533 occupaverant,
555 2460 652 2516 nuiiunt
668 2459 808 2534 hospitium
827 2447 925 2520 habero
943 2472 1092 2537 potuerunt,

60 2561 231 2616 deverterunt
247 2577 312 2632 ergo
331 2563 357 2614 in
374 2561 500 2614 communi
517 2564 645 2628 trannin,
676 2563 720 2632 qni
747 2562 795 2630 (ut
812 2562 906 2618 dieitur
924 2566 948 2618 in
968 2564 1093 2636 hystoriis

60 2659 246 2726 Seiroiostieis)
265 2665 322 2715 erat
339 2662 407 2714 inter
423 2658 490 2714 duas
507 2657 615 2724 domos,
642 2662 827 2730 operimentum
847 2661 960 2732 habens,
986 2668 1030 2735 qui
1048 2665 1097 2721 do·-

61 2761 207 2815 uereorium
225 2758 336 2825 dieitur,
372 2759 421 2815 sub
446 2761 585 2838 quoesisse
604 2759 637 2813 ud
655 2759 854 2832 coituqueudnm
875 2763 915 2818 eei
933 2763 966 2818 ad
985 2779 1094 2820 conres-

61 2857 170 2915 eendum
189 2859 214 2911 in
232 2857 324 2914 diebus
345 2861 390 2913 otii
414 2858 456 2914 rei
474 2874 523 2932 pro
549 2861 620 2912 seris
643 2860 795 2930 intemperie
815 2861 994 2918 detestabant.
1046 2863 1096 2920 Uiri

62 2958 132 3014 torte
149 2955 248 3028 ioseph
266 2973 394 3029 praesepe
412 2959 474 3014 hovi
494 2963 521 3014 et
539 2959 614 3012 esino
636 2957 735 3012 [ecerat
753 2958 793 3012 roi
812 2959 950 3016 seeundum
968 2962 1095 3033 quosdam

62 3062 170 3125 matini,
189 3073 246 3112 cuso
262 3056 296 3111 ad
317 3057 399 3112 iorum
418 3057 572 3122 ueniebam,
593 3056 719 3112 animalia
735 3072 784 3113 sua
800 3056 896 3116 ihidem
914 3059 1049 3134 ligabant,
1071 3069 1098 3118 et

62 3160 123 3214 idea
142 3172 270 3229 praesepe
287 3157 323 3212 ihi
341 3163 514 3212 constructum
533 3164 599 3212 eret.
652 3155 714 3228 ipsa
740 3160 821 3232 igitur
844 3165 920 3215 neete
937 3161 1024 3216 media
1044 3162 1095 3217 diei

63 3259 210 3314 dominicae
234 3256 315 3312 heate
338 3259 414 3329 virgo
436 3257 516 3310 ditum
540 3271 615 3311 anum
639 3261 742 3328 peperit
766 3265 792 3314 et
814 3261 840 3313 in
859 3261 999 3331 praesepto
1016 3278 1097 3333 super

64 3339 169 3414 foenum
185 3356 338 3423 reclinavit,
357 3355 427 3427 quod
446 3355 566 3423 tornum,
593 3365 621 3411 nt
639 3355 752 3413 hahetur
769 3361 795 3413 iu
813 3358 938 3430 hystoriis
952 3359 1099 3416 Scholasti-

63 3462 117 3524 oie,
138 3457 217 3512 beato
235 3455 333 3511 iieiena
350 3453 513 3525 postmodum
533 3455 639 3511 homan
658 3457 764 3524 detuitt,
789 3473 805 3512 e
825 3461 900 3529 eujus
921 3457 990 3514 inani
1009 3475 1096 3516 come-

63 3559 152 3611 stione
170 3554 218 3610 hos
238 3561 265 3610 et
282 3557 370 3609 asinus
388 3553 564 3610 abstinebant.
592 3545 594 3550 ’
613 3553 758 3610 Notandum
779 3564 865 3612 autem
883 3558 953 3630 qnod
972 3561 1096 3626 nativitus

63 3655 162 3711 Christi
182 3655 230 3709 init
247 3653 403 3709 mirabiliter
419 3653 499 3720 iacta,
518 3660 570 3708 tum
588 3662 712 3725 exparte
732 3660 894 3728 generantis,
913 3664 966 3714 tunt
978 3673 1010 3713 ex
1021 3665 1097 3730 partu

63 3757 163 3828 geniti,
198 3762 251 3808 tun
269 3769 301 3810 ea
321 3758 397 3824 parte
414 3752 483 3807 modi
502 3753 654 3825 generandi.
690 3753 729 3811 iix
748 3765 823 3826 parte
842 3760 1011 3830 generantis,
1036 3761 1099 3829 quio

64 3857 126 3925 ipsa
148 3854 289 3924 initrirgo
307 3857 487 3924 antepartum
506 3860 532 3908 et
551 3855 626 3926 virgo
646 3860 708 3926 post
727 3859 844 3927 portnm',
876 3862 904 3912 et
920 3855 969 3912 hoe
987 3856 1098 3923 soiiioet,

64 3953 137 4024 qaod
156 3945 232 4026 ¹uirgo
248 3966 353 4007 manens
373 3953 491 4024 peperit,
530 3955 644 4024 quinque
661 3953 744 4008 modis
763 3961 895 4011 ostensum
913 3961 962 4012 est.
1012 3954 1098 4011 Primo
1169 3943 1172 3948 ’

63 4067 114 4124 per
132 4051 296 4123 prophetiam
314 4052 420 4109 Jeeaiae
439 4051 498 4108 vil:
516 4051 577 4107 ecoe
594 4054 670 4123 virgo
687 4055 818 4127 concipiet
836 4061 884 4111 eto.
913 4054 1034 4111 Seoando
1053 4072 1100 4127 per

63 4151 190 4224 figuram:
218 4152 268 4206 hoo
286 4155 352 4209 enim
369 4152 507 4226 figuratum
527 4151 576 4206 init
594 4157 620 4207 et
638 4168 687 4222 per
705 4154 805 4226 virgam
826 4156 930 4223 Aaron,
957 4169 1025 4228 qnae
1043 4158 1100 4210 sine
1161 4218 1164 4225 ,

63 4253 134 4306 erant
152 4250 263 4305 humane
281 4251 367 4307 studio
385 4253 487 4319 duruit,
508 4259 534 4308 et
551 4268 598 4322 per
616 4260 716 4322 portam
735 4251 892 4318 Ezechielis,
913 4271 981 4327 quae
998 4271 1101 4326 semper

63 4351 157 4406 etsusa
175 4353 325 4421 permansit.
362 4350 451 4408 Tertio
472 4367 521 4424 per
536 4351 694 4408 custodiam:
718 4352 818 4424 Joeeph
837 4357 903 4409 enim
922 4371 955 4410 eu
973 4372 1015 4422 eo,
1031 4356 1099 4427 qnod

65 4455 150 4522 ipsam
170 4449 326 4516 custodiuit,
344 4453 419 4507 testis
435 4466 499 4508 auae
517 4453 679 4525 virginitatis
699 4455 807 4509 exstitit.
841 4453 941 4519 Quarto
957 4470 1005 4526 per
1021 4470 1102 4526 espe-
