2866 5310
259 523 333 602 Cap.
349 521 479 583 lxxxi.
522 520 567 583 De
588 535 686 584 sancta
708 521 841 582 Bernaba
863 526 1005 602 apostolo.
1088 518 1150 582 349

115 687 142 736 et
165 682 277 737 animam
299 688 370 738 tuam
392 699 440 753 pro
461 682 564 739 nornine
583 698 641 738 oneo
661 679 803 738 tradidisti.
838 683 901 738 liuor
925 697 991 756 ergo
1008 680 1107 740 Paulus
1123 686 1149 738 et

115 778 251 835 Barnabas
276 781 321 836 diu
345 785 371 837 lo
389 781 530 838 Antiochia
548 783 763 853 praedicassent,
788 782 901 854 angelos
922 796 1028 853 quoque
1052 781 1149 835 domini

113 878 196 934 Paulo
215 883 338 952 apparuit
356 881 462 937 dieena:
484 882 581 938 lustina
598 883 687 938 uenire
705 881 869 948 Jerusalem,
888 883 951 951 qula
968 880 1073 954 quidam
1093 881 1148 936 ira-

112 985 155 1034 ter
178 980 317 1036 adrentum
342 986 412 1036 tnurn
436 980 616 1052 praestolatur
639 981 745 1038 ibidem.
780 981 841 1036 Cum
860 996 926 1052 ergo
944 979 1080 1035 Barnabas
1099 979 1148 1051 Cp-

112 1095 186 1149 prurn
204 1077 283 1136 nollet
299 1095 414 1153 pergere
434 1086 461 1135 et
478 1088 601 1152 parentes
618 1096 682 1136 suos
700 1083 833 1148 inuisere,
853 1080 950 1136 Paulus
967 1086 1052 1134 autom
1070 1078 1147 1136 Jeru-

111 1178 195 1233 salem
216 1165 365 1250 ¹properare
390 1180 485 1247 vellet,
510 1188 601 1236 saneto
624 1182 664 1236 alo
689 1180 833 1252 instigante
859 1181 954 1250 uptun
979 1179 1014 1234 ab
1038 1181 1148 1234 inrioeun

112 1277 303 1335 discesserunt.
338 1277 432 1334 l'erum
450 1296 506 1335 oum
524 1279 622 1336 Paulus
641 1278 795 1349 Barnabae,
819 1280 888 1350 quod
907 1279 960 1334 sibl
979 1279 1084 1334 dixerat
1099 1292 1146 1333 an·

110 1377 205 1450 gelus,
228 1377 387 1450 iudicasset,
410 1378 548 1451 respondit
564 1377 717 1435 Barnabas:
740 1377 786 1434 liat
802 1376 925 1434 uoluntas
944 1377 1057 1442 demini,
1081 1393 1149 1434 uuna

110 1484 196 1533 auten
217 1477 328 1550 cyprum
347 1477 416 1533 rado
434 1486 461 1535 et
479 1478 574 1534 ibidem
594 1481 672 1534 uitam
690 1478 783 1534 finiens
801 1485 827 1534 te
844 1479 956 1549 amplius
974 1493 1026 1532 nou
1042 1476 1148 1533 ridebo.

83 1575 145 1633 'Et
169 1593 224 1632 eurr
250 1577 326 1633 dens·
343 1579 401 1649 ejus
425 1577 538 1650 pedibus
563 1595 593 1636 so
616 1577 750 1634 humiliter
772 1578 918 1643 volutaret,
943 1578 1105 1648 conpatiens
1123 1573 1148 1629 ei

110 1677 208 1734 Paulus
226 1677 307 1732 diruit:
325 1677 380 1732 noll
398 1677 479 1746 llere,
499 1680 563 1750 qaia
578 1681 620 1733 sio
637 1679 734 1734 domini
755 1683 796 1733 est
815 1679 946 1744 uoluntas,
961 1692 1022 1732 nam
1041 1681 1068 1730 et
1085 1673 1148 1729 milri

111 1771 231 1832 dommus
249 1779 276 1831 io
294 1777 346 1831 bae
363 1785 441 1833 nome
459 1779 583 1848 apparuit
601 1778 706 1834 disens:
730 1794 763 1834 ou
781 1777 925 1850 prohibeas
942 1775 1090 1833 barnabam
1108 1776 1149 1830 iro

110 1877 240 1948 Cyprum,
260 1878 321 1949 quia
339 1877 435 1933 nuuitos
455 1877 552 1932 lbiderrr
570 1877 728 1932 illuminabit
746 1885 773 1933 et
788 1879 931 1932 martirium
950 1875 1146 1932 consummabit.

109 1975 229 2048 Pergena
253 1977 336 2048 igitar
359 1974 496 2031 Barnabas
521 1977 632 2047 Cyprum
658 1991 714 2032 eum
738 1975 858 2032 Jolanne
879 1976 1045 2049 euangelium
1061 1976 1147 2028 annoti

109 2073 240 2131 Matthaei
259 2090 346 2130 sonum
364 2074 458 2130 detulit
474 2083 501 2131 et
518 2093 599 2147 super
619 2075 733 2131 tnnrnos
752 2091 852 2146 ponens
871 2074 966 2131 multos
981 2074 1029 2130 Bel
1051 2076 1148 2132 uirtute
1209 2105 1210 2108 =

109 2174 223 2228 sanarit.
259 2172 321 2228 (tun
341 2183 426 2230 autern
445 2173 478 2230 de
497 2175 583 2247 cypro
602 2177 745 2243 exiissent,
772 2177 927 2230 invenerunt
951 2173 1065 2245 Elymum
1091 2187 1144 2228 ma-

109 2289 188 2345 gum,
206 2288 282 2344 quern
298 2271 396 2329 Paulos
415 2275 511 2330 lumine
530 2276 663 2331 oeulomm
681 2275 715 2330 arl
734 2282 835 2346 tenpus
853 2275 1021 2346 privaverat3
1044 2273 1088 2344 qui
1112 2273 1147 2326 liu

72 2393 74 2397 ’
109 2375 209 2427 restitit
225 2378 252 2427 et
270 2371 421 2444 ¹)l’aphum
438 2375 536 2430 intrare
548 2374 690 2444 probibuit.
725 2374 774 2430 Die
787 2375 870 2447 igitur
881 2371 993 2445 quadam
1005 2369 1143 2426 riditBar-

109 2470 193 2526 nabar
210 2470 329 2527 homines
347 2479 374 2528 et
391 2472 513 2529 mulieres
532 2473 615 2529 nudas
633 2482 768 2531 curreutes
793 2480 820 2528 et
844 2474 883 2529 sio
909 2481 959 2528 oua
973 2471 1143 2543 astragum

107 2576 168 2635 tes,
185 2571 254 2626 undo
273 2570 425 2646 indignatus
443 2571 540 2643 templo
559 2574 694 2629 maledixit
712 2583 739 2630 ot
754 2574 842 2630 subito
861 2587 924 2645 para
942 2573 1000 2643 elus
1020 2585 1145 2650 somene

110 2670 205 2726 nultos
225 2674 367 2742 oppressit.
403 2671 521 2728 Tandem
539 2673 697 2729 Salaminam
710 2674 817 2730 deuenit
831 2678 858 2727 ot
871 2673 969 2727 ibidero
980 2677 1073 2726 eontra
1088 2685 1145 2726 eum

108 2769 260 2841 praedictus
272 2783 365 2844 magua
375 2771 530 2828 seditionem
544 2789 594 2828 non
607 2774 734 2829 mudieauu
744 2773 876 2838 excitarit,
894 2769 1146 2842 comprehendentur

108 2873 191 2944 igitur
207 2869 304 2927 ludaei
322 2869 468 2925 Barnabaru
493 2872 583 2927 multia
600 2873 720 2928 adrerum
739 2873 844 2943 anuriir
860 2871 1003 2926 trabebant
1019 2875 1047 2926 ot
1060 2866 1146 2942 Judtet

107 2971 222 3026 olrltatto
233 2969 391 3041 puniendum
410 2971 517 3026 tradere
532 2971 700 3027 destinabant.
737 2971 877 3041 Curnperto
892 2978 995 3036 satem,
1008 2970 1078 3043 quud
1091 2969 1145 3027 Bu·

106 3066 200 3125 sebius
225 3071 266 3124 rir
291 3084 403 3142 magam
427 3075 453 3126 et
477 3071 572 3142 potens
598 3072 632 3128 de
655 3080 756 3145 genera
771 3067 884 3127 lieronlu
902 3070 966 3125 iiloo
983 3069 1145 3134 aduenisset.

105 3171 248 3225 timuerunt
270 3167 377 3235 ludaei,
400 3184 434 3225 ne
451 3169 536 3240 ipsun
559 3169 593 3226 do
615 3169 735 3226 manibus
761 3185 848 3227 eorum
868 3170 984 3240 eriperet
1007 3178 1035 3225 et
1051 3173 1091 3228 uie
1109 3171 1143 3226 li-

105 3266 196 3325 berun
214 3267 290 3324 abire
307 3269 486 3339 permitteret,
511 3269 625 3342 ligantes
650 3271 732 3342 igitur
755 3268 842 3325 lunen
857 3272 884 3324 in
901 3269 971 3324 eollo
990 3271 1049 3343 ejus
1069 3276 1145 3326 entra

105 3380 208 3440 portam
226 3383 283 3424 mm
305 3374 442 3423 traxerunt
460 3373 487 3425 et
504 3368 601 3424 ibidem
623 3385 681 3425 eum
704 3371 823 3439 pretione
848 3369 1055 3425 ooubusserunt
1089 3369 1143 3424 De·

105 3468 185 3538 nique
204 3481 253 3522 nea
270 3467 310 3521 oio
328 3467 399 3538 impll
416 3466 510 3524 ludaei
528 3469 619 3523 satiati
638 3477 704 3523 osea
720 3469 779 3540 ejas
796 3471 831 3526 io
842 3468 956 3541 quodam
976 3483 1041 3524 vase
1058 3469 1142 3539 plum-

104 3566 157 3622 beo
177 3566 341 3622 recluserunt
358 3565 384 3620 in
404 3581 475 3622 marr
494 3565 584 3622 eadem
603 3567 780 3638 praecipitare
796 3568 925 3632 nolentes,
941 3566 1076 3624 lohannes
1094 3583 1141 3623 au-

104 3669 155 3720 tem
176 3664 320 3734 disoipulus
340 3665 399 3736 ejus
418 3681 474 3720 oum
495 3664 598 3720 duobus
615 3663 677 3720 alllr
696 3665 730 3722 de
753 3673 831 3722 noete
855 3681 1018 3738 consurgens
1041 3681 1075 3721 ea
1097 3681 1142 3722 ra·

104 3767 162 3835 pult
185 3767 212 3820 et
235 3766 261 3818 in
286 3762 397 3835 quadam
421 3770 513 3835 crypta
536 3762 637 3819 ouculte
655 3763 793 3833 sepelivit,
818 3781 886 3837 quae
912 3764 1024 3832 ibidem,
1049 3770 1078 3820 ot
1103 3768 1143 3822 ait

104 3861 261 3935 sigbertus.
280 3879 363 3934 nsque
382 3863 415 3916 ad
433 3873 553 3932 tempora
574 3861 689 3917 Zenonis
708 3863 874 3932 inperatoris
893 3870 920 3918 et
938 3863 1036 3921 (irinati
1055 3881 1141 3937 papae

103 3968 131 4017 et
153 3979 238 4034 usque
265 3962 298 4017 ud
323 3979 416 4019 annum
435 3959 573 4017 doninlll
594 3960 744 4024 latuerunt,
773 3962 820 4017 sed
843 3969 904 4017 tuno
926 3965 986 4033 ipso
1009 3966 1142 4022 reuelante

103 4069 210 4132 reperta
242 4061 354 4118 inerant.
390 4061 488 4116 lloatue
514 4059 600 4115 autem
624 4058 775 4115 Borotlreur
804 4062 845 4115 rio
866 4061 917 4115 ait:
952 4061 1090 4119 Barnabae
1115 4066 1140 4118 tu

101 4157 185 4215 lloma
200 4159 330 4215 Christum
350 4161 459 4231 prinum
479 4160 660 4230 praedicauit.
679 4161 819 4228 episeopus
836 4158 982 4216 bledlolani
1000 4161 1114 4244 lautus.s

153 4380 173 4430 l)
185 4382 269 4423 lleeent
283 4378 359 4432 legunt
373 4377 497 4423 Paulam.

521 4507 727 4522 m
