2902 5310
318 458 381 524 ili
540 459 615 542 Cep.
636 460 739 524 CLXI.
780 462 826 524 De
846 470 947 524 raucio
966 462 1131 524 Enstauhic.

316 619 502 682 demonstrari.
535 619 589 678 Sed
606 635 663 678 curn
682 619 835 680 innlliatns
851 622 950 702 inanis,
977 627 1078 680 venian
1104 621 1140 678 ad
1158 629 1184 680 te
1204 629 1231 680 rt
1249 625 1276 679 ln
1296 623 1361 698 gin-

316 723 381 778 riurn
405 720 542 792 pristinum
566 721 703 776 restituam
724 727 768 790 te,
797 721 945 794 licurgo,
978 725 1001 778 si
1026 723 1105 780 mede
1128 725 1294 780 tentationes
1319 725 1362 782 ria

314 821 439 893 accipere
462 825 509 876 ant
532 821 560 874 in
582 819 634 875 fine
655 821 736 884 ritne.
769 819 841 878 llicit
862 823 887 877 ei
912 820 1086 878 Eustachius:
1116 823 1242 890 dunlue.
1269 825 1296 878 sl
1322 824 1361 878 lta

313 917 371 978 ieri
388 921 512 992 opertui,
536 917 615 976 ruedu
635 918 716 976 nubit
733 921 895 976 tentationes
919 919 1044 978 accidere
1058 921 1140 994 jube,
1163 921 1213 978 sed
1233 923 1357 978 uirtute·

313 1021 459 1092 patientiae
482 1017 578 1076 tribue.
614 1017 663 1075 Cui
685 1017 819 1096 dontinus:
843 1025 968 1076 cenetens
992 1025 1066 1089 este,
1094 1023 1158 1095 qnia
1181 1025 1275 1094 vatia
1297 1036 1358 1078 urea

312 1117 446 1176 custudiel
466 1119 567 1174 anirnaa
592 1123 706 1176 resices.
740 1115 838 1190 Siccae
863 1117 983 1175 doninus
1005 1121 1032 1174 in
1050 1120 1151 1175 coeinnn
1170 1119 1315 1176 adsccndit
1331 1125 1357 1177 et

310 1215 470 1274 Buruciine
488 1216 591 1273 dennuni
609 1216 715 1273 rediens
732 1215 798 1276 inco
818 1219 896 1274 uteri
912 1231 977 1273 suae
996 1219 1135 1278 nuntiarit.
1169 1217 1236 1275 Post
1253 1233 1357 1290 panem

311 1318 396 1390 igitur
418 1315 478 1374 dieu
500 1331 571 1373 nuru
591 1316 722 1389 pestilera
738 1323 847 1373 uncum
865 1331 958 1372 aereus
979 1323 1005 1372 cl
1023 1318 1134 1373 ancillas
1151 1319 1238 1390 ipsius
1254 1321 1356 1375 invasit

310 1421 339 1473 et
361 1418 503 1473 uniuersos
521 1415 634 1484 eccldlt;
657 1413 841 1487 deindepost
864 1415 974 1488 niiqnnl
994 1421 1097 1488 ternpus
1120 1433 1213 1473 cnrnes
1240 1423 1304 1492 equi
1328 1424 1355 1477 ei

309 1517 399 1572 cunia
410 1518 469 1587 ejus
481 1531 579 1588 pecore
592 1515 680 1572 rniitu
694 1515 856 1572 interierunt.
888 1514 999 1579 liuidann
1012 1521 1100 1572 nntcnu
1111 1517 1218 1574 scelesti
1232 1521 1293 1590 rins
1305 1518 1353 1576 de·

308 1613 505 1686 praedationem
526 1614 645 1670 ridentes
663 1620 691 1671 ei
703 1630 752 1685 per
766 1621 869 1672 norton
882 1616 909 1674 in
922 1613 1024 1669 dcnrnrn
1036 1617 1096 1687 ejus
1105 1617 1237 1673 irruentes
1246 1625 1352 1687 cuncte,

308 1729 377 1786 anc
388 1719 734 1786 repererrnt,ssperierunt
745 1721 771 1770 ct
782 1711 885 1768 donnus
895 1719 978 1772 tutan
989 1729 1055 1770 earu
1065 1721 1092 1771 et
1103 1721 1217 1788 argente
1228 1724 1256 1771 et
1270 1717 1351 1774 rebus

307 1813 369 1868 aliis
381 1813 531 1884 spelierunt
541 1818 567 1869 et
579 1814 638 1884 ipse
651 1827 708 1869 curn
721 1827 805 1869 ancre
818 1827 868 1869 sne
880 1819 907 1870 et
922 1812 984 1869 illis
997 1816 1101 1886 gratiss
1113 1829 1196 1888 egens
1210 1821 1291 1872 necle
1303 1831 1351 1872 au·

307 1910 378 1983 ingit
390 1911 484 1970 nudus.
504 1911 554 1976 lini
565 1911 687 1968 ruberent
700 1917 822 1968 verentes
833 1911 981 1986 Aegyptum
994 1912 1150 1988 pergebant,
1164 1921 1275 1988 tutaque
1290 1919 1349 1988 elna

305 2012 445 2082 possessio
462 2025 511 2082 per
530 2012 648 2082 repleant
666 2011 793 2068 rnelnrnru
806 2010 841 2066 nd
857 2011 965 2067 nihilum
979 2019 1021 2068 est
1034 2012 1150 2070 reductu.
1184 2011 1242 2070 Rex
1259 2021 1349 2072 auten

303 2116 429 2183 tutusque
445 2117 554 2196 tenatur
573 2125 623 2182 pre
636 2098 765 2184 nugisirn
779 2113 888 2166 niliturn
899 2117 952 2166 inin
965 2117 1071 2182 strenuo
1085 2111 1191 2168 nuituru
1208 2111 1348 2183 iniciant,

304 2226 347 2278 eu,
365 2209 436 2282 quud
449 2210 482 2267 de
493 2225 525 2265 eu
540 2208 639 2264 nulium
656 2201 779 2266 Indicium
799 2212 918 2283 reperire
936 2216 1067 2281 poteraut.
1104 2210 1166 2268 Gntu
1184 2219 1273 2269 auten
1295 2215 1348 2270 iter

303 2316 424 2386 tugerent,
442 2311 720 2382 appropinquaverunt
731 2311 797 2364 sueri
813 2315 840 2365 et
853 2311 1016 2366 invenientes
1027 2325 1120 2366 uarenr
1134 2326 1285 2382 supererat
1296 2328 1345 2368 es·

302 2412 396 2484 rigere
409 2417 562 2482 coeperunt.
595 2406 697 2465 Vident
719 2416 806 2466 euteru
833 2408 954 2465 dominus
976 2410 1052 2465 nauis
1070 2425 1177 2466 uxoren
1194 2407 1344 2483 Eustachii,

302 2523 371 2581 ane
383 2507 498 2579 puicirru
511 2514 584 2566 esset
598 2509 691 2578 nlntn,
709 2510 794 2579 ipsam
813 2508 950 2581 plurinum
965 2507 1069 2566 hahere
1086 2507 1267 2579 desiderarit,
1285 2527 1343 2570 nn·

300 2623 364 2665 veru
381 2608 597 2676 transfretasset,
621 2607 726 2664 nenium
745 2607 780 2663 nb
801 2623 834 2664 eu
857 2606 997 2682 eiigebai,
1023 2624 1075 2664 nen
1093 2606 1255 2665 habentibus
1278 2627 1344 2670 rere

299 2706 365 2776 illis,
384 2707 454 2764 nude
470 2708 613 2775 solverent,
628 2707 711 2779 jussit
727 2724 777 2780 pre
794 2707 874 2764 naulo
892 2708 1004 2765 inuncti
1021 2725 1138 2777 uxoren,
1155 2709 1250 2767 veiens
1268 2713 1343 2769 ilia·

301 2823 391 2867 accurs
411 2805 520 2863 habere.
555 2806 631 2871 Quod
653 2813 684 2862 ui
704 2805 864 2863 Eustachius
888 2807 1009 2878 euticii,
1034 2807 1184 2866 nullatcnus
1208 2815 1342 2870 assentire

298 2905 393 2966 nulrit.
425 2905 477 2964 liin
498 2921 562 2963 rena
583 2921 616 2963 ec
641 2906 839 2964 contradicente
862 2908 948 2963 innuit
968 2905 1090 2963 doninus
1111 2911 1290 2980 sentiendis,
1312 2919 1342 2970 ut

299 3023 357 3066 curu
376 3007 402 3082 in
419 3021 491 3062 reare
508 3008 730 3078 praecipitarent,
751 3012 781 3064 ut
802 3007 843 3063 sie
866 3021 975 3064 utem
999 3021 1072 3062 suurn
1096 3005 1197 3064 iubere
1218 3019 1340 3080 pareest.

298 3105 375 3172 Quod
398 3121 457 3166 curn
477 3102 637 3164 sisennius
658 3107 846 3178 conperisset,
877 3121 985 3162 nnnrenr
1013 3108 1048 3162 iis
1070 3108 1156 3164 tristis
1180 3107 1289 3184 reliquit
1312 3119 1340 3169 et

299 3205 367 3266 duce
388 3205 504 3262 inientes
526 3206 661 3276 accipiens
687 3207 862 3280 ingemiscent
885 3206 942 3263 lint
957 3220 990 3262 sc
1009 3205 1115 3262 diceus:
1136 3207 1204 3264 suein
1227 3209 1293 3266 niii
1311 3220 1339 3270 et

296 3304 386 3374 rubia,
402 3307 468 3378 qnia
479 3310 564 3362 uratur
575 3312 664 3361 restra
678 3305 846 3380 alienigenae
858 3309 953 3366 merita
965 3304 1066 3364 cudite
1077 3311 1126 3367 esi.
1160 3307 1338 3371 Perrenieas-

297 3421 350 3479 que
373 3403 407 3462 ed
432 3402 563 3475 qneudtrtu
587 3403 692 3463 durium
715 3412 827 3478 propter
850 3421 978 3479 aquaram
1003 3403 1190 3462 abundantiam
1218 3425 1270 3464 nun
1295 3417 1338 3467 eei

297 3519 380 3563 autur
397 3519 454 3560 carn
475 3502 578 3559 dnobus
596 3501 657 3562 liliis
674 3504 779 3562 inntnn
798 3507 976 3577 pertransire,
1003 3503 1052 3564 scd
1076 3520 1129 3570 ane
1153 3507 1226 3562 ciret
1250 3510 1337 3580 ripeta

296 3593 411 3662 ¹dunninia
435 3602 528 3661 relicte
552 3600 662 3660 ulterari
684 3603 892 3676 tnenrpertabat
928 3603 980 3668 Qui
1003 3619 1062 3661 cunc
1084 3603 1190 3661 tnntnn
1211 3612 1337 3668 trusse-

296 3703 405 3770 deaset,
428 3701 501 3758 illurn
518 3699 661 3771 inlinient,
684 3718 759 3775 quent
776 3703 960 3776 bajulaverat,
985 3709 1180 3776 superterram
1198 3710 1290 3778 peruit
1310 3717 1338 3768 et

296 3803 332 3860 nd
350 3799 531 3872 recipiendum
548 3801 628 3858 aiinnt
647 3799 789 3859 destinarit
826 3801 888 3858 Cun
906 3809 992 3858 anien
1010 3804 1082 3858 circu
1099 3802 1210 3860 nadiun
1221 3807 1336 3867 flaminis

297 3903 479 3974 peruenisset,
505 3915 568 3958 rure
591 3901 670 3971 inpar
694 3905 812 3960 centullus
835 3905 907 3958 venii
933 3908 960 3962 et
982 3902 1126 3971 iniunietn,
1151 3885 1226 3976 quern
1250 3899 1336 3980 depe-

297 4006 404 4066 sucrut,
427 4001 535 4072 replent
561 4001 587 4053 ln
605 4002 699 4056 slirenn
716 4001 832 4076 aulngii.
867 4001 918 4066 Qui
937 4001 972 4059 de
987 4017 1020 4060 ce
1039 3999 1184 4074 desperans
1202 4005 1337 4065 adalim

297 4099 442 4157 destinarit
478 4097 531 4158 Sed
550 4113 609 4154 cuna
624 4097 729 4169 altirei,
745 4099 789 4160 len
807 4102 880 4158 reuit
896 4107 924 4158 ct
940 4099 1019 4159 niinn
1039 4101 1118 4156 iliani
1137 4106 1243 4175 rapiens
1261 4105 1338 4164 ubiii.

297 4197 371 4256 Unde
389 4214 445 4256 enn
465 4197 592 4272 consequi
609 4215 660 4258 nen
680 4200 781 4267 selene,
801 4214 857 4256 curn
870 4206 943 4259 essct
962 4203 989 4256 in
1006 4201 1091 4259 nediu
1109 4201 1233 4272 duninls,
1250 4210 1340 4278 caepit

298 4298 472 4370 plangerent
490 4298 603 4369 caprilios
622 4283 836 4368 sumeretne,
862 4301 954 4357 solens
976 4317 1007 4360 te
1031 4303 1057 4356 ln
1081 4317 1174 4374 aquen
1194 4307 1337 4378 projieera

299 4399 349 4456 nisi
372 4413 428 4456 ean
453 4396 542 4456 dirinn
561 4398 728 4470 previdentia
745 4401 925 4458 cuntinulssci.
960 4399 1085 4462 Pustcrcr
1103 4411 1198 4474 aulen,
1216 4404 1338 4464 nitentes
