2866 5310
156 485 229 568 Cap.
252 486 343 564 ixit,
382 486 428 548 De
451 487 558 547 letanie
578 487 683 566 majori
703 497 732 548 et
753 485 866 550 minori.
968 485 1030 546 tls

82 659 128 716 pro
151 659 247 720 magne
273 651 300 703 et
318 647 476 719 gravissim
495 644 594 702 morbo.
629 645 739 709 Romani
759 649 826 705 enlm
845 660 901 702 eom
921 645 947 699 in
965 655 1030 716 qna·

82 745 146 800 sima
161 749 325 803 continenter
341 747 470 801 vixissent
488 751 514 801 el
537 746 564 800 ln
582 744 683 816 pesele
698 755 795 818 eorpus
813 744 912 799 domiui
928 745 1032 812 resipe-

84 843 250 915 postmodum
268 845 515 914 nominationibus,
534 842 603 900 ludis
623 851 649 900 et
665 844 787 900 luxuriae
806 842 882 900 ireres
898 840 1034 904 laxabant,

82 959 108 998 tn
135 941 205 999 neus
221 950 382 1016 protensius
405 949 505 1015 pestem
523 945 660 1000 marinam
678 946 705 999 ln
721 958 769 1001 eos
787 944 874 1012 nisit,
898 957 974 1014 quan
993 945 1034 997 iu·

82 1045 143 1098 nam
161 1049 271 1111 ruunt,
289 1043 316 1104 tt
335 1049 378 1102 eet
393 1053 530 1115 apostema
547 1045 605 1100 slve
623 1043 806 1099 lnlrtnrsnin
817 1044 933 1115 inguine.
967 1039 1033 1098 ‘lam

94 1149 182 1198 autem
200 1143 247 1199 illu
265 1145 349 1214 pestis
368 1142 432 1206 luit,
455 1149 484 1198 ut
499 1141 619 1199 homines
637 1147 665 1200 iu
684 1147 741 1211 vis,
764 1145 791 1199 ln
809 1157 915 1209 mense,
941 1143 968 1195 in
992 1139 1034 1196 ln-

82 1260 102 1298 n
120 1243 260 1315 eollopnlls
281 1243 370 1298 subito
388 1250 565 1310 morerentur,
582 1247 620 1299 ite
639 1243 725 1315 quel,
745 1257 801 1299 osni
821 1243 931 1316 aliquis,
946 1246 975 1296 ui
992 1241 1035 1296 rli-

89 1341 267 1409 sternntebst,
285 1355 368 1414 saepe
385 1357 442 1398 eum
461 1343 521 1414 ipss
539 1344 732 1398 sternutatione
748 1344 869 1413 spirltum
882 1340 1033 1398 esbalabet.

97 1459 156 1499 eum
174 1442 272 1514 aliquis
290 1441 404 1512 aliquem
424 1447 611 1498 sternutantem
625 1440 758 1510 audiebat,
778 1445 866 1498 stetin
882 1455 1036 1508 aeeurrens:

82 1550 107 1598 te
121 1541 240 1613 adjuvet,
260 1539 433 1609 arelemebai,
452 1547 479 1596 et
498 1541 653 1609 alienent
671 1540 768 1609 dieunt,
786 1541 872 1600 uino
890 1539 956 1597 haee
972 1555 1030 1597 eon·

82 1641 109 1697 lo
125 1645 261 1709 sensim,
278 1646 322 1710 ut,
341 1655 398 1698 eum
418 1641 531 1714 aliquem
548 1647 736 1697 sternutanten
762 1643 896 1710 eudimus,
919 1641 992 1698 Deus
1012 1648 1038 1698 te

82 1749 121 1810 et,
144 1740 328 1798 reclamemus.
362 1741 479 1809 Remus,
510 1749 539 1798 nt
565 1742 665 1809 lentur,
697 1757 754 1796 nun
775 1742 871 1814 uliquis
896 1741 1038 1808 oscitabat,

82 1849 152 1900 enter
169 1844 294 1898 eonilnuo
311 1847 339 1897 et
356 1843 444 1898 nubilo
463 1845 582 1914 spiritum
597 1841 741 1909 emittebat
775 1841 849 1897 llnle
866 1857 922 1897 eurr
942 1841 1039 1914 aliquis

81 1943 118 2000 ile
136 1945 256 1998 ostsitere¹
268 1941 417 2009 sentiebat,
442 1944 565 1997 eontlnuo
588 1945 690 2014 signnm
716 1942 801 1998 erneis
820 1940 872 1998 sibi
890 1943 1045 2013 imprimere

82 2043 159 2109 nbat,
177 2046 204 2098 et
221 2040 289 2096 baeu
306 2041 469 2098 consuetudo
487 2043 610 2098 similiter
626 2041 939 2114 usquemodoservatur.
969 2039 1040 2098 liaeo

82 2171 83 2197 t
104 2144 189 2215 pestis
208 2142 323 2214 quaiiter
340 2147 424 2198 ortum
442 2141 580 2209 babuerit,
600 2145 626 2198 in
645 2144 699 2197 rita
718 2144 803 2198 saneti
822 2140 944 2216 Gregorii
961 2159 1037 2215 repe·

108 2241 230 2298 Seeuntlo
253 2241 350 2297 dieitur
370 2243 508 2314 processio
532 2243 693 2314 septilormis
721 2257 753 2298 ex
778 2259 826 2310 eo,
851 2242 921 2316 quoni
946 2242 1041 2300 beatus

82 2344 150 2399 orius
171 2343 374 2412 processiones,
399 2357 466 2415 ques
492 2349 554 2399 tune
573 2342 706 2411 laolebei,
736 2359 784 2415 per
810 2349 910 2414 septem
934 2343 1041 2400 ordines

82 2442 172 2500 nebat:
198 2455 258 2496 naus
282 2443 310 2497 ln
332 2444 417 2515 primo
443 2443 536 2500 ordine
561 2449 619 2501 erai
642 2446 725 2500 omnis
743 2442 848 2510 olenus,
871 2445 900 2499 ln
924 2442 1041 2499 seeundo

82 2561 90 2598 s
116 2539 238 2599 monaehi
264 2547 291 2598 el
314 2542 453 2616 religiosi,
486 2545 514 2598 ln
537 2547 616 2601 terlio
642 2544 870 2610 sanctimoniales,
896 2543 923 2598 iu
948 2550 1041 2615 quens

82 2660 91 2700 s
110 2641 242 2710 inientes,
266 2643 295 2697 ln
317 2644 407 2715 quinto
433 2661 523 2702 omnes
547 2645 631 2717 layci,
654 2646 680 2700 ln
699 2649 776 2701 sesto
794 2659 884 2699 omues
901 2642 997 2698 viduae
1015 2647 1042 2699 ei

81 2751 179 2812 rentes,
204 2747 231 2799 in
255 2744 368 2814 septimo
392 2761 482 2801 omnies
508 2746 688 2817 ¹)eonjugeil.
723 2744 776 2801 Setl
801 2743 873 2818 quod
897 2743 974 2798 morlo
989 2758 1042 2798 non

82 2859 142 2900 tuus
161 2845 188 2898 in
207 2858 314 2900 nnneto
331 2859 521 2916 personarum,
539 2845 691 2918 supplemus
709 2847 735 2900 in
752 2861 860 2902 numero
877 2845 1042 2908 letaniarum,

87 2945 190 3016 septies
213 2943 267 2999 ‹lloi
292 2943 404 3015 debent,
437 2951 575 3018 antequam
599 2949 716 3020 insignis
739 2944 912 3017 deponantur.
948 2943 1042 2999 'loriio

82 3051 234 3100 turenses
252 3045 356 3117 nigrae,
376 3047 497 3118 moniam
516 3049 543 3102 ln
560 3049 663 3120 signum
681 3047 810 3102 moeroris
827 3050 1044 3118 extantestrnge

81 3161 134 3201 snm
158 3150 185 3200 et
209 3145 236 3198 lu
252 3145 356 3217 siguum
376 3147 555 3218 poenitenliae
570 3145 688 3204 homines
707 3147 793 3220 nigris
811 3145 931 3202 restibus
951 3142 1044 3200 mitte·

85 3262 110 3312 r,
136 3251 164 3302 et
188 3243 259 3300 iorte
284 3253 395 3317 propter
420 3247 529 3302 eandem
557 3261 661 3303 esuum
687 3261 779 3304 eruees
796 3252 824 3303 et
843 3247 940 3312 altaris
957 3247 1044 3302 saeris

82 3346 115 3400 sis
139 3343 272 3402 velabant.
308 3344 431 3403 llomlnes
455 3349 536 3403 etiam
560 3345 651 3405 llrleles
667 3353 757 3403 restes
773 3345 977 3418 poenitentiales
996 3346 1044 3404 sle-

88 3461 233 3502 asssnrere.
269 3444 332 3502 tite
355 3454 442 3503 autem
466 3448 563 3503 rlieltur
585 3446 683 3504 letanie
699 3449 799 3514 minor,
828 3463 898 3519 qaae
914 3445 1044 3504 itiribut
1094 3449 1097 3454 '

83 3560 98 3599 s
127 3552 190 3600 mute
219 3545 438 3615 adsensionem,
470 3563 549 3620 quam
578 3548 673 3605 beatus
703 3549 874 3607 blummerius
903 3551 1046 3620 episeopus

82 3646 162 3700 tensis
186 3651 304 3718 tempore
332 3647 431 3706 Leonis
457 3651 641 3721 inperatoris,
671 3651 715 3720 qul
742 3651 840 3721 eoepit·
854 3663 923 3705 snuo
947 3648 1047 3704 domiui

82 3743 172 3800 :lviii
190 3753 251 3802 ante
268 3749 459 3805 institutionem
478 3749 579 3820 primae
598 3749 728 3814 instituit,
746 3742 816 3820 quae
834 3748 931 3804 dieitur
947 3745 1048 3804 letanie

82 3861 106 3910 r,
130 3849 284 3918 rogationes
312 3855 338 3904 et
360 3851 507 3920 processio.
544 3849 645 3906 [linitur
669 3855 755 3905 eutem
781 3848 882 3904 letania
902 3847 989 3903 missor
1011 3847 1045 3903 aul

83 3947 179 4001 entiam
200 3949 313 4019 prinae,
332 3949 394 4021 quia
411 3948 513 4006 sollieet
532 3951 653 4005 instituta
671 3953 713 4004 est
730 3963 748 4004 s
764 3949 858 4004 minori
875 3950 1002 4020 episeopo
1020 3949 1046 4003 in

82 4047 96 4099 ·l
115 4047 175 4102 loeo
194 4054 221 4102 et
238 4031 287 4120 pro
303 4049 395 4104 minori
414 4044 514 4107 morbo.
550 4049 638 4105 Carsu
660 4053 747 4104 autem
770 4049 943 4104 institutionis
968 4047 1046 4120 bojas

92 4146 149 4203 leit
183 4145 258 4204 Tune
284 4151 351 4206 enlm
375 4147 446 4219 sputi
465 4147 590 4206 llleuuan
615 4149 767 4222 irequentes
790 4154 818 4204 et
838 4150 943 4204 usnimi
957 4155 1047 4205 terrae

82 4263 90 4300 ι
115 4243 230 4318 lebant,
265 4263 334 4320 qnae
362 4248 455 4305 donnus
486 4256 514 4314 et
542 4249 670 4309 ¹ecelesias
697 4248 824 4322 plurimas
848 4247 1046 4320 subtertebsnt,

91 4467 133 4514 lid.
146 4471 180 4514 er.
192 4479 311 4525 perperam
326 4469 393 4527 eonj
402 4475 508 4522 ussine
522 4467 584 4524 leoli.
