2984 5316
267 488 342 570 Cap.
365 487 426 548 Cll.
467 487 513 550 Ds
537 487 642 548 sanctis
661 485 788 546 Nazario
809 495 838 546 et
859 483 958 544 Celso.
1074 479 1135 548 441

97 652 187 706 slvere
204 650 332 721 permiste
366 647 447 707 lusan
465 650 548 722 igitur
563 648 731 718 imperatoris
748 644 844 701 milites
862 642 1001 700 linearium
1020 643 1139 702 calcibus

96 749 237 806 tundentes
260 754 288 807 et
312 764 420 820 puerum
442 748 614 804 uerberantes
640 747 674 803 de
699 761 805 802 carcere
829 731 975 801 eduxerunt
998 750 1026 798 et
1051 759 1139 799 eoram

97 853 258 920 imperatore
277 853 435 904 statuerunt.
469 847 569 908 Videas
589 853 676 902 auum
692 844 763 903 Nero
781 844 875 901 dautem
894 845 953 915 ejus
970 845 1056 900 instar
1073 843 1140 900 totis

99 964 129 1004 se
152 947 321 1020 phantastice
341 947 431 1004 deludi
455 950 559 1020 putarit
581 954 607 1003 et
630 953 659 1003 ut
676 947 793 1019 magicas
812 951 884 1000 umes
902 942 1062 1014 deponeret,
1087 942 1141 998 sibl

100 1047 168 1104 dixit
192 1063 223 1103 ae
246 1053 276 1103 ut
297 1047 356 1104 Illis
379 1048 540 1115 lmmolaret,
569 1048 714 1119 praecepit.
749 1045 847 1102 Ductus
874 1059 940 1114 ergo
959 1041 1088 1100 Nazarlus
1106 1042 1142 1098 sd

100 1149 222 1220 templum
240 1151 360 1221 rogauit,
385 1156 415 1204 ut
431 1165 521 1205 omnes
539 1137 660 1212 exirent,
684 1152 712 1203 et
730 1149 769 1201 sic
792 1161 824 1201 eo
847 1148 940 1200 orante
957 1143 1044 1198 omnia
1061 1141 1144 1214 pocta

101 1256 161 1304 sunt
178 1248 322 1304 contracta
358 1247 434 1312 Quod
458 1249 569 1304 audiens
593 1244 664 1302 Nero
682 1247 766 1316 tussit
789 1261 846 1302 enm
872 1245 900 1298 in
919 1257 991 1298 nare
1009 1244 1144 1314 praecipt-

101 1351 169 1416 tari,
191 1350 376 1420 praecipiens,
400 1355 442 1416 ut,
474 1351 498 1404 si
524 1347 594 1403 torte
618 1346 758 1414 erederet,
782 1347 867 1417 ipsum
893 1347 1062 1414 insequentes
1086 1345 1143 1415 igni
1221 1368 1243 1393 -,

101 1448 285 1504 comburerent
302 1454 329 1504 et
345 1447 480 1518 puluerem
499 1449 558 1520 ejus
576 1449 601 1501 tn
621 1461 692 1502 mare
708 1446 879 1517 projicerent.
913 1445 1044 1501 Nazarius
1063 1445 1146 1516 igitur

104 1555 132 1606 et
148 1565 214 1620 puer
231 1549 324 1604 Celsus
341 1549 404 1604 uari
420 1552 588 1620 imponuntur
611 1553 638 1602 et
661 1548 688 1600 iu
704 1545 816 1600 medium
834 1543 947 1618 pelagus
965 1542 1090 1615 producti
1106 1543 1145 1599 ibt

103 1651 322 1720 praecipitantur,
345 1648 393 1702 sed
417 1650 506 1704 statim
531 1649 602 1702 eirca
625 1661 717 1702 navens
737 1651 881 1716 tempestas
898 1647 1010 1700 unanima
1027 1647 1145 1701 concita-

103 1755 146 1804 tur
174 1755 201 1804 et
229 1750 300 1803 circa
327 1754 435 1801 sanctos
465 1747 644 1818 tranquillitas
671 1747 785 1801 maxima
808 1745 931 1801 cernitur.
968 1745 1084 1819 Cumque
1107 1747 1146 1801 illi

105 1846 251 1921 periclitari
269 1848 391 1902 timerent
407 1846 593 1913 etmalorum,
611 1861 680 1918 qnae
697 1847 725 1900 ln
742 1850 849 1900 sandes
868 1845 1061 1913 commiserunt,
1079 1837 1146 1918 poe·

104 1951 227 2014 niterent,
248 1962 309 2002 ecce
326 1945 454 2001 Nazarius
471 1963 528 2001 cum
546 1961 629 2017 puero
648 1945 726 2003 Celso
750 1961 832 2016 super
849 1960 933 2017 aquas
950 1925 1088 2002 ambulans
1106 1947 1148 2001 lui-

105 2049 156 2103 tart
180 2047 252 2102 uultu
277 2047 369 2103 iisdem
392 2048 517 2116 apparuit
540 2060 573 2100 ae
598 2061 678 2116 super
702 2060 794 2100 murem
813 2045 992 2101 conscendens
1010 2049 1077 2117 ipsis
1091 2049 1147 2120 janu

108 2147 276 2204 credentibus
294 2149 415 2202 oratione
441 2161 491 2202 sua
513 2161 585 2200 mare
609 2146 725 2217 placauit
749 2161 782 2200 ac
807 2145 868 2204 inde
885 2161 942 2200 cum
960 2149 993 2201 iis
1011 2146 1045 2201 ad
1063 2147 1147 2204 locum

107 2261 156 2318 per
175 2261 271 2318 passus
288 2245 332 2302 tte
347 2248 426 2319 Juxta
443 2245 534 2302 urbem
560 2244 718 2302 anusnsem
742 2248 870 2316 persenit.
904 2244 954 2301 Ubi
974 2261 1030 2302 cum
1050 2247 1149 2304 diutius

107 2346 304 2419 praedicasset,
322 2345 503 2403 Mediolanum
521 2344 643 2412 tandem,
659 2345 706 2401 ubi
726 2343 879 2400 Gereonium
898 2353 924 2402 et
940 2345 1087 2404 Protesium
1106 2365 1150 2406 re-

107 2446 239 2519 liqueret,
269 2449 349 2502 venit.
386 2445 463 2509 Quod
490 2461 547 2502 oum
570 2445 700 2502 declinus
723 2445 874 2516 praetentus
901 2445 1062 2516 audivisset,
1092 2465 1150 2506 eum
1213 2483 1214 2486 =

107 2554 258 2605 remanente
283 2545 362 2602 Celso
389 2547 415 2600 ln
440 2545 517 2601 domo
530 2589 531 2594 1
544 2545 681 2618 cujusdam
699 2551 835 2601 matronae
860 2547 887 2600 in
906 2547 1024 2603 exsilium
1044 2547 1150 2618 direxit,

108 2648 237 2704 Nanneius
255 2663 318 2703 reru
336 2645 443 2702 Romam
458 2649 564 2702 veniens
584 2653 611 2701 et
626 2653 727 2718 patrem
752 2663 826 2701 suum
845 2649 901 2719 jam
922 2663 1010 2703 senem
1034 2657 1061 2705 et
1078 2650 1150 2705 olri-

109 2751 222 2804 stianum
242 2749 386 2814 inveniens,
404 2745 535 2819 quomodo
555 2761 699 2801 conversus
718 2746 806 2815 luerit,
825 2749 972 2819 inquisivit.
1008 2749 1058 2804 (lut
1075 2748 1152 2820 dixit,
1171 2737 1174 2743 ’

110 2847 258 2919 apostolum
275 2845 380 2903 Petrum
397 2847 449 2901 sibl
474 2849 632 2919 apparuisse
653 2853 679 2902 et
701 2854 730 2902 ut
751 2847 942 2918 praecedentes
967 2847 1001 2903 sd
1020 2848 1152 2907 Clurlstnm

110 2964 218 3004 uxorem
236 2953 264 3003 et
279 2945 359 3002 filium
377 2955 541 3019 sequeretur,
560 2946 737 3004 admonuisse.
772 2946 873 3004 lleinde
887 2962 904 3004 a
917 2945 1071 3020 templorum
1086 2967 1154 3022 pon·

109 3046 224 3103 tlicllsus
242 3045 277 3102 ad
294 3046 384 3102 urbem
402 3045 596 3116 llledlolanunr,
613 3048 683 3104 unde
700 3045 807 3102 Romam
825 3050 922 3104 mlssus
940 3047 1042 3117 luerat,
1066 3052 1155 3109 redire

112 3164 169 3205 cum
188 3149 286 3221 injurla
301 3145 382 3202 multa
399 3147 580 3218 compellitor,
600 3145 644 3203 ului
664 3161 721 3202 cum
739 3163 822 3218 puero
841 3147 919 3204 Celso
937 3151 1056 3222 praesidi
1074 3167 1154 3223 prae-

112 3257 239 3306 sentatur.
275 3247 326 3312 Qui
344 3247 455 3303 eductus
476 3254 552 3304 extra
569 3255 671 3320 portam
689 3247 831 3305 Romanam
849 3249 876 3303 in
894 3248 968 3318 loco,
994 3253 1040 3323 qul
1060 3250 1158 3308 dlottur

113 3348 183 3406 Tres
201 3347 287 3417 Muri,
306 3363 363 3404 curu
382 3363 464 3420 puero
484 3349 562 3405 celso
582 3347 730 3404 decollatus
748 3354 798 3404 est.
834 3347 947 3412 Quorum
968 3365 1083 3423 corpora
1100 3369 1157 3409 num

114 3449 254 3507 christianl
276 3450 427 3520 rapulssent
452 3455 479 3506 et
505 3451 532 3504 lu
557 3447 643 3505 lrortls
666 3450 722 3504 suis
740 3448 934 3519 collocassent,
958 3453 985 3507 ln
1003 3453 1064 3523 ipsa
1080 3461 1158 3510 nocte

113 3551 199 3608 sancti
216 3549 330 3618 eutdam,
348 3550 453 3606 nomine
471 3549 588 3617 Ceratis,
606 3555 765 3621 apparentes
783 3548 921 3616 dixerunt,
943 3558 972 3606 ut
990 3567 1079 3608 eorum
1096 3568 1157 3610 cor·
1194 3595 1195 3599 ,

114 3666 182 3724 pora
204 3653 231 3706 ln
253 3649 332 3706 domo
354 3664 404 3706 sus
430 3655 541 3722 propter
562 3647 692 3706 Neronem
713 3647 869 3720 protundtus
886 3650 1022 3722 sepeliret
1058 3652 1158 3717 (lusibus

114 3752 174 3808 llle:
192 3765 308 3824 quaeso,
331 3749 447 3816 donini,
467 3754 561 3807 sanate
578 3751 653 3821 prius
673 3747 753 3804 tiliam
772 3763 857 3806 meam
876 3749 1050 3822 paraliticasr.
1086 3751 1159 3816 Quae

115 3867 171 3908 oum
190 3851 313 3907 continuo
333 3855 429 3906 sanata
447 3848 558 3918 lulsset,
583 3863 698 3921 eorpcrs
714 3864 804 3905 eorum
822 3848 885 3906 tullt
903 3857 945 3920 et,
971 3857 1001 3908 ut
1011 3852 1159 3923 jusserant,

116 3950 249 4023 sepellutt
282 3949 347 4007 Post
363 3949 471 4023 lengum
489 3965 552 4006 sero
568 3954 672 4020 tenpus
695 3948 816 4006 dominus
838 3964 954 4024 corpora
969 3967 1060 4008 eorum
1077 3952 1160 4009 lreuto

117 4049 258 4110 Ambrosio
275 4049 417 4118 revelarit,
436 4049 541 4106 Celsum
558 4065 621 4106 rere
640 4049 668 4105 ln
683 4048 743 4106 loeo
761 4066 809 4106 suo
827 4049 994 4124 reltnqurat.
1020 4049 1160 4111 Nassum

118 4167 175 4208 cnm
193 4151 324 4224 sanguine
342 4151 443 4222 receuti
468 4152 545 4222 quast
569 4148 661 4206 eadem
679 4148 746 4212 liora
763 4152 901 4224 sepultum,
919 4155 985 4208 miro
1003 4150 1087 4209 odore
1105 4154 1161 4211 lra-

118 4257 249 4325 grantem,
274 4251 406 4323 integrum
423 4255 455 4306 et·
466 4252 644 4322 incorruptum
669 4266 727 4306 cum
753 4251 857 4322 capillis
875 4258 903 4308 et
920 4251 1005 4309 bmba
1023 4256 1161 4325 roperlens

119 4353 204 4423 ipsum
228 4349 261 4406 sd
288 4349 427 4426 ecelesiam
445 4349 625 4421 apostolorum
642 4350 778 4407 transtullt
799 4357 826 4408 et
843 4350 880 4408 tur
898 4350 1044 4410 honorldoe
1062 4355 1162 4428 sepeli·

119 4454 166 4508 stt.
201 4450 278 4509 Pssst
291 4457 362 4507 sant
384 4455 470 4508 auten
488 4450 537 4507 sub
554 4448 675 4522 Nerone,
702 4452 747 4526 qul
769 4453 858 4526 coepit
875 4455 946 4512 circa
963 4466 1048 4511 sanes
1063 4453 1163 4513 domini
