2866 5310
235 469 307 549 (Ἀρ.
328 467 433 528 Lx111.
474 467 520 528 De
540 475 639 526 canoto
661 465 747 528 Petro
777 468 902 528 martire.
1028 466 1088 532 287

51 633 142 686 :inere
164 625 241 684 redde
266 631 371 699 coepit,
406 645 440 685 ne
465 631 493 685 in
518 629 633 700 injuncto
658 641 778 682 cernone
802 624 856 680 cibi
880 623 1012 688 deiiceret.
1046 627 1088 686 nd

51 731 132 784 teneti
157 729 241 800 igitur
260 728 333 786 Petri
356 743 499 787 cennerens
524 727 654 800 sudregie
674 725 708 782 ed
728 725 813 781 nitere
829 727 913 796 ipsine
931 743 988 782 curn
1006 727 1088 784 dero-

51 831 118 886 ione
136 829 253 884 necessit
270 843 365 894 orans,
388 836 417 884 ut
436 830 493 898 ejus
511 829 611 882 neritis
628 829 779 898 juraretur,
803 828 879 898 cnjus
897 826 1011 882 debebat
1026 827 1087 899 gio·
1128 813 1132 820 ¹

51 931 111 984 rionr
136 928 309 1000 praedicere,
335 931 426 1000 sieque
446 927 541 982 sectere
562 931 619 993 est,
638 925 708 998 qnod
726 925 773 982 tile
791 934 869 981 nocto
883 924 965 982 tetris
984 929 1088 996 penitus

51 1031 161 1083 cesant
186 1035 212 1084 ct
236 1036 330 1099 postea
355 1043 485 1099 nunqunnr
516 1042 572 1080 enrn
598 1027 702 1082 iterasti.
721 1057 754 1066 -
771 1056 805 1068 -
821 1056 855 1066 --
889 1030 945 1084 u.
964 1025 1089 1082 Matrona

51 1128 177 1200 praedam
202 1132 305 1182 nominc
329 1125 439 1183 (iiroide
466 1141 533 1181 uxor
554 1124 646 1181 iacobi
665 1125 699 1180 de
717 1124 860 1181 Veldeeene
876 1141 932 1180 cner
952 1143 999 1196 per
1016 1125 1088 1182 dedd

51 1243 128 1282 renos
155 1227 189 1282 ab
218 1225 354 1282 iminundis
381 1225 520 1296 spiritibus
546 1223 642 1278 inisset
665 1225 793 1291 obsessa,
818 1227 889 1279 venit
905 1225 939 1280 nd
959 1225 1087 1298 quendem

51 1327 210 1383 ncerdotern
230 1325 333 1383 dicens:
354 1343 406 1398 ego
425 1341 481 1381 enm
501 1324 673 1380 deenoninee
691 1331 718 1380 et
735 1325 844 1396 spiritns
861 1323 991 1396 malignes
1010 1333 1089 1381 vexet

51 1445 94 1483 ne.
129 1425 196 1482 litor
217 1425 344 1482 sacerdos
369 1428 479 1482 territos
500 1424 606 1497 fugiens
634 1426 782 1480 sacristiam
807 1425 915 1478 intrarit
939 1430 966 1480 et
992 1424 1086 1480 iibrnnr

51 1526 191 1599 pnendnu,
209 1529 236 1580 in
254 1541 305 1596 qno
324 1531 399 1581 ernnt
415 1527 611 1595 conjurationes
629 1524 799 1590 daemonnm,
819 1523 957 1580 eisteten
974 1524 1089 1582 latenter

51 1627 93 1682 inb
115 1640 205 1698 cappa
231 1625 354 1681 deterens
371 1641 428 1681 cnm
452 1624 524 1680 bene
542 1625 670 1680 societate
687 1621 721 1678 nd
739 1624 872 1680 mntierern
898 1624 991 1692 rediit,
1018 1640 1087 1697 qnae

51 1742 118 1792 nox,
137 1731 167 1780 nt
184 1723 266 1792 vidit,
283 1727 335 1780 nit:
353 1725 423 1780 intre
441 1725 570 1796 poenino,
589 1739 640 1794 qne
658 1723 752 1778 iriitii
788 1722 856 1787 nord
874 1729 930 1792 eet,
949 1723 1019 1796 qnod
1037 1725 1087 1780 tub

51 1839 132 1897 cappe
148 1825 250 1882 cernite
267 1827 402 1896 porteetit
435 1824 498 1880 (iun
516 1830 601 1879 entem
619 1819 947 1894 cacerdee'ndjoretiones
963 1835 1026 1880 enac
1045 1824 1087 1879 te-

51 1931 117 1980 aeret
136 1929 163 1979 et
183 1925 220 1979 nid
238 1925 383 1980 curationis
402 1923 528 1989 afferret,
552 1925 624 1979 venit
642 1922 689 1977 itte
707 1922 741 1978 ad
758 1921 863 1977 benten
879 1921 1000 1989 Petreio,
1026 1921 1086 1978 dnn

51 2024 135 2078 mnne
151 2027 268 2086 vireret.
294 2023 328 2078 eir
346 2039 379 2080 eo
398 2021 536 2094 postulans
554 2022 684 2094 edJ'nreri.
720 2020 768 2078 Gni
786 2021 832 2078 iiie
849 2021 1006 2094 prophetice
1023 2037 1087 2078 roco

51 2121 198 2193 espendit:
217 2121 335 2190 confide,
354 2121 428 2192 iidie,
452 2137 485 2176 ne
511 2122 654 2193 desperes,
681 2123 743 2194 quie
760 2129 787 2178 et
804 2124 844 2190 et,
870 2121 938 2194 qnod
956 2123 1087 2193 postulet,

51 2222 80 2278 td
106 2239 234 2294 praesens
258 2221 384 2293 perticere
409 2219 575 2288 nanneten,
602 2223 705 2292 tenpus
732 2228 820 2277 tamen
843 2224 944 2288 reniet,
969 2238 1022 2294 qno
1049 2220 1086 2289 td,

51 2322 118 2394 pond
144 2337 161 2376 n
186 2338 226 2378 rne
253 2325 339 2393 petis,
365 2323 484 2393 pieneric
512 2320 652 2377 obtinebis.
689 2321 763 2385 Quod
782 2321 919 2378 etinctum
939 2328 987 2377 eet,
1021 2319 1086 2376 Nero

51 2429 106 2476 root
123 2423 273 2492 passionen
291 2422 365 2493 eje,
386 2436 442 2478 eone
461 2421 494 2476 nd
514 2421 680 2492 sepulchrum
700 2423 758 2492 ejus
776 2421 912 2492 proedicto
931 2423 1023 2478 rnniier
1041 2436 1086 2476 ne·

51 2523 183 2588 metuet,
204 2521 237 2576 eir
257 2520 304 2576 itte
313 2521 485 2578 intestatione
496 2521 650 2576 daemonnm
665 2521 715 2576 init
728 2524 833 2592 penitus
844 2521 1086 2576 liberate.—--

51 2626 99 2680 1⁵·
129 2619 229 2677 Mulier
253 2622 381 2693 quaeda·
401 2623 505 2676 nornine
523 2618 669 2691 Eupienrie
685 2620 718 2676 de
737 2621 796 2676 deco
816 2622 963 2694 Corriongo
981 2621 1087 2678 Medio·

54 2723 164 2776 enensic
181 2721 304 2792 dyocesin
323 2727 423 2792 septen
442 2723 517 2776 ennie
536 2736 552 2775 n
571 2719 742 2776 daemonibus
761 2727 802 2776 est
819 2729 931 2787 renate,
956 2721 1004 2776 sed
1029 2737 1087 2775 curn

51 2820 78 2874 nd
98 2819 266 2892 repuiehrnrn
285 2823 369 2876 teneti
387 2820 458 2875 ,Petri
475 2820 555 2876 dueta
574 2821 685 2883 inisset,
708 2829 852 2892 cooperunt
869 2821 1011 2876 daemones
1030 2835 1086 2876 enrn

51 2919 159 2992 rupitne
181 2921 287 2992 egidore
312 2925 339 2975 ct
357 2935 405 2991 per
423 2936 454 2975 ee
472 2922 530 2989 ejus
554 2923 654 2975 cunctis
680 2921 847 2976 audientibus
872 2920 1002 2975 ctenere:
1027 2919 1086 2976 itte·

51 3021 128 3089 iete‚
152 3019 285 3087 dieriotn,
313 3017 435 3088 Petrine‚
459 3019 574 3076 Petrine.
611 3019 686 3076 'donc
713 3019 854 3076 doemones
880 3028 1005 3078 exeuntes
1029 3036 1085 3077 enm

51 3122 123 3191 penei
146 3126 273 3175 nortnern
298 3119 468 3188 dimiserunt,
493 3119 541 3176 sed
569 3119 697 3175 medionon
722 3126 784 3191 poet
807 3121 866 3175 dnn
890 3119 970 3191 piene
991 3128 1087 3177 eonem

51 3219 109 3286 init,
128 3222 251 3275 surrexit.
285 3218 434 3276 deserebat
453 3227 556 3286 nutem,
584 3217 654 3292 qnod
673 3219 768 3276 diebos
787 3219 922 3276 dominicis
940 3227 967 3277 et
982 3220 1086 3277 destinis

51 3326 72 3375 et
89 3321 214 3384 erantne,
233 3318 339 3390 quondo
357 3321 439 3375 nisse
455 3319 650 3388 celebrabatur,
668 3335 724 3377 een
743 3320 884 3378 doemones
902 3321 1014 3391 omnlino
1030 3337 1087 3376 rno-

51 3421 186 3474 ettetrnnt.
198 3449 232 3458 -·
244 3449 277 3459 -
290 3449 323 3460 -
339 3424 398 3479 ιθ.
416 3418 550 3482 Qneednm
566 3420 660 3474 multer
675 3422 779 3475 nornine
795 3419 901 3475 Verona
914 3419 947 3476 de
963 3419 1086 3493 Berogno

51 3534 93 3574 rer
110 3516 144 3572 Π
161 3533 244 3572 mnne
263 3531 281 3572 e
298 3515 468 3574 dncnonibns
487 3519 590 3590 agitate
608 3534 664 3573 cnm
682 3516 717 3574 nd
734 3518 900 3590 sepulchrum
912 3523 996 3574 sancti
1014 3520 1085 3576 Petri

51 3617 139 3673 irtseet
157 3617 288 3684 adducta,
306 3619 351 3672 rin
369 3617 488 3672 annitis
507 3619 570 3672 viris
587 3617 700 3674 detineri
717 3626 835 3690 poteret,
855 3621 923 3675 inter
940 3636 1007 3690 qnos
1028 3626 1087 3676 eret

50 3719 147 3787 pridem
165 3715 275 3773 credone
292 3715 502 3783 haereticorum,
526 3719 629 3773 nomine
655 3717 791 3772 Cenrndns
809 3718 841 3773 de
859 3717 1012 3786 Ledrtnno‚
1040 3720 1085 3792 qni

53 3815 105 3870 tine
123 3815 282 3882 advenerat,
309 3821 339 3870 nt
355 3817 441 3871 eeneii
456 3816 528 3871 Petri
545 3815 670 3871 mirecnie
687 3815 828 3873 derideret.
865 3819 915 3881 tini
931 3833 988 3872 cunr
1005 3834 1084 3889 pree·

51 3915 139 3970 iiotnnr
156 3915 290 3972 nniierenr
308 3933 365 3972 cnm
382 3918 496 3974 caeteris
514 3915 660 3983 detineret,
688 3915 828 3971 dernonee
848 3916 934 3973 eidem
958 3933 1005 3988 per
1028 3933 1084 3972 nnn-

52 4004 134 4070 i'erenr
149 4013 286 4070 dixerunt:
303 4032 351 4072 cur
365 4023 441 4074 tenes
459 4031 525 4083 nes,
543 4031 629 4071 nonne
643 4022 735 4072 noster
749 4016 800 4070 ee?
834 4014 926 4072 Nonne
944 4024 971 4072 tc
989 4017 1024 4072 nd
1037 4023 1083 4092 te-

52 4129 92 4168 ern
114 4113 198 4170 toenrn
221 4115 384 4185 perierimus
409 4123 436 4172 et
455 4115 494 4169 ilri
515 4115 569 4171 tete
587 4114 753 4170 homicidium
777 4117 958 4186 perpetienti?
991 4115 1083 4172 Nonne

52 4229 67 4268 e
92 4212 129 4268 nd
153 4212 234 4269 telem
260 4220 286 4268 et
307 4215 387 4270 tedere
413 4217 495 4271 toenn
522 4215 642 4271 duximus
663 4221 690 4271 et
708 4215 746 4269 ibi
767 4214 819 4269 tete
837 4219 864 4271 et
882 4215 936 4270 talc
954 4215 1082 4288 tingitinnr

51 4315 217 4370 :outetntit
251 4313 367 4386 denque
384 4315 465 4370 nette
483 4321 593 4386 peecata
609 4315 663 4370 ribi
680 4313 806 4381 dicerent,
825 4329 895 4386 qnae
908 4314 995 4369 nnitns
1013 4315 1082 4370 eiius

51 4413 92 4466 risi
108 4414 166 4482 ipre
184 4411 258 4470 coine
278 4413 395 4484 redebet,
422 4413 591 4472 vehementer
609 4414 729 4486 expetit:
753 4429 814 4470 nox
837 4420 922 4470 nunni
941 4414 1082 4472 doemones
