2984 5316
311 439 375 504 408
468 439 541 520 Cap.
562 417 666 502 XCVl.
709 437 755 500 De
776 445 873 498 sancia
895 435 986 496 Maria
1006 431 1189 514 magdalena.

311 601 388 656 siena
410 597 452 654 rei
478 598 578 652 mnnita
596 596 637 653 rel
665 599 763 654 ineicta
786 615 834 670 per
852 597 1031 669 poenitentias
1050 599 1225 657 armaturam,
1250 591 1350 662 optime

313 701 381 756 enim
399 697 519 753 omnibus
538 695 618 752 arnis
637 697 815 768 poenitentiae
834 713 866 754 so
884 699 1008 761 munivit,
1032 698 1096 768 qaia
1118 701 1182 766 quoi
1203 695 1231 748 in
1252 706 1282 746 se
1300 688 1349 745 ba-

312 797 369 854 bnit
386 796 591 866 obiectamenta,
610 803 651 853 tot
668 797 700 854 da
718 814 749 854 sc
767 800 868 870 reperit
885 796 1057 863 holocausta,
1075 801 1138 866 pest
1151 793 1349 848 moremioncsr

312 896 453 969 magnifica
475 911 523 968 per
547 899 651 970 gratias
674 896 958 970 superabundantiam,
982 897 1046 970 qaia
1069 893 1116 952 abl
1132 891 1276 949 mandarit
1302 887 1349 946 ds·

312 997 416 1065 liciam,
434 993 660 1068 superabandavit
675 1005 703 1055 ei
718 1003 816 1072 gretia.

377 1101 407 1156 1.
426 1094 514 1152 blatis
532 1096 695 1171 Magdaiena
713 1115 730 1154 a
748 1097 876 1170 Magdala
890 1105 979 1156 oasiro
992 1098 1178 1169 cognominata
1195 1091 1350 1148 clarissimis

313 1201 355 1254 esi
379 1203 439 1252 orta
460 1195 609 1264 natalibus,
635 1205 725 1270 utpote
751 1217 784 1256 es
808 1203 885 1274 regia
909 1200 992 1270 stirps
1015 1192 1251 1252 descendentibus:
1273 1193 1350 1263 cujas

312 1302 390 1369 pater
406 1295 501 1374 Seras,
518 1302 603 1352 mater
619 1312 682 1355 rere
700 1297 833 1356 Eacbaria
851 1277 1002 1369 noncopaia
1018 1301 1067 1353 ost
1102 1292 1174 1349 liaeo
1191 1309 1248 1349 cnm
1268 1291 1351 1348 irairs

312 1395 483 1452 scelerare
507 1403 534 1452 oi
557 1411 652 1454 ennete
675 1413 725 1454 saa
747 1398 856 1456 Mariba
879 1397 1033 1470 Magdolos
1057 1402 1189 1460 castrans,
1214 1391 1284 1465 qnod
1311 1397 1354 1447 est

235 1524 237 1528 ·
312 1495 428 1552 secando
446 1495 570 1550 milliario
588 1511 606 1552 a
624 1495 804 1566 Genozsrctb,
826 1498 999 1564 Bethaniarn,
1024 1499 1153 1568 quaeest
1174 1495 1252 1565 Juxta
1274 1491 1353 1550 Jcrn-

313 1594 413 1665 salens,
435 1600 462 1650 ot
480 1610 601 1670 magnoin
618 1596 856 1670 llierosolpsnernrn
874 1603 975 1671 partem
994 1592 1159 1667 possidebat·
1197 1592 1247 1656 llll
1265 1598 1353 1647 nmen

313 1697 401 1752 omnia
417 1697 485 1751 inter
500 1710 530 1752 se
546 1695 638 1752 taliter
656 1697 817 1766 diviserant,
836 1697 907 1771 qdod
924 1696 1013 1754 bieria
1029 1692 1197 1766 Magdalnnr,
1222 1709 1240 1748 a
1257 1709 1308 1766 qao
1327 1697 1355 1750 ct

311 1793 476 1867 Magdalena
500 1803 650 1866 nuncapaia
671 1804 730 1864 esi,
763 1796 884 1854 Lazarus
913 1802 1015 1870 partem
1045 1792 1118 1849 orbis
1148 1792 1293 1851 Jerusalem
1327 1800 1356 1849 ci

312 1893 421 1952 blariba
448 1893 603 1953 Baibariarn
634 1896 792 1969 possideret
842 1897 905 1953 llam
940 1901 1028 1951 aetem
1057 1891 1221 1966 blagdelena
1250 1891 1356 1950 deliciis

309 1996 432 2067 corperis
447 2009 476 2051 sa
494 1999 577 2052 iotam
590 2003 735 2066 exponeret
749 2002 776 2052 et
788 1997 907 2054 baserne
920 1995 979 2070 ples
993 1994 1102 2050 militiae
1115 1999 1231 2062 secaret,
1246 1993 1355 2051 Mariba

313 2096 429 2169 prodens
446 2101 537 2166 paries
555 2098 658 2150 sororis
681 2103 708 2152 ct
725 2095 816 2154 lrairla
841 2099 883 2155 sai
907 2103 1014 2154 scenae
1033 2093 1202 2168 gubernabat
1219 2099 1246 2150 ei
1263 2095 1354 2148 nriliti-

312 2195 365 2253 bus
386 2202 414 2253 et
437 2194 541 2251 lanulis
564 2197 620 2251 sris
646 2211 680 2250 aa
701 2196 863 2268 pauperibus
881 2197 1035 2253 neccssaria
1052 2194 1226 2251 ministrabat.
1262 2193 1357 2252 Omnia

312 2303 402 2352 tomen
424 2293 493 2352 baec
516 2299 578 2368 post
601 2293 802 2353 adscensionem
825 2296 924 2353 demini
948 2294 1121 2353 vendiderant
1150 2300 1179 2351 et
1207 2294 1242 2350 od
1271 2293 1355 2366 pedes

314 2395 496 2468 apostoloram
519 2387 631 2467 pretinm
661 2405 812 2468 poscerent.
850 2395 911 2453 cnm
941 2399 1024 2471 igiirn
1055 2393 1218 2468 blagdelena
1253 2393 1356 2450 diriiiis
1403 2427 1410 2438 ·

315 2495 478 2563 sensisset,
496 2495 560 2566 qaia
575 2509 661 2550 reram
677 2495 841 2552 aldacotiam
858 2497 981 2569 reinpias
1000 2511 1089 2552 comes
1106 2495 1241 2567 seqnitur,
1257 2501 1356 2567 quanto

315 2594 416 2651 divitiis
435 2601 463 2652 et
478 2592 672 2666 pslebeitadina
688 2595 832 2668 splenduit,
849 2603 924 2654 lanio
942 2612 1039 2670 corpas
1055 2611 1131 2651 soem
1144 2592 1272 2666 rolaptaii
1290 2594 1356 2650 sab·

316 2699 428 2763 stravit,
459 2694 530 2751 undo
552 2696 609 2768 Jan
634 2699 743 2768 proprio
768 2698 871 2752 nominc
895 2695 1000 2768 perdito
1023 2697 1160 2767 peccatrix
1183 2701 1359 2753 mercaverat

292 2793 294 2796 ’
315 2795 456 2867 appellari.
491 2793 544 2850 Sed
563 2810 620 2850 ocos
636 2794 757 2851 cbristus
776 2779 831 2851 illie
845 2802 872 2852 at
888 2795 952 2852 alibi
970 2794 1149 2869 praedicaret,
1168 2794 1216 2850 iiis
1234 2800 1299 2851 nris
1314 2797 1358 2851 in·

297 2891 420 2968 'spirata
435 2893 525 2952 clirico
543 2893 580 2951 ad
595 2894 699 2951 domam
718 2894 832 2951 Simonis
849 2896 966 2968 leprosi,
984 2895 1030 2952 nbi
1048 2894 1150 2953 audivit
1166 2910 1224 2952 enm
1242 2894 1358 2952 diseam-

316 2995 391 3064 bcre,
409 2997 564 3068 properarit
576 3000 603 3050 et
619 3011 671 3052 nea
689 2996 798 3063 andans,
818 3001 846 3052 nt
861 2999 1005 3069 peccatrix,
1024 2997 1093 3054 inter
1103 2997 1193 3069 iustos
1204 3010 1358 3068 comparere

317 3101 389 3152 reiro
415 3110 492 3152 secas
517 3094 600 3168 pedes
626 3095 724 3152 domini
741 3099 856 3165 mansii,
880 3096 926 3152 sbi
949 3097 1031 3171 pedes
1055 3100 1114 3170 ejas
1136 3095 1258 3169 iacrymis
1282 3095 1358 3164 iasii,

318 3196 424 3267 capillis
441 3197 519 3254 tersit
535 3202 563 3252 ct
581 3200 715 3268 nogncnio
733 3201 852 3268 pretioso
872 3200 1009 3270 paruerit,
1033 3211 1094 3252 narn
1119 3197 1223 3253 incolae
1240 3199 1359 3272 regionis

316 3295 390 3351 illins
407 3303 517 3368 prepter
533 3294 787 3352 vehementissimam
810 3295 877 3352 solis
901 3296 1016 3353 calorem
1039 3298 1180 3371 ungnentis
1204 3303 1231 3352 ot
1254 3295 1360 3353 balneis

233 3440 234 3443 ,
318 3395 467 3454 utebantur.
501 3395 618 3467 Cunna
634 3396 732 3468 Syenen
749 3393 909 3468 pharisaeas
926 3399 996 3454 intra
1013 3415 1043 3454 se
1061 3397 1208 3471 cogitaret,
1226 3400 1359 3470 moniam,

319 3497 342 3552 si
362 3494 406 3551 loia
422 3502 495 3552 esset
512 3475 659 3568 propbeta,
677 3510 695 3551 a
711 3500 859 3567 psoeairies
878 3500 953 3571 tangi
968 3513 999 3554 ss
1012 3512 1177 3571 neqosqnsn
1187 3499 1360 3569 permitteret,

319 3594 440 3652 dominas
464 3594 535 3652 iliam
560 3595 593 3651 de
610 3595 727 3668 superba
740 3597 848 3668 jesiiiia
864 3597 1004 3672 redarguit
1026 3605 1054 3656 st
1070 3597 1173 3654 mulieri
1191 3599 1280 3654 omnia
1297 3611 1361 3669 pec-

319 3701 380 3750 cata
393 3695 501 3751 dimisit.
535 3693 658 3752 llseeost
669 3698 751 3768 igitur
767 3697 813 3753 iiia
823 3695 912 3754 llario
924 3697 1097 3772 blcgdclena,
1116 3701 1159 3754 coi
1171 3697 1292 3755 dominas
1307 3691 1361 3754 iam

244 3798 246 3802 ’
319 3808 418 3868 magn
440 3792 570 3851 beneloia
592 3793 703 3850 contulit
727 3802 754 3852 et
775 3804 850 3853 iacta
874 3799 953 3871 signa
970 3797 1121 3855 dilectionis
1138 3799 1262 3855 osmndii.
1296 3795 1363 3878 liam

320 3892 354 3949 ab
373 3909 407 3951 ea
423 3899 523 3966 septen
541 3894 681 3952 daemonia
699 3894 813 3967 expulit,
832 3899 857 3951 in
876 3913 925 3953 sco
944 3913 1035 3954 amora
1054 3913 1112 3954 eam
1129 3898 1249 3955 totaliter
1264 3913 1362 3954 aceen-

193 3997 198 4004 '
322 3993 378 4063 iiii,
401 3993 634 4050 familiarissimam
661 4011 718 4051 can
741 3995 794 4051 sibi
816 4000 969 4066 cenobiali,
994 3998 1126 4070 bospitan
1149 4013 1225 4054 snam
1248 3997 1313 4054 leoli
1336 4005 1364 4057 oi

321 4096 527 4167 procarairiecm
550 4110 624 4151 snam
651 4110 708 4151 eane
731 4097 759 4151 in
782 4097 877 4154 itinere
900 4096 1001 4154 babere
1023 4095 1108 4153 relait
1131 4104 1159 4154 ei
1183 4113 1240 4154 cam
1258 4113 1365 4170 sempor

322 4193 434 4250 dulciter
451 4197 594 4251 exossavit.
630 4193 696 4250 llam
714 4198 850 4252 esensarii
867 4211 926 4253 eane
945 4195 1016 4269 apud
1036 4195 1227 4265 Pharisaenin,
1251 4199 1297 4272 qai
1322 4199 1365 4262 ‹li-

324 4290 402 4350 eebai
419 4294 503 4364 ipssm
521 4292 695 4361 insscnrlam,
719 4301 747 4350 oi
769 4294 840 4367 aprd
863 4313 982 4353 sororem
998 4311 1092 4366 seam,
1115 4313 1184 4371 qnae
1202 4297 1307 4356 dicebat
1323 4303 1367 4372 ip-

211 4451 220 4471 ·
324 4405 380 4447 sam
399 4395 511 4448 otiosam
550 4397 577 4448 et
600 4393 669 4463 aperi
688 4390 799 4462 lodan,
823 4398 867 4467 qni
891 4395 997 4454 dicebat
1021 4412 1078 4454 ean
1100 4398 1255 4473 prodigam,
1276 4399 1362 4474 lacrp·
1429 4467 1431 4472 ,
