2918 5302
288 519 363 597 Cap·
387 516 519 580 chvi.
560 519 605 579 De
626 529 725 579 saneto
748 520 933 598 Hieronymo.
1067 522 1130 587 aab

87 674 197 742 didicit,
217 677 246 730 ln
265 677 378 732 erenum
397 677 568 749 properarit,
592 675 636 732 ubi
657 693 706 748 pro
724 677 830 733 Christo
848 684 948 749 quanta
965 681 1127 747 sustinuerit,

87 777 147 848 lpas
170 775 204 830 ud
228 772 399 831 Bustocbinnr
422 781 513 831 narrat
535 776 641 832 dicens:
668 779 791 848 quotiens
814 780 840 832 ln
865 793 952 834 crerno
970 783 1127 837 constitutas

86 881 115 930 et
132 875 159 931 ln
177 875 226 933 illa
244 883 321 931 rasta
340 875 498 943 solitudine,
527 891 595 948 quae
620 883 714 932 exusta
738 877 804 931 solla
828 876 969 933 ardoribus
991 877 1126 936 horridam

86 975 220 1030 amachis
239 981 358 1045 praestat
375 973 566 1042 babitaculum,
585 977 709 1046 putabam
729 991 769 1031 ure
788 981 903 1032 romanis
922 977 1024 1034 deliciis
1042 981 1123 1035 luter-

85 1089 155 1131 esse.
198 1073 346 1130 Horrebant
372 1089 451 1130 taceo
475 1072 592 1131 urcubra
624 1073 766 1142 deformia,
799 1077 921 1147 squalida
948 1079 1015 1131 cutis
1046 1080 1124 1133 siturn

84 1173 259 1244 acrtscpicae
279 1177 366 1228 carnia
385 1172 546 1239 adduxerat,
565 1173 682 1245 quotidie
702 1174 842 1245 losannae,
861 1174 981 1245 quotidie
998 1180 1123 1249 getulius,

85 1278 111 1330 ct
130 1276 154 1327 ai
181 1273 286 1344 paramo
304 1279 494 1346 repugnante·
513 1287 619 1327 somnus
638 1273 772 1328 inraluena
790 1275 984 1345 oppressisset,
1011 1274 1124 1344 ¹)hrrrrro

83 1372 154 1429 nuda
182 1375 224 1426 vix
249 1371 475 1427 ossa‘bacrentia
501 1369 702 1428 collidebantur.
737 1372 775 1428 lla
801 1373 868 1427 olbia
895 1379 921 1428 et
947 1379 1011 1444 potu
1035 1381 1122 1444 taceo,

84 1487 141 1528 cun
160 1475 237 1527 etiarn
257 1473 413 1544 languentes
432 1486 502 1543 aqua
520 1470 619 1543 lrlglda
637 1478 744 1526 utantur
762 1478 789 1526 ct
805 1477 906 1527 coctura
925 1473 1025 1545 aliquid
1043 1489 1121 1532 acoe-

82 1573 156 1643 plsee
167 1571 273 1626 lanaria
285 1572 328 1634 ait,
349 1577 376 1626 ct
391 1570 450 1624 dunr
462 1573 628 1640 scorpionum
640 1576 738 1625 tanturn
753 1587 837 1627 ossen
851 1574 944 1637 socius,
954 1580 979 1628 et
998 1573 1121 1638 terarum,

81 1685 163 1742 saepo
186 1669 292 1727 choreis
319 1671 458 1726 intererant
482 1670 628 1740 puellarum
652 1676 678 1724 et
698 1671 723 1724 ln
744 1670 845 1743 frigido
865 1686 976 1741 corpore
996 1679 1026 1728 et
1039 1687 1118 1730 carne

80 1778 248 1841 praemortua
269 1769 405 1823 libidinum
425 1769 545 1824 iracundia
562 1769 735 1838 pullulabant.
770 1767 863 1841 itaquo
881 1773 1005 1826 continuo
1024 1771 1119 1828 dobaru

81 1876 107 1927 et
132 1876 321 1944 repugnantem
345 1884 449 1924 carncrn
475 1866 697 1924 hebdomadarum
728 1867 819 1923 inedia
843 1868 1010 1944 subigebant.
1054 1872 1118 1928 llice

81 1969 176 2024 crebro
207 1971 331 2040 conjunxi
361 1985 417 2024 curn
447 1968 567 2024 noctibus
601 1983 651 2022 nco
679 1969 753 2039 prlrrs
787 1983 804 2023 a
831 1972 947 2040 pectoris
979 1969 1118 2028 ceaaabaur

82 2067 248 2136 semoribus,
264 2084 340 2139 quan
360 2084 377 2123 a
394 2069 498 2124 donnino
516 2066 696 2138 tranquillltas
714 2067 879 2124 redderetur.
912 2067 999 2138 lpse·
1014 2085 1118 2142 quoque

80 2167 201 2223 cellulam
227 2183 309 2223 rnearu
332 2170 409 2239 quast
434 2170 624 2240 cogitationum
650 2167 838 2222 conscientian
855 2169 1072 2237 pertimescebam
1092 2175 1119 2226 at

79 2265 143 2322 rulhl
167 2270 251 2324 leatus
274 2274 302 2323 et
327 2267 428 2340 rigidas
455 2267 529 2322 solua
554 2265 661 2322 deserta
679 2265 849 2338 penetrabaat
870 2272 897 2322 ct
912 2273 942 2322 at
958 2267 1020 2322 nihi
1039 2271 1118 2324 testie

80 2372 122 2423 eat
138 2366 268 2434 doninus,
288 2373 349 2438 post
361 2367 455 2421 rnultas
468 2367 597 2437 lacunas
619 2372 646 2420 et
662 2381 845 2437 nonuunquam
863 2366 976 2423 ridebas
987 2369 1117 2424 interesse

78 2467 227 2540 agminibus
240 2467 404 2539 angelorum.
430 2465 481 2522 Per
493 2464 694 2538 quadriennium
708 2467 791 2538 igitur
802 2465 899 2522 lbidcrn
920 2469 1118 2539 ²>poenitentia

77 2569 116 2622 rto
129 2573 240 2638 peracta
251 2565 284 2623 ad
301 2565 453 2622 llethleheur
467 2565 592 2636 cpplduns
604 2569 741 2632 maurit,
759 2565 805 2620 ubl
825 2568 932 2639 ³)quarl
944 2567 1114 2623 donreaticurn

76 2666 172 2722 antnral
187 2665 222 2720 od
242 2679 372 2737 praesepe
394 2663 490 2721 donnini
510 2679 572 2720 sese
586 2664 681 2721 obtulit
693 2679 907 2735 pornaurururn,
925 2665 1114 2724 bibliothecen

75 2773 162 2822 auton
180 2779 267 2832 suan,
285 2780 361 2838 quaro
381 2780 479 2820 sonoro
498 2765 586 2820 studio
605 2765 657 2820 sibl
676 2764 832 2822 condiderat
848 2767 973 2833 clausam,
992 2766 1114 2838 aliosque

76 2865 1115 2940 librositerunrrelegeusdieurjejuniisdueohatadrespcrurn,nultosihideu

32 2979 34 2984 ’
76 2965 222 3036 discipulos
245 2966 398 3021 coadunans
423 2969 449 3020 tn
466 2973 556 3021 sancto
576 2968 714 3036 proposito
732 2971 759 3020 et
776 2967 950 3022 translations
968 2971 1114 3038 scriptura·

75 3081 131 3123 rura
148 3068 339 3140 qulnquaginta
356 3069 471 3138 quinqua
490 3065 566 3120 nnals
586 3071 612 3120 ot
629 3079 677 3120 aex
691 3066 824 3121 mensibus
837 3065 977 3122 desudarit
992 3073 1113 3139 utusque

73 3166 107 3221 ad
132 3166 206 3222 taen
233 3169 312 3222 ritae
328 3169 405 3240 uirgo
431 3168 583 3237 permansit
618 3165 695 3220 Licet
713 3170 799 3220 autern
824 3169 851 3222 tn
869 3167 919 3222 bac
936 3167 1053 3240 legenda
1069 3167 1111 3222 dl·

74 3273 164 3334 catur,
186 3267 258 3337 quod
284 3281 389 3337 searper
412 3268 488 3339 ringo
513 3267 607 3333 luerit,
630 3267 689 3336 ipsc
704 3272 791 3320 tanen
810 3265 843 3322 de
862 3283 892 3322 re
910 3269 948 3322 ita
966 3267 1059 3322 scribit
1076 3265 1116 3322 ad.

71 3365 279 3422 Pammachiurn:
311 3367 489 3438 virginitatem
518 3369 545 3421 in
567 3365 643 3422 eoclo
667 3365 808 3436 praeiere,
838 3383 890 3422 non
921 3368 984 3439 qula
1013 3365 1109 3422 habeo.

72 3465 162 3522 Tanta
186 3466 299 3538 denique
322 3465 480 3520 lassitudine
505 3464 634 3538 fatigatus
658 3469 715 3531 cst,
742 3473 771 3520 ut
795 3467 822 3519 ln
845 3472 931 3522 stratu
949 3481 997 3521 sao
1014 3467 1110 3538 lacem

72 3565 188 3620 laniculo
206 3565 241 3620 ad
261 3565 361 3622 trahent
380 3579 510 3634 suspenso
530 3567 632 3636 rupida
651 3565 771 3620 nauibus
788 3581 820 3621 aa
836 3564 947 3633 leraret,
964 3572 993 3620 rrt
1008 3565 1111 3622 scilieet

70 3667 184 3721 othoirun
210 3666 379 3730 nonasterii,
403 3671 481 3736 prout
505 3671 623 3734 poterat,
648 3664 792 3721 exhiberet.
828 3664 947 3728 Quadam
972 3681 1035 3722 vero
1064 3665 1108 3722 rllc

69 3766 311 3836 advesperascente
335 3779 392 3819 sura
417 3763 588 3836 illeronyrnus
614 3777 670 3819 ounr
694 3763 820 3819 iratdbus
841 3764 875 3819 aul
893 3779 994 3821 sacrant
1012 3766 1107 3822 lectic-

69 3883 127 3922 nenr
145 3864 300 3920 audiendorn
319 3862 438 3931 sederet,
458 3864 547 3918 subito
566 3866 608 3918 lec
629 3862 904 3936 usstandandans
921 3867 1106 3922 nonasterium

67 3970 205 4040 ingressus
223 3971 273 4020 est.
310 3963 367 4027 Quo
386 3967 444 4019 riso
462 3980 519 4019 cunr
534 3967 634 4021 caeteri
653 3963 749 4019 iratres
773 3963 909 4036 lugerent,
933 3964 1105 4037 iliaroaprnas

67 4069 92 4121 el
111 4067 187 4137 quast
206 4063 304 4134 hospiti
322 4065 450 4120 obriarlt.
484 4065 544 4120 heo
554 4067 637 4140 igitur
650 4065 708 4120 duur
722 4062 815 4136 pedere
831 4064 883 4120 sibi
898 4065 1103 4124 iaerunorrrr-

66 4167 156 4232 deret,
182 4165 284 4220 rocatlr
310 4163 436 4220 tratribus
462 4165 546 4236 pedes
569 4168 621 4224 albi
645 4167 783 4239 praecepit
806 4164 880 4222 ablat
904 4173 932 4222 et
961 4166 1105 4242 diligenter

65 4266 124 4336 clus
148 4264 252 4337 plagarn
281 4265 385 4336 inquiri.
422 4263 497 4328 Quod
522 4282 578 4321 cunr
598 4265 824 4336 insinuatores,
845 4267 1109 4326 lorenerantleoale

115 4419 137 4468 1)
150 4416 190 4460 Eri.
206 4423 238 4460 l’r.
252 4415 317 4469 legit:
331 4415 406 4460 unde
420 4415 503 4460 hunno
518 4437 541 4448 -
555 4413 742 4462 collidebam.
821 4417 845 4468 2)
857 4415 943 4464 Erbl’r.
956 4417 1024 4470 tesius
1037 4431 1100 4474 poe·

64 4484 222 4530 nitentium
239 4491 396 4542 peractam.
485 4484 508 4537 ³)
521 4481 561 4528 ud.
576 4487 620 4528 Par
633 4483 762 4541 prudent
775 4484 893 4530 animal.
