2866 5310
224 515 296 594 Cap.
319 516 434 573 Lxxtt
484 514 527 571 De
549 513 736 571 adscensione
758 511 875 570 domini.
1008 507 1068 571 325

27 668 51 734 iu
70 668 124 725 dde
139 675 198 726 sire
218 673 379 746 cognitione,
400 684 511 743 capaces
530 673 555 724 in
572 670 657 724 sancti
672 670 781 738 spiritua
796 668 955 738 receptione.
991 663 1065 728 cuod

25 777 110 826 autem
122 786 204 840 super
212 771 302 827 coelos
311 785 399 824 omnes
409 768 561 835 rationales,
573 766 601 821 td
613 774 653 823 esi
664 782 753 821 cannes
761 774 878 832 sanctos,
890 765 1068 832 adscenderit,

28 873 98 934 patet
110 885 161 938 per
174 869 248 935 iilud,
263 868 332 941 quod
350 865 582 922 diciturGant.ll.:
603 882 665 922 ecce
680 866 730 920 iste
743 867 814 921 uenit
826 865 924 920 saliens
937 866 1066 919 inmontl-

27 963 81 1030 bus,
101 971 235 1022 transiens
244 968 326 1021 colles
338 971 364 1022 ei
374 971 501 1020 vocantur
510 973 610 1019 montes
623 965 722 1038 anguli,
738 963 820 1018 callus
831 979 893 1018 sero
907 965 957 1016 siri
971 966 1065 1018 sancti.

29 1061 98 1126 Quod
116 1080 180 1120 aero
195 1081 276 1136 super
288 1080 378 1119 omnes
392 1065 482 1119 coelos
496 1063 700 1129 intellectuales,
718 1063 796 1118 idest
813 1061 933 1134 angelos,
951 1061 1064 1118 adscen-

27 1161 99 1230 lerii,
116 1172 192 1234 patet
203 1180 252 1233 per
264 1162 338 1230 iilud,
352 1163 422 1233 quod
433 1161 529 1217 dicitur
537 1164 561 1216 in
573 1161 688 1232 psalmo:
699 1163 744 1232 qui
758 1162 835 1231 ponls
846 1159 939 1216 nubem
953 1159 1064 1216 adscen-

23 1273 74 1317 sum
88 1269 173 1327 tuum,
193 1265 237 1333 qui
250 1261 369 1316 ambulas
383 1277 465 1332 super
477 1275 578 1331 pennas
593 1265 737 1315 tenturum.
765 1257 862 1328 ¹)ltem
872 1258 1008 1313 adscendit
1018 1275 1061 1314 sn-

19 1376 67 1430 per
78 1361 217 1416 cherubina
231 1367 256 1415 et
269 1360 369 1416 solarii
378 1375 460 1430 super
472 1374 573 1428 pennas
587 1363 730 1413 uenturum.
749 1357 824 1421 Quod
838 1364 923 1412 antem
937 1359 1062 1429 usquead

15 1459 123 1515 cceiuru
136 1459 403 1531 supersubstantiale,
421 1455 448 1511 id
463 1463 512 1523 eat,
530 1455 580 1512 Dei
598 1457 782 1529 aequalitatem
794 1456 973 1524 adscenderit,
992 1465 1066 1529 patet

10 1575 64 1628 per
82 1559 170 1626 iilud,
188 1557 260 1631 quod
277 1558 376 1613 dicitur
390 1555 475 1612 Marc.
494 1556 556 1613 ult:
580 1563 606 1612 ct
630 1557 749 1612 dominus
768 1556 870 1629 quidem
890 1554 970 1612 lesus
986 1563 1062 1628 post-

7 1673 97 1730 quam
111 1659 216 1713 locutus
229 1665 270 1714 est
289 1661 339 1724 eis,
356 1663 489 1712 assumtus
507 1663 549 1711 est
566 1659 593 1710 in
611 1656 711 1711 coelum
731 1662 758 1710 ut
775 1654 851 1710 sudet
864 1672 881 1710 u
893 1655 1060 1711 deutrisliei.

6 1755 121 1814 Dextra
136 1760 205 1812 cuiun
217 1757 266 1812 ilel
281 1763 321 1812 eat
336 1755 517 1826 coaequalitas
529 1753 588 1810 ilci.
622 1752 788 1809 bernardus:
807 1751 912 1809 domino
931 1770 988 1810 meo
1007 1756 1062 1810 slu-

5 1857 153 1930 guiariter
171 1872 188 1911 a
205 1855 310 1910 domino
328 1861 355 1910 ut
372 1854 469 1908 dictum
488 1860 515 1910 ct
532 1853 619 1908 datum
639 1859 681 1909 est
700 1853 796 1908 sedere
814 1852 945 1908 adextris
959 1852 1062 1926 gloriae

7 1956 123 2025 ipsius,
148 1961 241 2026 utpote
265 1955 293 2008 in
314 1953 402 2026 gloria
424 1951 546 2022 aequali,
569 1953 595 2006 in
615 1953 732 2008 essentia
751 1950 985 2020 consubstantiali,
1012 1968 1062 2024 pro

5 2053 197 2126 generatione
214 2051 353 2118 consimili,
373 2052 510 2122 majestate
529 2067 580 2105 non
600 2051 710 2122 dispari,
728 2053 888 2107 aeternitate
902 2067 954 2106 non
970 2059 1062 2122 poste·

8 2153 92 2208 riori.
129 2149 179 2206 Vel
197 2158 286 2222 potest
304 2150 374 2216 dici,
401 2148 471 2220 qood
496 2147 617 2205 curuans
635 2151 664 2204 iu
681 2149 857 2207 succensione
874 2148 994 2206 sublimis
1013 2151 1063 2206 init

12 2248 189 2324 quadruplici
205 2249 368 2304 sublimitate
379 2292 386 2316 ,
403 2248 505 2303 scilicet
517 2247 606 2315 locali,
625 2251 834 2306 remuneratione
845 2252 956 2320 prae-ii
968 2253 1060 2323 ecgui-

14 2350 115 2406 ttouali
139 2358 167 2406 et
192 2349 307 2404 vinacii.
342 2347 382 2404 Dc
407 2349 491 2417 primo
511 2345 746 2418 iliopros.1V.:
772 2351 815 2420 qui
840 2348 981 2405 descondit
1003 2351 1061 2421 ipse

17 2457 60 2506 est
88 2457 116 2504 et
142 2451 186 2520 noi
212 2445 351 2502 adscendit
376 2461 458 2516 super
481 2461 572 2502 omncs
599 2447 699 2503 coelos.
734 2446 774 2503 Do
792 2447 908 2504 secundo
928 2445 1058 2504 ittt.1t.:

16 2549 107 2606 lacus
129 2546 258 2602 obediens
277 2552 325 2601 etc.
361 2542 409 2600 ttut
429 2544 494 2599 dicit
511 2545 691 2618 Augustinus:
713 2541 847 2601 humilitas
869 2547 1000 2603 claritatis
1020 2556 1062 2603 est

17 2649 156 2714 meritum,
186 2644 294 2700 claritas
319 2627 474 2700 humilitatis
501 2651 542 2699 est
564 2645 715 2714 praemium.
751 2644 790 2700 ilc
814 2647 928 2714 tertio²)
952 2646 1062 2717 psalm:

18 2743 161 2803 adscendit
177 2759 257 2815 super
275 2742 426 2808 cherubim,
451 2743 478 2797 id
497 2747 553 2808 est,
577 2757 658 2813 super
681 2757 781 2799 onmem
799 2745 927 2800 scientias
945 2745 1060 2816 plenitu-

17 2846 116 2901 dinem.
152 2843 191 2899 lle
214 2849 309 2913 quarto
333 2825 423 2912 patet,¹
450 2843 513 2912 qula
537 2838 677 2896 adscendit
706 2843 783 2896 ctiam
811 2857 893 2913 super
915 2843 1057 2914 seraphim.

18 2943 119 3016 pres.
142 2941 192 2998 ill:
218 2942 269 2998 scit
298 2943 377 2997 etiam
405 2940 640 3010 supereminentem
671 2941 809 2996 caritatem
840 2942 946 2998 Christi.
982 2941 1061 2999 Circa

19 3045 177 3114 neptunu,
203 3055 285 3112 quare
303 3039 406 3095 scilicet
424 3038 579 3106 adscendit,
603 3037 760 3105 natandum,
785 3039 856 3111 quod
873 3041 1058 3099 adscansiouis

18 3155 84 3197 suae
103 3155 196 3196 norum
215 3144 277 3194 suut
296 3139 395 3193 fructus
414 3141 471 3193 alre
481 3138 617 3192 utilitates.
651 3136 738 3193 Prima
756 3139 857 3194 utilitas
874 3147 915 3195 est
941 3141 1058 3211 ³)lruml-

19 3239 97 3294 iiatio
117 3239 217 3293 enoris
237 3235 328 3291 diuini.
364 3235 474 3292 Joharm.
486 3233 546 3292 xvi
552 3255 559 3290 ι
577 3237 698 3309 nisiago
716 3234 819 3303 abiero,
837 3239 987 3310 paracletus
1007 3255 1059 3295 non

19 3339 117 3396 reniet.
150 3335 203 3393 ilbi
218 3335 284 3391 dicit
302 3335 482 3408 augustiuus:
505 3337 531 3390 si
555 3334 699 3406 carnanter
713 3334 776 3391 mibi
798 3336 989 3407 adhaeseritis,
1013 3355 1059 3396 cs-

17 3451 102 3510 psaes
125 3437 235 3507 spiritus
259 3449 312 3490 nco
338 3435 421 3490 eritis.
458 3433 581 3490 Secunda
601 3440 642 3490 est
666 3435 752 3507 maior
770 3438 888 3508 cognitio
906 3427 973 3510 liei,
997 3437 1059 3495 lob.

19 3535 96 3592 iilil:
114 3536 139 3588 si
159 3533 308 3606 diligaretis
326 3547 376 3599 unc,
394 3532 549 3605 gauderetis
566 3535 666 3605 utique,
686 3535 749 3605 quia
770 3534 837 3590 tudo
854 3534 887 3589 ad
897 3540 1058 3606 patremetc.

19 3633 70 3692 Ubi
88 3633 154 3689 dicit
170 3633 350 3704 Augustinus:
374 3629 435 3686 ideo
462 3629 590 3686 subtraho
614 3631 723 3688 tornata
741 3608 817 3688 istam
839 3637 930 3702 survi,
956 3638 983 3690 in
1008 3649 1061 3708 qua

19 3744 99 3808 pater
115 3736 202 3807 major
221 3746 262 3788 me
279 3736 330 3799 est,
347 3734 377 3785 ut
394 3729 475 3786 Deum
492 3731 613 3801 spiritum
630 3730 709 3787 aliter
725 3732 817 3789 sidere
834 3735 953 3803 possitis.
989 3733 1059 3791 'lar-

18 3839 59 3890 tta
79 3841 122 3890 est
138 3836 257 3890 neritum
273 3828 343 3885 fidel.
377 3828 416 3885 lle
434 3827 486 3884 bac
502 3830 542 3884 sic
558 3828 624 3885 dicii
640 3829 697 3886 Leo
715 3833 742 3886 in
761 3847 881 3888 sermone
898 3833 933 3889 de
946 3833 1057 3890 adsccn-

18 3937 112 3990 sione:
136 3940 197 3987 tunc
222 3930 256 3986 ad
274 3927 411 4000 aequalem
429 3929 499 3997 patri
518 3927 597 3982 ilium
616 3928 745 3986 eruditior
768 3929 834 3987 ntes
852 3947 947 4005 gressu
965 3935 1060 3989 utentia

20 4031 112 4102 coepit
128 4028 257 4084 accedam
275 4033 303 4082 ri
322 4028 530 4082 contrectatione
549 4042 694 4097 corporeae
711 4031 739 4096 iu
762 4027 868 4086 Christo
885 4031 1059 4095 substantiae.

19 4143 109 4202 equa
127 4134 204 4199 patre
221 4127 306 4180 minor
332 4130 386 4191 est,
409 4139 461 4179 non
485 4127 611 4198 egere*).
648 4127 802 4201 Μιςιιιιιιιιι
828 4130 895 4184 euim
917 4128 962 4185 bic
984 4132 1060 4204 sigor

20 4235 63 4286 est
81 4229 203 4282 uestium
223 4229 403 4281 incunctanter
421 4225 544 4291 credere,
569 4241 636 4296 quac
655 4242 783 4297 corporeo
809 4244 859 4283 non
878 4228 999 4284 sidentur
1017 4231 1058 4285 in·

73 4377 95 4428 i)
107 4373 150 4419 sd.
162 4377 197 4418 i’r.
212 4373 297 4417 omittit
310 4374 392 4418 serbus
407 4378 477 4417 ttem
492 4393 515 4407 -
529 4381 652 4418 venturu
664 4389 691 4418 m.
718 4376 740 4430 2)
753 4375 833 4420 Edi’r.
844 4376 903 4421 maie
917 4384 983 4431 post
999 4377 1059 4428 lesit.

21 4448 43 4498 3)
58 4447 111 4488 aee.
126 4443 214 4494 ierunt:
235 4441 415 4486 consecutio.
466 4442 491 4495 l)
504 4445 555 4486 iiee.
569 4441 657 4493 ineunt:
671 4442 697 4486 in
711 4455 764 4496 qus
778 4449 860 4499 patre
874 4443 966 4489 sinor
979 4458 1041 4488 noa.
