2902 5310
211 495 287 576 Cap.
310 493 436 556 chvi.
478 493 524 554 De
544 501 644 552 saucio
666 491 790 553 blartlno
809 491 958 573 episcopo.
1037 491 1098 556 'idi

63 657 142 713 torslt
165 661 192 713 et
213 659 240 712 lu
264 657 346 727 rlparu
364 652 444 709 silaus
462 653 634 710 transmeavit
658 657 685 710 ot
701 653 878 726 ingemiscens
897 651 1029 712 Martinus
1047 658 1099 713 uit:

64 764 201 828 serpentes
211 773 250 812 rue
262 755 372 812 audiunt
383 760 411 812 et
423 751 542 809 honines
555 768 608 808 uon
619 749 739 807 audiunt.
770 753 849 808 liaris
860 752 982 810 similiter
993 756 1098 827 quidam

63 873 120 912 ounu
131 856 232 912 ouidaur
249 871 282 910 ex
293 853 402 911 Martini
417 851 555 924 discipulis
569 851 690 919 intratsi,
707 850 753 906 lile
767 849 870 908 ud-euus
886 867 1028 910 oouremus
1046 857 1098 909 ait:

63 958 90 1011 in
108 958 213 1012 nourinu
231 954 338 1011 Martini
355 951 483 1024 jubente
501 951 691 1006 obmutescere.
727 950 807 1006 Ganls
820 954 944 1008 eoutluuo
961 953 1100 1022 obmutuit,

64 1069 98 1111 so
121 1057 145 1109 si
171 1055 287 1126 liugnam
315 1051 452 1107 habuisset
479 1049 620 1106 abscissus.
654 1048 714 1105 Fuit
736 1056 820 1106 autern
848 1051 943 1108 beatus
967 1052 1099 1110 Martinus

65 1153 162 1210 auiae
182 1152 353 1219 humilitatis,
376 1166 436 1205 uam
459 1149 591 1222 leprosum
613 1149 740 1220 quendam
757 1153 857 1207 eunetis
875 1150 1029 1208 horribilem
1048 1151 1096 1209 ra

64 1253 138 1308 rislis
155 1251 258 1307 ebriam
277 1251 379 1307 babens
394 1251 479 1322 ipsunt
497 1249 633 1304 oseulatus
652 1255 694 1305 est
710 1255 790 1322 sique
805 1251 942 1310 benedixit
958 1251 1099 1324 statimque

65 1350 204 1407 mundatur
224 1357 273 1408 est.
306 1348 336 1405 iu
354 1351 472 1406 saorarlo
490 1363 596 1420 quoquo
612 1345 734 1405 residens
751 1365 881 1424 nunquan
896 1350 1021 1408 eatbedrs
1034 1367 1099 1408 usus

65 1457 123 1519 est,
139 1466 198 1507 narn
217 1453 243 1506 in
261 1449 377 1507 eoolesla
395 1464 471 1505 neno
489 1462 602 1520 uuqnasr
620 1463 677 1504 euru
696 1445 792 1506 sedere
814 1453 964 1522 oouspesit:
989 1449 1101 1507 sedebat

66 1558 153 1607 anteon
171 1553 197 1606 iu
219 1549 346 1619 ¹)sellula
362 1551 509 1614 rusticana,
532 1563 599 1619 pros
616 1548 736 1619 tripodes
754 1555 857 1605 rorant.
891 1549 992 1607 Multus
1010 1548 1099 1622 digui-
1150 1524 1156 1547 '

65 1653 143 1718 tatis,
164 1653 227 1722 quia
244 1665 293 1720 par
311 1650 442 1721 apostolis
460 1648 546 1702 dictus
563 1652 618 1714 est,
644 1652 671 1703 et
692 1647 744 1703 buo
762 1656 872 1720 propter
889 1651 1002 1723 gratiam
1019 1651 1100 1722 spirl-

64 1757 107 1806 tus
131 1752 232 1817 saneti,
258 1751 302 1821 qni
325 1751 352 1803 in
377 1763 434 1803 euru
455 1749 481 1802 iu
500 1751 590 1820 speeie
608 1748 679 1820 iguis
697 1747 731 1802 ad
749 1748 830 1803 robur
853 1748 1004 1818 descendit,
1031 1751 1101 1806 siout

65 1848 115 1905 lult
132 1852 158 1903 iu
177 1849 316 1919 apostolis.
351 1847 464 1920 Legitur
476 1850 542 1903 eninr
556 1850 582 1902 iu
602 1845 738 1920 praediolo
756 1846 882 1920 dyalogo,
901 1849 969 1921 qnod
986 1849 1100 1922 quadam

66 1950 137 2016 uiue,
160 1949 218 2003 durn
243 1947 375 2004 blartiuus
399 1950 426 2002 ln
450 1947 519 2003 colia
538 1945 611 2001 solus
631 1945 751 2012 sederet,
777 1953 805 2001 et
822 1947 937 2004 Seuerus
961 1954 989 2005 et
1007 1947 1100 2006 Gallus

67 2050 125 2120 ejus
148 2046 270 2117 discipuli
294 2063 359 2118 prae
382 2045 484 2101 loribus
510 2051 708 2117 exspectarent,
732 2045 821 2100 subito
843 2047 958 2102 mirabili
976 2051 1099 2104 eouunssl

66 2147 179 2202 horrore
197 2145 285 2218 plures
303 2149 330 2201 lu
348 2145 417 2202 oella
428 2145 537 2201 audiunt
550 2144 654 2199 insimul
667 2145 858 2216 colloquentes.
893 2145 931 2203 De
944 2164 995 2219 qno
1012 2151 1099 2221 Onera

66 2245 230 2318 postmodum
256 2245 397 2300 lilartiunnr
427 2247 641 2316 requisivissent,
671 2244 716 2300 ills
737 2247 787 2300 ali:
819 2243 903 2300 diuam
930 2245 1023 2316 robis,
1050 2247 1099 2304 sod

67 2361 132 2414 rus,
153 2341 268 2418 quasso,
292 2342 356 2399 uulll
374 2345 485 2411 dieails;
509 2344 616 2418 Agnes,
642 2343 745 2399 'lisola
765 2351 791 2400 rt
807 2343 896 2401 bieria
910 2344 945 2400 ad
964 2362 1004 2402 ure
1021 2363 1100 2404 nno-

67 2452 135 2502 ruut.
170 2443 223 2501 Neo
250 2451 347 2500 tautum
372 2445 419 2499 ilio
445 2442 504 2512 die,
529 2442 578 2500 sed
600 2445 708 2514 saepius
734 2460 762 2499 se
787 2444 820 2498 ab
843 2446 876 2498 iis
899 2445 1038 2503 oonlessus
1058 2452 1103 2503 est

67 2547 170 2602 visitari
188 2551 215 2601 et
232 2543 335 2600 Petrum
354 2549 381 2599 et
396 2542 503 2599 Pauisru
523 2543 692 2614 apostolous
710 2559 740 2600 se
759 2559 842 2614 saepe
859 2543 942 2601 uideri
956 2545 1100 2617 perbibuit

67 2643 169 2702 Multae
185 2645 322 2716 justitiae,
339 2657 395 2698 oum
415 2645 482 2698 enirn
500 2643 533 2698 ab
552 2645 728 2715 imperatore,
753 2645 856 2698 nornine
875 2643 1007 2714 blaxlrun,
1032 2647 1101 2701 inri-

65 2748 137 2799 tatus
160 2743 255 2799 inisset
277 2748 303 2799 ut
326 2741 441 2798 Martluo
468 2741 587 2814 poenlnru
612 2745 695 2813 prino
716 2743 811 2798 iulssot
834 2742 964 2811 oblatura,
989 2761 1101 2817 speran-

67 2843 138 2896 tibus
155 2844 265 2910 eunetis,
282 2847 312 2897 ut
323 2847 384 2913 post
401 2857 431 2898 se
449 2844 508 2914 regi
526 2841 663 2908 tribueret,
682 2842 829 2913 presbitero
847 2857 896 2897 suo
914 2841 987 2899 dedit
1003 2845 1101 2900 unllnnn

67 2943 210 2998 aestlruaus
230 2940 396 3014 digniorem,
414 2945 459 3014 qni
477 2945 586 3013 postue
605 2941 714 2998 deberet
731 2940 835 3010 bibere,
860 2949 887 2997 et
906 2941 1039 3016 indiguum
1055 2945 1100 3015 js-

68 3041 175 3109 dleaus,
200 3043 224 3096 sl
247 3047 293 3096 aut
314 3057 403 3115 regens
429 3047 475 3095 ant
499 3042 572 3113 rogis
596 3043 730 3113 prosimos
755 3041 903 3112 presbitero
921 3044 1102 3114 praetulisset.

67 3139 168 3198 Multae
183 3143 343 3213 patieutiao;
359 3147 458 3196 tantam
470 3143 536 3196 erius
552 3142 576 3195 lu
585 3141 704 3198 omuibus
713 3143 866 3212 patientiam
876 3142 1008 3210 seruabat,
1021 3143 1102 3218 quod,

68 3255 125 3296 oum
138 3247 209 3297 esset
222 3257 336 3296 suumne
350 3241 486 3309 sacerdos,
504 3243 608 3312 impune
619 3257 701 3311 saepe
714 3255 730 3294 a
743 3241 847 3295 olorinis
861 3239 1017 3298 laedebatur
1029 3257 1105 3300 noea

68 3355 117 3395 sna
137 3355 184 3396 eos
202 3348 312 3412 propter
328 3341 379 3396 boo
397 3344 509 3396 ueritate
527 3339 681 3411 repellebat.
716 3337 797 3395 Neruo
817 3339 888 3395 illurn
905 3357 1018 3414 nuquam
1038 3343 1104 3397 ridlt

68 3440 171 3506 lraiurn,
190 3457 263 3495 nono
281 3447 448 3507 nroeruuteuu,
467 3456 542 3496 nemo
556 3438 693 3506 ridentem,
711 3454 840 3510 nunquam
861 3443 888 3494 iu
907 3439 978 3496 illins
992 3457 1040 3498 ore
1053 3443 1104 3498 uisi

68 3537 199 3605 Christus,
212 3555 340 3612 nunqnam
351 3541 376 3594 iu
385 3539 600 3596 iillusoordenlsi
610 3541 705 3610 pietas,
718 3539 769 3592 nisi
784 3554 845 3609 par,
860 3541 910 3595 uisl
923 3540 1104 3598 misericordia

68 3643 162 3697 iuerat.
197 3639 310 3714 legitur
327 3654 431 3712 quoquo
450 3639 476 3694 lu
494 3638 630 3710 praedicto
648 3635 777 3710 dyalogo,
796 3638 876 3710 quod,
895 3637 954 3695 iuu
972 3639 1105 3696 ldartluus

69 3739 181 3812 qradaun
200 3741 258 3796 vioe
278 3741 305 3794 in
323 3746 397 3796 reste
414 3737 537 3810 bispida,
560 3731 637 3810 uig'ro
658 3742 685 3792 et
697 3735 812 3807 pendulo
824 3739 906 3809 pallio
921 3741 1103 3798 nireuruteetus

68 3855 150 3911 super
167 3839 277 3895 ssellun
296 3839 465 3910 procederet,
485 3839 560 3910 equis
579 3837 612 3892 rio
632 3843 724 3892 eontra
741 3837 906 3893 venientibus
924 3841 1106 3911 eupareiaetis

68 3939 165 3994 nniiitrs
184 3940 209 3993 iu
224 3946 320 3994 terram
336 3937 405 3992 saltu
418 3939 557 4010 praecipiti
571 3953 601 3992 so
615 3935 744 3992 dederunt
754 3943 782 3992 et
794 3931 934 3993 Martinuuu
946 3941 1106 4010 arripientes

69 4039 188 4115 graviter
210 4037 424 4094 verberaverunt.
458 4036 506 4094 illo
530 4043 616 4092 autern
635 4038 712 4110 qussi
730 4041 815 4092 saulus
836 4036 1008 4093 eaedentibus
1028 4044 1106 4111 terga

69 4135 224 4210 praebebat,
242 4135 290 4192 sed
309 4139 393 4210 magis
412 4138 451 4191 illi
471 4136 593 4193 furebant
611 4152 653 4204 so,
671 4135 741 4208 quod
760 4135 804 4190 iliu
823 4138 899 4206 quasi
917 4152 969 4191 uon
987 4139 1105 4192 seruiens

71 4237 182 4294 verbere
200 4237 274 4292 illata
293 4241 457 4292 coritenuere
476 4235 616 4293 rideretur.
652 4236 773 4293 Protinus
787 4242 873 4292 uutrnr
893 4236 1017 4292 animalia
1036 4235 1105 4294 adeo

68 4375 490 4390 m

121 4458 143 4508 i)
156 4457 196 4500 sd
209 4461 242 4501 i'r.
257 4457 322 4509 logii:
339 4455 453 4503 cellula
469 4479 491 4491 ·-
506 4455 645 4514 tripedes.
721 4457 744 4510 t)
757 4455 797 4503 sd.
812 4460 845 4504 τι,
859 4463 963 4502 tarsen.
