2918 5302
342 500 406 563 590
444 502 517 582 Cap.
540 503 667 564 CXXXl.
711 505 756 568 Do
779 509 923 568 nativitate
946 511 1047 570 leuatae
1069 511 1179 570 Mariae
1200 513 1335 592 uirginis.

342 669 393 717 tem
416 663 563 738 natiuitatis
590 665 700 736 virgtats
721 665 858 736 aliquanto
882 671 999 739 ternpore
1024 665 1115 725 fideles
1138 669 1227 724 latuit
1265 669 1384 742 llontlglt

339 763 436 833 igitur,
468 763 538 815 sient
568 761 651 817 nelert
677 761 812 821 lohannes
835 765 945 833 Botetb,
976 766 1046 838 quod
1074 765 1179 839 quitiam
1207 769 1252 822 rlr
1274 773 1382 822 sanotae

340 858 450 915 soleriae
469 859 685 930 contemplationi
701 863 841 932 insistens,
859 865 972 936 singulis
990 865 1066 932 aunis
1083 864 1119 921 Vl·
1131 864 1193 920 tous
1206 865 1381 936 Septembres

340 961 366 1013 ln
388 961 508 1014 oratioue
532 962 636 1030 positus
658 961 874 1032 jocundissimam
897 963 1050 1034 angelorum
1070 965 1226 1018 sooietatesu
1245 962 1381 1018 sollemni-

340 1064 440 1113 zantem
459 1057 572 1123 audiret,
589 1071 697 1129 eumque
714 1059 883 1115 deuotlssime
901 1060 953 1114 stbt
973 1061 1084 1117 revelari
1106 1067 1227 1132 peteret,
1248 1073 1298 1116 our
1315 1077 1380 1132 qno·

338 1155 404 1211 libet
421 1171 489 1210 anno
510 1155 556 1210 illo
574 1161 674 1211 tautum
691 1154 735 1211 elie
754 1163 782 1211 et
797 1173 854 1231 aon
868 1157 923 1212 allo
940 1158 991 1215 boe
1006 1159 1124 1230 audiret,
1143 1161 1261 1214 lirinum
1278 1161 1381 1230 recepit

340 1269 511 1326 responsum,
540 1252 611 1323 quod
630 1256 705 1325 uirgo
724 1255 844 1326 gloriosa
860 1255 948 1311 Maria
965 1257 1013 1312 tali
1031 1259 1074 1314 die
1092 1259 1172 1314 luerit
1189 1258 1288 1312 nsunrlo
1306 1264 1379 1323 nata,

338 1360 365 1410 et
394 1353 456 1408 ideo
483 1353 534 1407 boo
559 1351 741 1408 mauiiestaret
768 1354 830 1408 liliis
855 1362 965 1411 sanotae
998 1357 1143 1424 ecelesiae,
1172 1362 1201 1411 ut
1231 1356 1379 1411 eoneorles

338 1451 430 1508 beraut
444 1435 481 1506 'ln
502 1451 552 1506 luae
575 1451 730 1507 celebritate
753 1451 863 1507 eoelestl
890 1456 989 1520 euriae.
1024 1455 1085 1510 llum
1104 1461 1190 1511 autern
1208 1453 1262 1510 bos
1278 1467 1378 1510 summo

337 1550 455 1622 pontiiei
473 1557 499 1605 et
517 1549 577 1604 aliis
597 1552 744 1605 intimasset
762 1557 789 1606 et
809 1551 847 1604 llll
865 1552 1030 1608 orationibus
1049 1559 1076 1609 et
1089 1555 1215 1625 jeiuniis,
1235 1554 1379 1624 seripturis

338 1655 365 1705 et
389 1651 573 1721 antiquitatum
597 1651 755 1704 testimoniis
780 1652 915 1705 ueritatem
938 1636 1144 1724 eomparlssent,
1168 1651 1239 1706 buno
1263 1651 1333 1706 nie·
1351 1654 1377 1705 tn

336 1747 438 1803 bonore
463 1748 609 1804 nativitatis
643 1747 755 1820 uirginis
786 1747 970 1803 celebrandum
1003 1750 1190 1806 uniuersaliter
1217 1754 1377 1806 statuerunt

336 1845 439 1901 Oetaea
465 1853 551 1900 autem
576 1847 722 1908 natiuitatis
747 1845 842 1902 beatae
865 1846 970 1903 blarlae
998 1847 1091 1915 ¹)olim
1109 1864 1162 1904 non
1179 1848 1376 1912 celebrabatur,

335 1944 383 2000 sed
401 1942 520 1998 lominus
537 1942 705 1999 lneoeeutlus
724 1943 770 2002 lll.
788 1947 895 2000 natione
910 1945 1051 2002 lanueusls
1070 1949 1152 2019 ipsam
1169 1949 1287 2002 instituit
1304 1947 1375 2002 eele-

334 2042 471 2098 beamlans.
507 2039 588 2113 Cujus
601 2041 668 2097 liaeo
682 2056 763 2098 eausa
782 2043 839 2099 luit.
876 2043 1008 2116 Gregorio
1025 2047 1093 2100 enin
1111 2061 1180 2099 nono
1199 2053 1374 2116 permortuus

335 2139 441 2196 subiato
455 2140 488 2196 de
499 2139 585 2196 medio
597 2138 706 2195 Romani
719 2157 809 2198 omnes
820 2142 971 2198 oarrtinales
985 2145 1011 2197 in
1023 2143 1135 2214 quodam
1152 2145 1273 2199 eonelarl
1290 2144 1375 2199 inolu-

334 2248 440 2306 seruat,
458 2246 487 2294 ut
504 2241 581 2294 eitius
601 2241 730 2296 ecelesiae
749 2240 939 2311 provideretur.
975 2239 1027 2296 Sed
1052 2256 1109 2295 eum
1134 2256 1183 2311 per
1206 2241 1299 2313 plures
1316 2242 1374 2298 alies

334 2337 497 2394 concordare
509 2353 562 2392 non
576 2341 725 2408 potuissent
740 2346 767 2395 et
783 2340 834 2409 ipsl
854 2339 1005 2394 altorusnls
1023 2340 1118 2395 multas
1136 2340 1275 2396 molestias
1293 2344 1375 2396 snou-

252 2481 253 2484 ,
334 2443 442 2505 nerent,
462 2443 589 2492 uoueruut
607 2439 717 2510 reginae
735 2437 819 2504 eorlt,
837 2435 924 2508 quod,
949 2440 1049 2508 atejus
1067 2440 1166 2495 meritis
1182 2441 1376 2496 coneordursnt

334 2542 362 2590 et
380 2535 459 2589 liberi
476 2533 552 2590 abire
569 2541 695 2606 possent,
720 2543 828 2591 oetasas
853 2550 918 2591 suae
942 2538 1089 2591 nativitatis
1114 2535 1161 2591 sliu
1181 2537 1322 2610 negleotas
1340 2537 1375 2594 tle

333 2639 439 2688 caetero
450 2639 598 2688 statuerent
612 2633 804 2689 celebrandam·
823 2631 919 2704 Sisque
932 2636 959 2688 in
977 2634 1106 2688 domiuum
1118 2633 1295 2690 Caelestinum
1310 2651 1375 2692 oon·

335 2737 461 2788 uenerunt
480 2736 507 2786 et
523 2729 629 2786 liberati
648 2748 697 2802 per
715 2732 845 2787 dominum
859 2731 1039 2798 innocentium
1053 2739 1139 2787 uotum
1153 2731 1374 2803 adimpleverunt.

333 2830 501 2886 Coelestinus
520 2832 588 2886 enim
605 2830 708 2886 modioo
729 2837 848 2902 tempora
865 2832 1012 2901 supervixit
1037 2837 1063 2885 et
1087 2830 1148 2888 ideo
1173 2844 1222 2902 per
1244 2849 1304 2888 eum
1324 2836 1374 2887 im·

333 2931 401 3000 pleri
419 2945 471 2983 non
489 2931 583 2998 potuit
617 2926 652 2983 Bt
670 2935 748 2996 notu,
773 2928 845 3002 quod
867 2934 922 2983 tres
945 2931 1097 2984 nativitates
1122 2931 1239 2984 eoeleste
1264 2932 1374 2987 sollem-

332 3029 419 3094 uisat,
453 3027 556 3083 scilieet
586 3027 747 3082 nativitatem
778 3027 890 3093 Christi,
922 3035 1030 3083 sanotae
1054 3028 1158 3084 Martae
1188 3034 1216 3084 et
1240 3028 1373 3085 Jobauuls

332 3125 480 3198 baptistae,
517 3111 585 3196 qnae
609 3131 666 3181 tres
690 3125 832 3198 designant
854 3133 910 3180 tres
934 3125 1087 3196 spirituales
1115 3128 1281 3183 natantes:
1314 3144 1373 3184 eun

331 3223 451 3282 lobanno
470 3239 582 3294 namque
601 3225 628 3278 ta
645 3237 727 3294 equs,
751 3205 807 3279 enm
825 3223 913 3279 Maria
937 3223 963 3278 ln
987 3225 1163 3294 poenitentia,
1188 3239 1245 3280 oum
1263 3226 1372 3282 cbristo

332 3325 494 3378 renascimur
517 3325 543 3376 in
566 3323 664 3395 gloria.
698 3323 761 3379 cum
786 3323 868 3394 igitur
890 3325 1053 3377 saevitatem
1079 3325 1203 3393 baptismi
1226 3325 1251 3378 tu
1271 3324 1372 3380 adultis

333 3428 455 3492 oporteat
479 3420 640 3491 praeoedere
662 3416 855 3482 contritionem
875 3427 902 3475 et
925 3420 1031 3492 gloriae
1058 3422 1193 3486 similiter,
1224 3420 1285 3478 ideo
1307 3423 1372 3480 illue

333 3519 401 3575 duae
419 3523 512 3574 merito
530 3519 638 3591 uigilias
649 3519 757 3586 babent,
777 3518 824 3573 sed
837 3529 894 3574 eum
908 3520 1073 3588 poenitentis
1084 3526 1140 3574 tots
1150 3523 1186 3575 stt
1201 3535 1250 3591 pro
1264 3523 1371 3594 uigilia,

332 3635 384 3674 non
407 3619 538 3689 oportuit,
562 3625 591 3672 ut
617 3617 734 3688 uigiliam
759 3614 877 3674 haberet
914 3617 1031 3672 Oetaeus
1056 3633 1119 3674 uere
1145 3633 1235 3676 omnes
1258 3619 1369 3686 babent,

333 3721 394 3789 quia
412 3732 501 3771 omnes
519 3716 554 3771 aul
572 3720 690 3770 ootaram
709 3715 910 3770 resurreetionls
927 3714 1061 3771 anbelant.
1080 3743 1111 3758 -
1127 3745 1163 3757 -·
1179 3745 1212 3761 -
1235 3723 1272 3776 n.
1288 3717 1370 3774 ilites

333 3815 439 3887 quidam
460 3813 537 3870 ualde
555 3819 678 3869 suenuue
697 3820 725 3869 et
742 3812 839 3869 beatae
855 3811 960 3868 blariae
977 3812 1053 3869 ualde
1071 3814 1183 3870 deuotus
1206 3814 1242 3870 sn
1260 3824 1368 3872 tornu-

332 3920 444 3969 meetum
469 3911 569 3967 uadens
583 3910 719 3983 ‘quodiam
742 3914 825 3982 prino
850 3912 1036 3965 monasterium
1065 3910 1100 3966 aul
1123 3912 1248 3970 bonorem
1271 3913 1369 3970 Mutae

333 4010 436 4073 Martae
459 4013 636 4068 oonstruetum
659 4011 685 4064 ta
711 4011 805 4064 ttinere
823 4013 953 4079 repertum
973 4011 1079 4065 missam
1098 4011 1236 4066 suttune
1253 4013 1369 4066 intrant.

334 4109 397 4166 eun
414 4115 500 4165 autem
525 4109 607 4163 missa
630 4109 726 4162 misnae
749 4106 906 4174 sueopderet
931 4112 958 4161 et
979 4107 1025 4164 ille
1049 4107 1084 4163 ob
1109 4108 1235 4163 bonorem
1256 4111 1373 4181 uirginis,

334 4206 429 4263 nullan
447 4209 657 4278 praetermittere
675 4203 771 4282 uellet,
795 4204 900 4260 malem
918 4209 1103 4262 monasteris·
1121 4208 1214 4262 eulens
1230 4204 1266 4260 td
1283 4206 1369 4261 locun

305 4465 310 4476 ,
384 4423 407 4476 t)
419 4421 461 4466 sal.
475 4426 510 4469 Pr.
522 4421 590 4480 plume
603 4421 715 4466 eontrario
729 4421 784 4464 lssee
796 4418 829 4464 its
842 4418 908 4471 tentia
926 4418 1035 4462 blurlue
1054 4417 1224 4462 celebretur
1236 4417 1288 4462 seul
1300 4423 1343 4464 ete.
