2902 5310
185 499 405 581 eapctvttt.
451 501 494 560 De
517 499 650 560 undecim
673 499 800 559 millibus
822 497 970 579 uirginum.
1036 499 1096 562 70³

59 676 166 718 numero
190 674 346 717 reversuras
371 666 398 716 et
420 673 534 715 coronas
558 657 655 712 ibidem
679 659 789 713 martirii
814 664 994 729 percepturas.
1034 657 1098 715 inde

59 766 143 839 igitur
160 761 194 818 esi
212 759 302 833 anguli
320 759 522 815 admonitionem
542 756 649 814 Mean
667 757 806 813 tendentes
818 756 852 812 ad
866 756 956 813 urben
965 756 1098 814 Basiiosan

58 863 242 935 applicuerant
268 866 295 915 et
316 858 412 914 ibiden
436 858 536 915 nabotis
553 858 665 913 nauibus
683 856 789 912 Roman
807 856 945 927 pedestres
964 866 1097 915 tenerent.

58 962 99 1017 ild
125 975 234 1032 quarm
261 959 399 1016 aduentum
423 972 495 1030 papa
516 956 641 1028 cyrianus
669 956 746 1012 ualde
762 956 889 1029 gauisus,
914 971 970 1012 cem
990 959 1048 1028 ipse
1066 957 1099 1012 de

59 1061 197 1117 Britannia
215 1057 341 1114 oriundus
360 1063 433 1114 esset
450 1064 478 1113 et
497 1057 592 1112 multae
610 1055 707 1112 ibidem
730 1057 798 1112 inter
821 1070 867 1110 ras
887 1059 1099 1129 oornangnineas

59 1159 186 1226 baberet,
209 1174 267 1215 eum
291 1159 362 1213 umal
385 1156 459 1214 ciero
483 1158 556 1227 ipsas
578 1171 678 1212 summo
708 1171 764 1211 oum
790 1155 890 1212 honore
911 1159 1037 1227 suscepit.
1070 1155 1100 1212 lo

60 1262 120 1331 ipsa
136 1266 223 1316 auten
241 1263 319 1314 noete
337 1271 424 1328 papae
441 1257 566 1312 diuinitus
586 1255 733 1321 revelator,
758 1271 815 1311 enm
840 1271 897 1310 uum
925 1257 992 1327 ipsis
1016 1258 1099 1329 uirgi-

60 1360 138 1415 nibna
154 1357 265 1430 palmae
284 1357 395 1416 martirii
419 1363 609 1426 percepturum.
647 1356 722 1419 Quod
743 1355 814 1426 aprrd
836 1370 867 1410 se
889 1355 979 1411 colons
1004 1356 1100 1410 noitas

61 1475 94 1516 aa
113 1461 197 1530 ipsis,
221 1472 290 1528 quae
315 1455 403 1511 adbeo
419 1455 573 1526 baptizatae
596 1471 647 1510 non
670 1456 790 1522 inerant,
814 1455 967 1526 baptizavit.
1004 1455 1099 1512 Verere

60 1574 118 1614 eum
137 1565 311 1628 opportunae
329 1561 431 1626 tempas
450 1556 552 1611 uideret
568 1560 595 1610 et
611 1569 680 1610 anno
701 1571 753 1610 nno
773 1561 799 1610 et
816 1555 937 1619 undecim
956 1553 1101 1611 bebdoma-

60 1659 132 1714 tlbna
157 1664 220 1728 post
241 1656 346 1712 Petrum
369 1654 508 1710 eoelesiam
534 1654 650 1710 doninus
668 1670 752 1710 nonus
769 1658 898 1719 rexisset,
926 1657 951 1708 in
970 1661 1100 1710 conuentu

62 1760 172 1814 oninium
198 1758 362 1828 propesitum
385 1770 461 1810 snum
484 1753 608 1809 indicavit
631 1759 764 1810 eteorum
786 1755 906 1810 omnibns
931 1761 958 1809 et
976 1753 1101 1826 dignitati

63 1864 89 1913 et
109 1855 198 1914 oiiroio
215 1857 370 1929 resignavit.
405 1853 459 1910 Sed
483 1868 539 1908 oum
560 1868 649 1909 omnes
669 1854 843 1911 reclamarent
869 1861 895 1910 et
913 1857 1022 1910 maxine
1039 1869 1100 1910 oar-

61 1956 180 2024 dinaies,
203 1957 249 2028 qni
268 1972 325 2011 eum
345 1954 493 2026 ¹)doiiraro
509 1953 653 2024 putabant,
680 1971 712 2010 eo
730 1954 802 2026 qnod
821 1955 914 2009 relicta
932 1955 1101 2025 pontilioatns

61 2057 150 2131 gioria
167 2062 229 2127 post
248 2055 374 2126 quasdam
399 2054 568 2111 mulierculas
593 2055 681 2109 lateas
701 2058 741 2110 iro
764 2054 857 2120 vellet,
884 2054 930 2110 iile
953 2055 1101 2111 nuliatenus

61 2159 233 2229 adquiescens
252 2153 381 2226 quendam
400 2157 483 2210 vireta
500 2159 627 2220 sudum,
646 2157 690 2226 qul
711 2157 853 2222 ²)Anreios
869 2155 954 2208 dietus
974 2163 1023 2221 est,
1042 2155 1101 2210 iooo

62 2272 111 2313 seo
131 2259 158 2311 in
177 2251 326 2327 pontiiioem
344 2253 485 2320 ordinauit,
503 2260 530 2309 et
548 2255 610 2325 quia
627 2254 716 2312 sedon
735 2253 908 2326 apostolicam
930 2257 1013 2310 insito
1028 2256 1101 2311 eiero

62 2357 186 2429 reliquit,
217 2356 393 2425 nomenoius
415 2353 448 2408 de
475 2353 599 2427 oataiogo
625 2353 774 2426 pontiioem
797 2353 865 2410 idern
889 2353 976 2410 aleres
1001 2354 1103 2410 abrasit

63 2471 215 2528 omnemque
233 2455 364 2527 gratiam,
389 2469 467 2526 quam
490 2468 568 2509 saner
584 2454 630 2509 iiie
649 2456 779 2529 virginera
795 2453 892 2510 olores
910 2455 938 2508 in
955 2458 1030 2509 ouria
1047 2453 1101 2509 llo-

62 2569 140 2610 mena
156 2553 300 2619 babuerat,
319 2560 472 2623 atempore
490 2553 537 2608 itio
555 2555 652 2610 amisit
688 2555 745 2611 lieo
763 2562 850 2610 autem
869 2555 950 2625 iniqui
967 2555 1102 2625 principes

61 2654 194 2712 Romanae
212 2652 340 2720 miiitiae,
357 2653 460 2710 soiiioet
475 2652 609 2710 Maximus
627 2661 655 2710 et
671 2653 824 2722 Airioanua,
843 2653 962 2710 ridentes
981 2668 1102 2725 nagnam

62 2752 252 2809 multitudinem
273 2755 402 2825 uirginem
423 2753 536 2825 siquod
555 2755 628 2808 multi
646 2754 796 2827 maiusque
816 2753 851 2808 ad
869 2769 915 2810 aas
931 2753 1102 2821 confluerent,

61 2855 219 2919 deserent,
239 2868 272 2909 ne
292 2869 341 2925 per
357 2867 405 2908 aaa
424 2854 500 2908 nimis
517 2860 650 2910 creseeret
667 2854 764 2928 religio
782 2852 993 2910 ebriatianorurn.
1031 2852 1103 2916 Qua-

61 2958 172 3025 propter
201 2954 253 3008 iter
282 2967 371 3008 samm
402 2951 557 3025 diligentius
587 2954 756 3024 explorantes
783 2956 889 3010 nuntios
919 2957 1045 3009 miseeret
1067 2953 1099 3009 ad

60 3052 157 3110 triton
175 3057 314 3124 angustum
333 3067 407 3106 suun
424 3053 569 3123 prinoipem
581 3055 670 3125 gentis
682 3051 841 3120 Hunnorum,
860 3053 995 3122 niedneto
1010 3061 1104 3110 eontra·

63 3167 110 3208 aas
129 3153 248 3207 exereitu
264 3152 349 3222 ipsas,
368 3165 424 3206 oen
445 3151 608 3210 obsistianae
625 3160 724 3220 essent,
742 3169 800 3209 oum
820 3155 937 3211 uenirent
955 3154 1102 3222 Coloniam,

61 3250 237 3310 trucidarent.
271 3249 373 3308 Beatus
390 3252 473 3324 igitur
490 3252 617 3322 Cydonea
639 3268 697 3308 een
717 3252 765 3308 iiia
785 3253 869 3309 nobili
888 3257 1017 3328 uirginem
1036 3255 1103 3309 nei·

61 3349 176 3408 titudine
192 3350 226 3407 de
244 3350 310 3408 urbe
327 3366 453 3424 egressus
472 3358 528 3417 est.
554 3359 661 3407 aeootua
684 3359 725 3408 est
744 3359 830 3409 aetem
847 3356 932 3424 ipsae
952 3352 1104 3410 vincentina

62 3449 195 3522 presbiter
217 3449 363 3506 oardinaiis
385 3456 412 3506 at
433 3449 565 3518 lacobus,
593 3454 637 3524 qni
665 3451 699 3507 de
719 3452 857 3508 Britannia
884 3455 971 3522 patria
1002 3469 1052 3508 sua
1076 3457 1103 3510 in

61 3549 229 3607 Antioobiatn
247 3550 383 3622 proiectus
400 3550 646 3623 archiepisoopatna
663 3551 819 3624 dignitatern
838 3557 938 3622 septen
957 3555 1032 3608 annis
1052 3552 1103 3607 ibi·

61 3649 120 3706 dent
138 3651 228 3706 tenuit.
265 3649 316 3714 eat
333 3665 390 3705 snm
408 3665 503 3722 papeut
522 3658 583 3706 tuno
599 3652 727 3721 temporis
746 3654 881 3708 visitasset
899 3656 924 3706 et
939 3655 995 3722 jorn
1013 3651 1102 3707 urbem

62 3763 188 3822 ιςτιιιιιι
216 3748 251 3805 de
274 3752 405 3822 uirginem
424 3750 538 3806 aduente
556 3751 700 3818 audiisset,
726 3754 844 3807 oonoites
862 3749 940 3806 rediit
957 3757 983 3804 et
1000 3753 1103 3806 itineris

61 3864 94 3905 ao
120 3851 254 3922 passionis
278 3865 309 3905 aa
333 3852 367 3904 iis
391 3851 490 3905 aesinae
513 3849 587 3908 ieoit.
631 3849 809 3918 ³)Manrislus
826 3865 931 3922 qaoque
953 3847 1103 3906 Leuioaneo

62 3949 137 4006 urbia
155 3949 312 4020 episcopus,
335 3947 479 4006 avunculus
496 3949 609 4026 liubilae
635 3959 662 4004 et
677 3949 820 4018 lullanae,
848 3963 948 4005 noanon
970 3957 997 4004 et
1013 3947 1103 4004 rotta-

62 4050 118 4106 riaa
142 4051 272 4106 Lunensis
297 4051 439 4121 episeopus
462 4055 491 4106 et
512 4048 646 4121 Sulpioles
669 4049 850 4106 Rauennensis
875 4051 1033 4120 episeopus,
1059 4053 1102 4120 pai

61 4154 124 4205 tuno
135 4147 242 4206 Roman
255 4149 427 4216 monuerant,
447 4147 593 4220 praedietis
607 4149 754 4223 uirginibus
768 4147 955 4204 adhaeserunt.
974 4145 1112 4204 Etberoes

63 4263 169 4320 quoque
186 4264 302 4320 sponsus
321 4248 418 4305 beatae
432 4247 543 4306 [Inulae
561 4263 669 4306 naneae
697 4252 723 4304 in
741 4247 879 4304 Britannia
901 4263 950 4319 por
976 4248 1103 4302 visionem

114 4401 135 4453 t)
148 4400 189 4448 sd.
203 4406 237 4449 i'r.
250 4401 411 4446 detrahere
425 4399 485 4452 lesit.
549 4400 572 4454 2)
585 4398 625 4447 dd.
640 4405 674 4445 l’r.
688 4405 783 4446 bietoa
796 4399 859 4454 inuit.
924 4402 945 4452 t)
959 4397 1016 4442 tiliis
1029 4402 1102 4441 uan-

63 4465 164 4512 ultius.
