2866 5310
314 473 378 540 350
460 481 534 560 Osp.
550 480 695 544 LXXXH.
738 487 782 547 De
804 487 909 550 eunctis
931 488 995 549 Vite
1017 500 1046 551 et
1066 490 1211 554 Modesto.

628 813 723 910 tii.
748 813 906 912 iiiiii.
940 815 1039 918 (772)

465 967 541 1036 lie
562 965 745 1038 sanctis
765 966 876 1039 vtio
903 969 954 1039 ci
973 969 1203 1044 Modesto.

380 1125 455 1185 i'itus
476 1127 572 1186 dicitur
590 1145 607 1186 a
624 1133 693 1199 sits;
723 1129 865 1206 distinguit
892 1139 978 1190 uutcsu
1004 1133 1169 1208 Augustinus
1190 1137 1216 1191 iu
1233 1134 1303 1192 libro
1321 1135 1356 1193 ds

313 1231 487 1287 civitatensi
506 1229 705 1304 tripicxgonuu
732 1233 821 1298 sitae,
845 1233 948 1289 scitioct
971 1240 1124 1304 actuosum,
1147 1235 1219 1309 quod
1242 1239 1357 1310 pertinet

314 1331 349 1388 ad
365 1332 445 1386 vituts
462 1332 591 1396 wittune,
609 1333 732 1398 otiosum,
753 1331 822 1403 quod
840 1333 956 1402 pertinet
974 1333 1008 1390 ui
1028 1337 1108 1390 otiunn
1127 1335 1267 1407 spirituale
1284 1339 1357 1392 sitso

314 1429 543 1500 contemplativus,
569 1435 596 1486 ei
612 1446 645 1486 cs
662 1438 775 1502 utroque
792 1434 973 1501 compositum.
1008 1431 1041 1490 Et
1060 1436 1130 1491 istud
1155 1438 1253 1509 tripies
1270 1449 1356 1510 genus

315 1531 385 1587 situs
409 1529 506 1586 tuitio
531 1544 572 1584 eo.
607 1528 658 1588 voi
676 1528 753 1588 Vitus
776 1534 853 1604 quasi
877 1535 978 1602 sirius,
1006 1534 1096 1592 idest
1118 1538 1260 1592 virtuosus.
1361 1587 1365 1596 .

379 1629 519 1687 Modestus
549 1633 627 1701 qussi
656 1637 731 1686 sisne
755 1633 782 1686 iu
802 1631 905 1700 medio,
941 1631 993 1689 hoo
1014 1642 1056 1690 est
1080 1635 1107 1690 in
1131 1635 1217 1691 susdto
1242 1637 1355 1704 vincitis,

313 1729 458 1805 qnanitiet
482 1731 548 1787 eniut
573 1731 693 1785 virtutem
719 1738 843 1802 tanquan
873 1732 986 1788 medium
1011 1727 1180 1791 circumstant
1203 1733 1263 1790 duo,
1282 1737 1356 1802 sitis,

312 1839 444 1904 tsruquuus
455 1835 581 1885 ostreno.
609 1827 674 1884 Nuus
688 1837 806 1888 ostreno
816 1832 972 1904 pudentius
983 1841 1044 1890 suni
1056 1834 1186 1890 dolositas
1197 1842 1224 1891 et
1235 1835 1356 1902 fatuitas,

314 1939 431 1989 ostreno
440 1930 631 2001 temperantiae
641 1927 833 1988 desideriorum
845 1931 988 1988 carouiiuru
1000 1933 1161 2006 adiuuieiiu.
1170 1941 1197 1990 et
1206 1933 1356 1990 ouini-oda

312 2033 354 2088 sut
378 2029 504 2097 aiiiiotto,
527 2036 646 2086 eutreua
671 2029 834 2088 tortitudinis
858 2032 1063 2104 pusilisuiuitas
1086 2041 1113 2092 et
1129 2035 1282 2103 teneritas,
1306 2049 1354 2092 ou-

312 2139 397 2189 trene
408 2130 531 2201 juctiiisc
548 2129 691 2186 crudsitius
711 2138 738 2187 st
755 2134 886 2188 remissio.

379 2230 455 2288 Yiius
474 2244 541 2301 puer
558 2232 685 2303 egregius
703 2238 731 2286 et
746 2230 832 2288 tidelis
850 2247 975 2288 eunomus
991 2231 1040 2288 itti
1057 2237 1084 2288 in
1101 2232 1193 2289 Sicilia
1210 2235 1353 2290 nurtiriunt

312 2346 409 2405 pasus
426 2337 477 2386 est.
511 2329 559 2386 iiio
575 2344 592 2385 a
610 2336 686 2400 patro
704 2337 800 2386 orooro
817 2330 973 2388 verberatus
992 2348 1024 2388 cu
1043 2347 1084 2400 eo,
1103 2330 1173 2405 quod
1191 2332 1272 2404 sicia
1289 2349 1353 2389 uou-

312 2431 445 2488 trutucbut
462 2445 512 2486 uec
530 2432 591 2501 ipsa
609 2428 723 2486 adorare
742 2431 864 2488 uolebat:
882 2430 952 2503 quod
970 2431 1081 2488 audieus
1098 2432 1255 2488 Valerianus
1273 2449 1354 2505 prse-

313 2534 400 2590 ieoius
419 2544 526 2602 puerum
545 2530 687 2586 accersisti
705 2535 731 2586 et
748 2528 900 2587 sacrificare
911 2531 1041 2588 uolentem
1055 2530 1353 2604 iustiunscuedtjnssit,

311 2632 423 2689 brachis
439 2636 526 2686 auten
544 2627 737 2685 verberantium
756 2636 782 2686 ct
799 2643 890 2686 nunus
909 2631 1038 2702 praetecti
1053 2635 1140 2688 station
1154 2639 1279 2689 meroni
1296 2632 1352 2689 oia·

311 2735 443 2804 usuique
469 2728 638 2802 praetentus:
662 2727 730 2784 vasis
748 2727 825 2798 nitri,
854 2733 918 2802 quis
941 2747 1042 2788 neuun
1066 2732 1152 2786 annisi.
1188 2732 1236 2788 Cui
1263 2730 1353 2788 Vites:

311 2831 441 2889 secedunt
462 2828 507 2887 iiii
527 2830 567 2884 tut
589 2834 616 2885 et
639 2834 734 2885 sonent
757 2835 799 2892 te.
824 2831 848 2885 si
868 2837 988 2900 possunt.
1024 2830 1071 2886 Cui
1098 2830 1158 2889 itte:
1182 2827 1306 2904 uuusqutd
1326 2839 1354 2889 ct

310 2940 340 2988 tu
356 2931 447 2988 ducere
463 2929 539 2986 ruico
556 2927 627 2986 ioci
662 2928 711 2984 Cui
726 2926 815 2984 Vitus:
835 2931 861 2983 iu
881 2932 986 2986 nostine
1004 2928 1101 2986 donnini
1120 2933 1171 2987 net
1188 2931 1276 3000 anion,
1294 2939 1353 2988 sta·

309 3036 409 3106 titoque
425 3047 475 3103 pro
493 3045 526 3086 eo
543 3029 630 3084 oratii
643 3028 818 3083 etsauitateus
829 3029 882 3084 sibi
899 3030 1020 3086 obtinuit
1055 3029 1180 3103 Dixitque
1198 3031 1353 3103 praefectus

309 3135 395 3206 putri:
412 3132 516 3200 currina
535 3141 643 3199 pessmus
661 3132 742 3194 tusus,
761 3141 794 3184 ns
811 3129 879 3184 nais
896 3137 999 3200 possut.
1033 3127 1110 3184 Tunc
1128 3147 1185 3185 euru
1203 3133 1230 3186 iu
1249 3129 1353 3188 donnus

310 3231 409 3288 dueeus
427 3229 541 3284 diversis
559 3227 714 3280 ruusicorun
732 3227 876 3300 gonoribus
893 3236 921 3283 et
939 3227 1085 3300 puellarum
1103 3230 1206 3286 iusitsus
1225 3230 1352 3287 ulisrusu-

310 3347 361 3406 quc
380 3331 531 3388 deliciorum
549 3325 693 3398 generibus
718 3328 855 3386 innotare
880 3330 990 3384 auium
1009 3331 1085 3398 pueri
1102 3330 1252 3402 satagebat.
1288 3329 1352 3386 Cure

301 3437 397 3488 auten
422 3441 480 3484 eunt
504 3424 699 3482 iuihaiausuus
723 3424 892 3494 inclusisset,
921 3427 1050 3482 intrabilis
1083 3427 1175 3483 odoris
1204 3428 1353 3502 fragrantis

309 3531 372 3587 inde
398 3530 477 3594 auiti,
501 3539 569 3598 quse
594 3531 695 3596 putrem
718 3531 745 3580 et
769 3531 850 3580 totu·
875 3525 1002 3582 taniiism
1028 3529 1108 3582 nimio
1133 3529 1217 3586 odurc
1233 3530 1352 3601 pertudit

309 3630 513 3701 suspiciensque
530 3630 670 3695 estsuper
688 3621 782 3680 notun
802 3624 868 3679 uidit
884 3633 985 3696 sentosa
1006 3627 1117 3698 angelos
1136 3630 1207 3682 cirea
1225 3629 1350 3686 intantum

299 3735 412 3787 -stuutes
430 3726 562 3797 dixitque:
580 3722 622 3778 Dii
643 3729 769 3778 rouonnt
787 3724 813 3778 in
834 3723 937 3780 douuru
955 3739 1047 3792 ueste,
1065 3727 1207 3798 statimque
1225 3736 1351 3784 onomius

309 3837 359 3886 est
393 3826 436 3884 ,iti
458 3827 535 3897 cujus
560 3821 701 3878 clamoren
723 3830 781 3878 tota
797 3825 892 3878 ciuitas
908 3822 1016 3878 Lucano
1034 3833 1163 3880 oouuuotu
1180 3831 1240 3892 ssi,
1266 3829 1305 3883 itu
1322 3835 1351 3884 ut

307 3927 467 3985 Valerianus
487 3927 639 3980 awurreroi
665 3927 701 3988 et,
725 3921 787 3994 quid
813 3921 866 3977 sibi
891 3922 1053 3992 accidisset,
1083 3925 1266 3999 interrogauit
1300 3927 1350 3984 Cui

307 4027 370 4084 iilo:
396 4025 469 4083 neon
493 4021 549 4079 uidi
566 4023 660 4094 igneos
679 4021 822 4076 cicuitum
839 4037 927 4078 eoruut
946 4021 1017 4078 terre
1033 4039 1086 4080 uon
1103 4025 1187 4095 potui.
1220 4026 1263 4083 iid
1280 4034 1349 4084 tenu-

304 4127 378 4204 piuru
395 4121 563 4198 igiturioetu
574 4119 711 4176 deducitur
730 4125 757 4177 et
773 4135 821 4190 pro
838 4123 1040 4192 recuperatione
1056 4122 1162 4178 luminis
1176 4130 1279 4181 isurun
1292 4141 1350 4182 cust

308 4222 433 4280 cornibus
451 4223 540 4277 aureis
558 4220 714 4292 potitoeior,
733 4217 783 4274 scd
799 4233 857 4276 cun
874 4220 939 4276 niinti
957 4221 1112 4293 proiceret,
1134 4221 1213 4278 ditoni
1233 4241 1282 4297 pro
1300 4241 1351 4282 suu

310 4325 449 4380 sanatione
463 4320 570 4394 rogarit
587 4325 614 4374 ot
630 4318 717 4374 iunen
735 4321 791 4374 suis
816 4318 940 4390 precibus
963 4323 1139 4393 mensurarit
1175 4320 1238 4378 dun
1262 4331 1350 4381 suiuus

308 4435 358 4479 nec
374 4419 566 4487 escenderet,
584 4415 632 4476 sed
650 4421 738 4489 potius
756 4417 836 4474 filiunt
856 4419 978 4476 occidero
994 4423 1142 4493 cogitaret,
1168 4421 1280 4496 angetur
1299 4423 1350 4479 do-
