2984 5302
338 502 401 569 itit
444 503 516 588 Cap.
539 501 642 566 CXIX.
675 505 718 564 Da
742 504 917 566 assumtione
939 513 1053 566 nanctae
1074 504 1184 565 Mariua
1205 500 1334 584 virginio.

339 663 495 733 honoravit,
514 669 584 738 qtunn
602 670 645 721 aat
660 662 778 732 undaro,
796 680 852 721 oon
872 668 900 722 tn
918 671 1000 722 rnorta
1018 664 1150 738 singulari
1167 661 1332 718 natutntiona
1349 665 1379 716 ot

338 765 451 837 apaotaii
467 768 555 838 gratia
572 763 727 822 honorasse.
763 764 877 822 Putrado
896 771 922 821 at
938 767 1034 820 narnia
1059 765 1186 820 iunanao
1211 768 1253 818 ert
1275 776 1378 832 oppro-

339 847 422 921 briun
440 864 607 922 nonditionia.
642 865 683 921 Ab
708 864 758 920 hoo
781 864 924 937 opprobrio
950 880 1006 921 ounr
1023 865 1103 922 Jaaur
1121 867 1158 921 ait
1178 863 1300 929 alienun,
1327 875 1377 917 aa·

337 971 399 1021 tura
420 964 525 1022 Mariua
549 966 695 1044 anoipttur,
727 981 803 1037 quarn
829 963 907 1023 Jaaua
937 964 971 1022 do
997 981 1031 1022 aa
1054 967 1212 1022 nanu-aiano
1236 961 1375 1036 probatur.

338 1063 408 1121 (Iuro
427 1067 493 1121 antur
510 1063 573 1123 ioan
592 1079 655 1121 oaro
673 1072 715 1122 out
730 1065 846 1133 itariae,
869 1081 947 1138 quani
970 1079 1051 1139 anpra
1067 1075 1141 1122 arira
1160 1065 1308 1122 transvexit
1324 1061 1375 1118 iro-

337 1179 436 1220 norans
460 1180 560 1222 aunan
584 1165 721 1222 hunanon
744 1173 864 1222 naturum
889 1173 918 1223 at
937 1165 1021 1222 inuito
1042 1168 1128 1240 nagia
1155 1172 1308 1222 maternam.
1345 1164 1376 1220 Si
1415 1181 1418 1190 ⁴

337 1271 432 1320 natura
449 1267 541 1320 natrir
559 1271 601 1321 asi
617 1265 701 1334 iiiios,
719 1268 877 1322 oonrantana
896 1272 951 1333 aot,
973 1272 1003 1322 ut
1024 1267 1060 1320 att
1081 1271 1108 1320 et
1131 1263 1179 1320 titii
1196 1271 1295 1330 uniar,
1321 1280 1376 1320 non

337 1371 461 1436 quantun
479 1365 514 1422 arl
531 1368 656 1421 unitatarn
674 1381 822 1438 naraonaa,
840 1367 887 1422 aad
908 1371 1030 1438 qnantum
1048 1364 1083 1420 ad
1100 1367 1225 1421 unitatarn
1243 1380 1374 1437 corpora·
1400 1373 1401 1376 ’

337 1463 373 1518 itu
391 1471 510 1520 naturae.
545 1465 573 1522 Si
584 1446 658 1522 ¹antu
677 1470 802 1523 unitatem
821 1467 909 1523 incana
927 1472 1017 1538 potant
1034 1469 1123 1540 gratia
1139 1468 1196 1522 aina
1207 1467 1374 1536 proprietate

307 1605 310 1610 .
338 1564 463 1635 apaotaiia
481 1570 606 1632 noturaa,
631 1572 728 1638 quanio
746 1569 847 1638 nagia,
871 1565 916 1620 ubi
940 1568 1045 1639 gratian
1065 1567 1152 1621 unitas
1174 1572 1200 1620 et
1223 1565 1373 1636 oorooraiia

337 1663 462 1734 ananiaiir
480 1667 614 1722 natirttnr.
649 1665 742 1723 Unitaa
766 1670 870 1741 gratian
895 1673 936 1722 eat
959 1674 989 1723 ut
1006 1666 1191 1738 utiaoipnlornnr
1210 1667 1236 1720 tn
1254 1663 1373 1738 (inrisio,

337 1762 372 1819 da
389 1762 484 1836 quibua
503 1763 580 1821 uicit:
596 1772 626 1822 ut
643 1768 696 1822 sint
713 1783 800 1835 unurn,
818 1769 888 1824 siout
905 1774 932 1824 at
948 1783 1006 1834 noa,
1025 1773 1051 1822 at
1070 1773 1177 1837 postea:
1196 1771 1281 1835 pater,
1301 1765 1372 1831 roto,

337 1871 375 1932 ut,
393 1863 439 1920 ubi
457 1880 514 1920 auru
531 1879 597 1940 ago,
622 1876 648 1922 at
666 1866 704 1922 itii
723 1869 777 1923 nint
800 1881 906 1931 mooun.
941 1867 968 1924 St
995 1869 1078 1940 igitur
1094 1878 1180 1924 sonum
1198 1864 1301 1921 honora
1317 1865 1376 1922 ruit

337 1979 401 2031 oon,
427 1967 470 2038 qut
487 1964 532 2021 luto
548 1979 598 2022 aua
614 1964 665 2024 ido
684 1967 801 2040 ¹)Jnnoti
818 1985 895 2024 ununr
914 1983 971 2024 uun
990 1984 1023 2024 ao
1041 1983 1101 2024 aaaa
1115 1966 1284 2039 indnuntur,
1308 1964 1373 2038 quii

338 2064 537 2122 autsunantun
556 2073 598 2122 eat
614 2067 647 2124 da
665 2076 758 2136 matra,
775 2069 821 2125 nbt
836 2069 919 2144 digna
930 2071 965 2125 ait
983 2067 1086 2134 hahart,
1105 2069 1156 2123 nini
1174 2068 1200 2122 in
1218 2068 1373 2138 praenuntia

336 2164 408 2222 nini
442 2166 569 2230 Quuutun
590 2169 673 2241 igitur
688 2170 825 2243 tutotttgo,
844 2175 966 2241 quantun
985 2168 1078 2234 oraio,
1096 2167 1200 2224 Mariua
1219 2169 1308 2223 anina
1325 2183 1373 2224 au·

336 2266 485 2332 oollantiori
509 2267 620 2341 qondam
644 2272 833 2343 praerogativo
861 2287 879 2326 a
902 2269 956 2326 iiio
986 2271 1144 2334 honoratur,
1174 2267 1316 2338 quantiano
1344 2271 1371 2324 in

337 2364 443 2422 Christo
458 2381 555 2439 cornua
568 2385 651 2438 anun,
669 2369 740 2441 quud
752 2374 844 2442 gannit
856 2371 1052 2444 gioritioatnnt
1070 2367 1103 2425 Et
1116 2383 1198 2441 quara
1215 2383 1268 2422 non
1284 2383 1370 2436 nunu,

337 2483 386 2538 por
402 2466 473 2539 quod
490 2469 603 2540 gannit?
637 2468 667 2524 Si
687 2485 738 2524 non
758 2470 923 2536 obviarunt,
950 2485 997 2526 neo
1014 2470 1073 2524 dun
1091 2473 1231 2540 peronneto
1252 2471 1371 2525 auotori-

336 2573 397 2632 taa,
431 2581 492 2622 raro
518 2566 614 2624 orado:
649 2575 676 2626 at
706 2586 754 2640 por
777 2569 847 2643 qnod
872 2573 977 2644 gannit,
1010 2572 1073 2643 quia
1097 2574 1172 2624 tanta
1195 2567 1370 2633 annotiioatto

298 2673 299 2676 ’
337 2663 445 2740 dignior
462 2674 503 2722 aut
519 2667 595 2724 ooola
614 2681 691 2742 quarn
710 2676 790 2726 tarra.
827 2669 960 2726 Tironun
975 2669 1033 2737 liei,
1052 2667 1305 2740 thninnrurnrponat,
1322 2669 1370 2725 uto-

336 2782 404 2822 urun
423 2766 521 2824 donini
543 2777 624 2841 atqua
641 2768 741 2825 Chrirtt
765 2769 960 2828 tabarnauniun
978 2769 1086 2843 dignun
1111 2775 1152 2826 ant
1169 2768 1205 2824 tar
1223 2784 1300 2838 arao,
1324 2769 1370 2825 uiti

336 2869 396 2940 ipsa
415 2874 471 2936 oat;
488 2875 543 2923 tana
559 2870 702 2940 pratioanrn
722 2869 873 2927 thasaururn
890 2871 997 2944 digniora
1016 2869 1168 2926 astanetum
1181 2851 1257 2941 quarn
1271 2877 1371 2926 terrain

336 2982 454 3025 tartara.
491 2967 603 3024 Tanton
621 2971 799 3042 integritntanr
825 2973 917 3027 turrito
935 2970 1181 3040 incorruptibilitas,
1206 2986 1258 3025 non
1276 2977 1369 3043 putro-

336 3067 405 3123 dinia
426 3067 483 3124 ullu
499 3069 627 3124 roaoiutio
648 3073 782 3140 nequitur,
805 3071 869 3126 utut
892 3072 1085 3126 annoiiasinunr
1108 3084 1203 3140 cornua
1226 3071 1254 3124 tn
1282 3084 1371 3128 arnan

336 3169 469 3225 tornitrua
491 3167 633 3238 traiiturn,
658 3173 721 3240 quia
744 3172 843 3228 rontiro
872 3187 926 3226 uon
955 3169 1048 3238 ratao,
1082 3170 1172 3227 dinara
1202 3171 1371 3240 partiniaco.

337 3268 420 3334 Quum
443 3271 661 3325 auiatinniionanr
685 3271 777 3341 prount
803 3271 878 3342 petiit
902 3269 1115 3342 tnoonnnrnbtita
1139 3272 1242 3343 gratian
1267 3285 1370 3338 nunna,

336 3368 408 3442 quoii
431 3385 472 3426 rna
495 3368 584 3426 dinero
607 3369 742 3426 nultaruru
769 3372 955 3442 roripturarun
974 3369 1152 3426 oonaidaratio
1170 3371 1271 3425 inritat.
1306 3369 1371 3427 Suis

335 3470 480 3544 aliquando
496 3472 623 3525 niniatrta
640 3473 738 3527 raritaa
755 3473 809 3527 ait:
826 3469 872 3526 ubi
891 3486 943 3545 ago
961 3486 1027 3538 uun,
1044 3471 1100 3525 iiiia
1116 3476 1143 3525 at
1159 3470 1278 3526 niniatar
1295 3479 1371 3527 naua

336 3574 397 3630 orit.
430 3571 460 3627 St
478 3569 546 3628 huon
562 3577 604 3628 art
620 3571 753 3644 genoratio
771 3574 902 3627 aantantta
919 3572 1031 3627 onntun
1054 3585 1102 3641 nar
1125 3568 1202 3626 idon
1226 3576 1252 3625 ot
1272 3584 1370 3641 opara-

335 3673 433 3728 ttonanr
451 3671 555 3728 chutun
575 3669 784 3740 ninistrantiun‚
803 3678 899 3744 quanto
911 3672 997 3744 nagia
1010 3667 1201 3742 quodamnodo
1215 3670 1372 3742 aporiantur
1424 3655 1429 3662 ¹

336 3769 456 3838 nanno,
481 3785 550 3844 quaa
568 3769 669 3844 altaque
686 3772 766 3828 dubio
785 3773 853 3826 unni
872 3787 952 3843 opara
971 3771 1141 3826 ninirtrntrix
1161 3771 1275 3834 oxatttit,
1300 3785 1371 3842 quaa

336 3871 405 3928 huno
423 3873 450 3927 tn
471 3878 548 3928 utaro
566 3856 653 3946 gaaait
669 3877 798 3944 partuque
816 3872 951 3943 proiuauu
968 3871 1035 3928 uiuit
1052 3877 1079 3926 ai
1100 3870 1167 3926 iorit
1188 3876 1214 3926 at
1238 3871 1266 3924 in
1288 3885 1369 3941 praa-

336 3973 413 4045 aepio
431 3971 570 4030 rooitnartt
586 3978 613 4028 et
630 3973 735 4046 iugiana
752 3974 778 4026 tn
796 3971 942 4046 Aegypton
958 3955 1099 4028 abaoondit
1121 3975 1148 4027 ot
1165 3985 1264 4026 onnon
1281 3969 1369 4026 inion-

335 4075 400 4128 itan
418 4075 477 4147 eiua
495 4077 634 4146 prosecuta
652 4087 735 4145 unqua
753 4071 787 4126 ud
808 4087 909 4128 oruoan
928 4068 962 4126 ab
982 4072 1040 4142 alna
1059 4086 1111 4127 non
1129 4073 1243 4126 roooaait
1255 4076 1368 4126 raotutu.

335 4170 395 4228 Non
412 4174 498 4245 notuit
513 4180 599 4230 nutam
624 4173 682 4243 ajua
708 4171 853 4228 dirtnttattu
876 4188 927 4229 non
954 4187 1015 4228 earo
1040 4169 1161 4236 oraduia,
1185 4184 1252 4244 quaa
1270 4184 1301 4225 aa
1319 4186 1368 4225 uo-

337 4279 412 4330 rarnt
434 4271 502 4330 huno
528 4271 671 4328 non-uirili
694 4274 809 4342 nonina,
838 4271 885 4330 aad
916 4272 1005 4334 divino
1034 4273 1175 4344 aptrauiua
1206 4273 1368 4343 uonoaniraa

387 4484 410 4538 l)
423 4483 577 4532 Affiuttuiii.
