2984 5302
336 449 402 514 490
483 449 556 530 Cap.
579 446 695 512 cxvii.
735 451 781 512 De
801 461 899 512 sanem
922 452 1077 512 Laurentio
1102 451 1228 512 martire.

337 604 376 663 Ne
391 605 615 678 veroproditorle,
630 606 678 664 ted
686 608 744 664 uelo
751 605 927 678 ydololatriae
940 610 1068 666 donlnutn
1075 625 1150 666 suom
1158 609 1289 668 oooldlsse
1298 609 1374 667 ride·

337 712 418 774 retur,
436 704 595 764 christianos
613 711 700 781 coepit
716 708 896 766 crudelissime
907 711 1040 782 persequi,
1059 711 1225 782 praecipiens
1240 711 1300 766 illes
1313 713 1373 766 titre

337 805 392 860 ulta
411 805 595 863 misericordia
608 809 744 867 trucidari.
761 807 790 864 ln
801 807 851 864 hau
861 812 1043 880 persecutione
1055 811 1136 866 multa
1149 810 1373 866 millianartirum

337 907 505 972 corrnerunt,
530 909 600 964 inter
623 924 688 982 quos
706 917 734 966 et
751 908 888 981 Philippus
903 911 995 981 junior
1012 913 1130 966 martirio
1152 917 1194 966 est
1218 918 1372 970 coronatus.

336 1005 400 1062 Post
412 1006 567 1063 hncileoirts
581 1008 613 1064 de
627 1007 751 1064 thesaure
762 1009 860 1064 domini
873 1011 914 1064 sui
929 1011 1124 1088 inquisitionem
1136 1011 1247 1078 latiens,
1265 1010 1372 1066 ohlatus

335 1115 377 1169 est
395 1109 420 1163 el
435 1106 528 1162 beatur
546 1106 649 1178 Sirius,
668 1114 798 1181 unquam
815 1110 860 1180 pul
878 1107 1008 1164 Christum
1032 1110 1132 1166 coloret
1154 1119 1181 1164 et
1204 1111 1373 1190 imperatoris

334 1207 475 1264 tltesauros
491 1204 611 1265 haberet.
646 1206 721 1263 Tunc
737 1208 832 1264 Bauius
848 1209 930 1282 jussit
952 1224 1009 1266 eum
1027 1212 1053 1264 irt
1071 1223 1201 1266 otreerern
1220 1212 1318 1281 recipi,
1343 1219 1373 1264 ut

335 1325 383 1380 per
403 1307 478 1362 illata
494 1314 624 1362 tormenta
642 1307 773 1364 Christum
793 1316 905 1382 negaret
929 1314 955 1364 et
972 1308 1113 1365 thesauros
1131 1309 1264 1380 proderet.
1300 1309 1368 1366 liest-

333 1415 376 1464 ttts
395 1416 480 1464 auton
496 1405 657 1464 Laurentius
676 1410 760 1479 lpsuttt
777 1425 889 1481 sequeus
908 1415 969 1480 post
987 1424 1044 1464 eunt
1063 1407 1211 1464 clamabat:
1236 1426 1288 1482 quo
1306 1426 1370 1481 pro-

334 1509 457 1582 grederis
470 1511 527 1564 sino
546 1506 610 1575 illo,
627 1509 724 1580 pater?
748 1524 807 1580 quo,
829 1509 955 1564 sacerdos
973 1514 1073 1576 sancto,
1092 1511 1150 1564 siue
1168 1509 1287 1581 dpaeono
1306 1525 1369 1580 pro·

334 1611 432 1682 peresi
467 1607 510 1663 Tu
534 1624 664 1680 nunquam
682 1611 740 1665 sire
758 1610 877 1664 ministro
895 1607 1049 1663 sacrificium
1068 1607 1164 1664 ollorre
1181 1624 1369 1666 consueveras.

334 1709 402 1773 outo
428 1710 454 1763 lu
482 1724 523 1764 me
549 1706 684 1779 displicuit
707 1710 861 1780 paternitati
883 1711 966 1764 tuoe?
995 1708 1119 1781 nunquid
1145 1709 1302 1783 degenerem
1328 1727 1371 1767 ute

334 1809 477 1882 prohasti?
510 1805 639 1879 Eupterire
655 1815 743 1876 oerte,
766 1815 850 1864 utrum
868 1808 988 1864 idoneum
1006 1811 1150 1864 ministrum
1169 1807 1301 1883 elegeris,
1326 1813 1370 1866 oui

332 1910 487 1964 commisisti
511 1908 634 1963 dominici
656 1910 795 1981 sauguinis
816 1908 1050 1980 dispensationem.
1083 1908 1133 1965 (lul
1164 1909 1258 1965 heatus
1276 1910 1369 1966 Siuttts

334 2008 418 2064 diult:
437 2023 490 2063 uon
507 2023 558 2082 ogo
577 2014 605 2064 te
622 2007 735 2076 desero,
754 2007 810 2076 tlt,
830 2025 915 2084 noque
932 2008 1103 2082 derelinquo,
1129 2008 1178 2066 sed
1195 2011 1299 2081 maiora
1317 2012 1367 2066 tihi

332 2107 462 2166 debentur
489 2125 538 2180 pro
567 2106 619 2165 ide
650 2108 750 2164 Christi
779 2110 929 2165 denomino.
965 2107 1020 2164 Nos
1051 2112 1128 2180 quasi
1152 2124 1230 2166 tenes
1257 2110 1369 2166 lerloris

331 2223 437 2282 pugnae
465 2224 567 2264 cursum
585 2210 740 2280 recipimus,
763 2215 790 2264 te
817 2215 904 2264 autern
931 2211 1009 2280 quasi
1030 2210 1153 2281 lusorem
1171 2215 1259 2266 manet
1276 2211 1309 2268 de
1325 2218 1368 2283 ty-

331 2323 418 2378 ranno
434 2308 580 2382 gloriosior
597 2308 755 2380 triumphus:
779 2315 841 2380 post
864 2307 976 2384 trltluupt
1000 2324 1040 2364 me
1063 2311 1183 2382 sequeris
1201 2309 1368 2368 sacerdotem

226 2471 230 2476 ¹
332 2408 421 2464 levita.
456 2407 586 2482 [luditque
610 2410 635 2464 ei
659 2424 749 2464 ornnes
771 2407 912 2463 thesauros
937 2410 1117 2480 praecipiens,
1144 2416 1173 2466 nt
1200 2409 1321 2466 ecclesiis
1341 2417 1368 2465 et

331 2509 493 2580 pauperihus
511 2515 643 2582 erogaret
679 2508 777 2563 Beatus
801 2509 883 2580 igilur
908 2507 1067 2564 Laurentius
1091 2508 1251 2565 christianos
1269 2509 1314 2566 die
1334 2524 1367 2566 ao

291 2589 298 2608 ⁰
330 2613 408 2666 noeto
427 2609 568 2681 diligenter
586 2609 718 2680 quaesiuit
736 2615 764 2663 et
774 2609 924 2679 uuicuique,
944 2614 1023 2678 prout
1033 2624 1101 2680 opus
1115 2607 1210 2676 luerat,
1228 2611 1366 2665 ninistra-

331 2709 377 2763 tit.
410 2707 489 2786 Veult
510 2707 543 2763 ad
571 2708 673 2778 domurn
698 2706 833 2780 cujusdam
854 2708 964 2776 ridnao,
992 2723 1060 2781 quae
1086 2709 1181 2765 multos
1204 2707 1366 2765 christianos

330 2809 358 2864 lu
381 2807 459 2864 dono
483 2823 532 2864 tua
554 2807 746 2876 absconderat,
771 2823 849 2880 quarn
873 2807 970 2880 longus
996 2807 1074 2864 dolor
1101 2811 1196 2882 eapitis
1221 2807 1367 2876 detinebat,

329 2917 436 2966 sanetus
463 2917 549 2965 autent
571 2911 729 2966 Laurentius
754 2924 803 2980 per
825 2909 1018 2979 inpositionem
1042 2923 1133 2965 manus
1158 2923 1214 2966 eant
1237 2908 1367 2967 adolore

329 3013 425 3083 capitis
449 3009 573 3067 liberarit
597 3017 623 3066 ot
646 3008 808 3082 pauperihus
831 3007 915 3081 pedet
938 3007 1030 3064 lauans
1054 3009 1174 3065 omnibus
1197 3008 1366 3067 elemosinam

329 3110 412 3170 dedit.
446 3111 542 3168 Eadem
560 3117 638 3166 noote
657 3112 683 3164 iu
700 3109 777 3164 dorno
798 3107 933 3180 cujusdam
950 3107 1088 3164 christiani
1110 3111 1218 3165 venient
1238 3109 1368 3181 quendam

252 3191 253 3194 Ἴ
328 3225 433 3269 mecum
451 3210 548 3266 ihldem
565 3211 664 3282 reperit
686 3217 714 3265 et
737 3210 808 3266 iacto
828 3213 906 3283 signo
925 3211 1010 3264 crucis
1027 3225 1085 3264 enon
1103 3208 1267 3265 illuminarit:
1303 3208 1367 3264 Cum

329 3319 417 3369 sutem
444 3311 538 3368 beatus
557 3310 648 3366 Siutns
667 3309 748 3367 Deolo
773 3308 856 3366 nollet
881 3311 1030 3365 consentire
1048 3324 1098 3364 neo
1113 3306 1200 3381 ydolis
1219 3309 1366 3375 inmolare,

328 3417 414 3486 ipsum
446 3411 480 3467 ad
510 3409 697 3477 decollandum
723 3410 784 3467 duol
807 3411 950 3483 praecepit
985 3409 1133 3465 decurrent
1158 3414 1243 3464 autem
1270 3407 1367 3464 heatus

327 3515 488 3570 Laurentius
506 3516 567 3583 post
585 3511 669 3581 ipson
689 3507 827 3566 clamarit:
845 3509 900 3564 noli
911 3523 951 3564 une
965 3507 1158 3579 derelinquere,
1175 3513 1366 3580 patersauote,

329 3616 393 3688 pulo
407 3611 548 3669 thesauros
566 3616 627 3666 tuos
641 3612 695 3682 jam
715 3609 846 3681 expendi,
870 3623 936 3680 quos
958 3605 1093 3676 tradidisti
1117 3609 1190 3664 nihi.
1225 3606 1299 3663 Tune
1316 3609 1366 3661 ni-

329 3715 390 3770 lltes
408 3710 546 3769 audientes
564 3711 704 3767 thesauros
722 3709 891 3766 Laurentium
909 3713 1048 3764 tenuerunt
1069 3706 1367 3764 etl’ortheulotrlhuno

329 3811 501 3869 tradiderunt.
537 3810 597 3890 lpse
616 3818 775 3884 autemeam
792 3808 875 3865 [iccio
893 3806 1082 3879 praesentavit,
1100 3809 1142 3862 out
1155 3805 1251 3862 Decius
1266 3804 1368 3861 caesar

330 3915 383 3970 alt:
407 3911 454 3968 ulti
475 3915 537 3967 tunt
560 3911 678 3967 thesauri
698 3909 843 3976 ecelesiae,
875 3923 942 3979 quos
966 3903 1037 3978 apud
1060 3912 1088 3962 te
1110 3907 1280 3979 cognorimus
1306 3921 1369 3963 etse

331 4012 503 4071 reooudltotl
539 4011 589 4076 llul
606 4026 663 4067 oum
681 4010 733 4066 sihi
749 4025 802 4064 non
819 4006 1002 4080 responderet,
1020 4005 1131 4062 tradidit
1150 4021 1206 4064 oum
1224 4005 1367 4063 Valeriano

329 4113 482 4186 praelecto,
507 4116 537 4167 ut
552 4118 599 4168 aut
623 4109 764 4167 thesauros
781 4106 878 4180 prodat
896 4113 922 4164 ot
938 4105 1175 4178 pdottssaoritnot
1190 4113 1236 4162 aut
1252 4105 1368 4161 diuersis

331 4229 388 4269 eunt
406 4213 515 4269 interire
533 4210 616 4267 iaciat
632 4208 770 4282 suppliciis
788 4214 815 4265 ot
839 4209 985 4264 tormentis.
1016 4203 1175 4263 Valerianus
1198 4214 1284 4262 antem
1310 4208 1368 4262 ottl·

330 4313 390 4368 dant
409 4311 545 4382 praelecto
564 4312 667 4366 nornine
685 4307 825 4381 llpppollto
843 4309 871 4364 in
889 4306 1034 4363 custodiant
1060 4323 1117 4364 eom
1141 4306 1266 4373 tradidit,
1292 4321 1368 4380 quern

330 4412 377 4468 iile
400 4426 455 4468 cum
481 4411 569 4466 multis
595 4409 656 4465 allis
680 4412 831 4465 incarcere
860 4407 973 4466 reclusit
1010 4403 1074 4464 Erat
1097 4415 1183 4465 auton
1202 4411 1227 4465 in
1247 4405 1369 4464 custodia
