2828 5302
305 453 377 536 Cep.
399 452 530 514 iiiiiiiii.
570 453 617 518 De
638 454 884 538 quinquegeeirnu·
1047 459 1107 524 tue

71 630 120 670 eeu
137 613 273 683 rulsterle,
297 629 346 687 pet·
363 629 432 688 quue
447 613 524 672 ione
543 611 657 670 deeiutue
672 620 715 672 eet
732 613 878 686 redemtus,
904 632 971 688 qnee
987 623 1048 674 sunt
1064 622 1104 676 in-

70 714 207 781 cuenetie,
225 714 364 782 eetiriies,
381 713 490 786 peselo,
512 712 650 768 descensio
666 711 701 768 ed
719 713 836 782 interos,
859 717 1016 771 resurrectio
1033 724 1060 774 et
1077 721 1106 774 ln

70 810 171 866 coelen
196 815 334 884 musio,
364 817 392 870 ct
412 809 577 884 protenditur
593 812 759 884 seuegesirue
775 827 858 884 usqne
876 809 910 868 nd
928 819 1047 886 quartem
1064 816 1103 872 ie·

72 911 139 968 rien
163 916 226 982 posi
247 910 361 984 pescle,
396 913 424 966 ln
447 925 501 984 qne
522 915 656 966 cantetur:
691 911 777 965 uenite
793 907 924 966 benedieti
939 914 1023 984 petris
1042 915 1101 982 urei,

70 1010 136 1080 pule
153 1008 210 1076 illi,
227 1011 272 1088 qui
288 1011 315 1066 in
332 1009 456 1083 operibus
473 1007 713 1068 misericordiores
732 1013 869 1076 exercent,
894 1010 1001 1066 audient
1017 1011 1101 1071 istud:

71 1109 160 1164 reulie
175 1106 306 1166 benedicti
324 1107 368 1180 (nt
381 1110 441 1182 lpse
456 1105 576 1162 christus
591 1109 735 1180 testetur),
752 1106 797 1162 ubl
813 1113 874 1162 inne
891 1124 1005 1180 spnneee
1018 1113 1102 1183 jennu

69 1209 207 1278 epenecre
222 1213 249 1264 et
265 1207 386 1280 euuplesu
404 1207 496 1280 sponsi
511 1205 619 1264 lrnctur.
667 1203 697 1263 lu
715 1206 829 1278 epistole
845 1206 920 1264 Penii
937 1207 1100 1279 admonetur,

69 1310 101 1360 ut
117 1311 201 1362 iustus
222 1305 298 1364 Penii
319 1303 512 1362 irilsnietioneur
536 1303 568 1363 de
590 1305 712 1362 absentie
730 1305 820 1376 sponsi
839 1287 1099 1376 peiieniertolleret,

69 1406 99 1460 in
113 1404 262 1478 evaugelio,
278 1408 307 1460 ut
318 1405 484 1460 seminationi
497 1402 623 1460 benetune
636 1419 743 1476 opernm
754 1405 978 1474 comperietistet,
996 1411 1098 1478 etquee

68 1505 147 1576 quusi
166 1501 310 1576 desperent
327 1501 499 1560 cleueeeeret:
520 1502 744 1560 circundederunt
761 1518 801 1559 ene
819 1511 884 1570 ete,
909 1517 976 1557 nunc
994 1518 1098 1575 quoqne

67 1601 105 1658 td
120 1617 151 1660 ue
166 1601 270 1680 rediens
288 1602 357 1674 petit
377 1602 404 1656 iu
420 1600 507 1659 olleio
525 1603 552 1658 in
570 1601 781 1659 tribulationibus
798 1600 920 1676 edisseri
936 1591 963 1657 et
980 1600 1014 1657 ele
1031 1604 1097 1674 ipsis

66 1701 137 1774 eripi
155 1700 259 1758 dicens:
276 1714 390 1774 euenrge
408 1698 511 1760 domine
528 1707 577 1758 eie.
597 1708 625 1758 ci
640 1702 714 1773 penit
730 1687 768 1756 ibi
781 1700 879 1772 triplex
886 1714 1008 1774 exsurge.
1034 1699 1097 1764 Qni-

67 1800 128 1857 dun
144 1801 212 1856 eninr
231 1805 292 1858 eunt
307 1801 334 1856 ln
351 1800 480 1869 ecclesie,
516 1803 561 1873 qni
579 1799 613 1858 nir
636 1799 755 1857 eduensis
778 1805 943 1872 premuntur,
978 1799 1094 1856 sednon

66 1898 240 1974 dejiciuntur,
257 1898 371 1972 quidese,
390 1901 434 1972 qul
450 1905 610 1972 prementur,
628 1906 655 1956 et
671 1898 843 1973 delicientur,
863 1897 967 1972 quiden
985 1901 1029 1970 qni
1048 1915 1095 1954 nec

64 2004 226 2072 premuntur,
244 2012 296 2080 nec!
310 1997 476 2072 dejiciuntur,
494 2005 578 2055 iernen
597 2001 659 2070 quie
675 1999 789 2055 adverse
806 2015 857 2054 non
875 1996 1006 2064 tolerent,
1024 1999 1095 2070 peri-

62 2097 149 2154 enirn
166 2102 224 2166 est,
235 2087 280 2154 'ne
295 2113 424 2170 prospere
442 2100 516 2170 ipsos
535 2097 664 2171 lrengeut.
718 2097 818 2154 eienai
833 2111 898 2170 ergo
917 2094 1044 2164 ecclesie,
1066 2102 1094 2176 ni

62 2201 205 2270 exsurget:
227 2202 350 2269 quantine
368 2196 403 2252 ed
419 2199 533 2269 prirnes,
552 2198 625 2268 ipsos
643 2195 835 2264 conlnriendo,
851 2211 909 2250 curu
923 2194 1039 2276 dormire·
1054 2197 1093 2251 ri·

63 2291 192 2364 detetur,
206 2295 281 2368 ipsos
299 2312 349 2350 son
365 2295 501 2368 eripiendo
518 2295 623 2365 eleuet,
642 2301 671 2350 ni
689 2301 830 2367 exsurget3
857 2297 981 2368 suenum
997 2292 1032 2348 eri
1050 2309 1092 2350 sc-

63 2397 174 2466 cundus,
192 2398 266 2469 ipsos
283 2394 468 2464 convertendo,
486 2409 504 2450 e
521 2393 615 2468 quilius
633 2394 738 2452 uidetur
754 2392 846 2450 lecienu
862 2394 1002 2461 euertisse,
1019 2395 1093 2464 ipsos

63 2493 255 2569 quodmodo
278 2492 430 2566 repellendo
453 2493 563 2561 cierent,
593 2499 622 2549 ut
637 2499 779 2567 exsurget;
808 2500 930 2566 quentnnn
949 2488 983 2548 erl
998 2495 1093 2551 tertius

61 2599 88 2652 in
106 2596 242 2670 prosperis
258 2592 408 2668 adjurando
424 2599 451 2650 ei
466 2591 612 2650 liberando.
770 2589 772 2594 ’

432 3077 527 3176 iiiii.
566 3075 716 3174 iiiiii.

285 3231 388 3300 ·1ie
417 3227 835 3320 quinquegesume.

127 3391 348 3466 Quinquapesirne
367 3391 445 3448 deret
461 3406 478 3448 e
494 3393 639 3461 dominice,
668 3397 695 3452 ln
712 3414 765 3471 qne
782 3403 917 3454 cantetur:
951 3403 1009 3453 esto
1026 3397 1089 3454 relisi

58 3494 86 3546 ie
96 3489 178 3547 Denuo
188 3495 359 3564 pretectorem
369 3495 418 3547 ete.
432 3496 458 3547 et
470 3494 623 3549 terminetur
640 3495 666 3548 in
685 3499 745 3569 ipso
762 3496 804 3552 die
823 3495 945 3568 peschee.
968 3495 1089 3552 institute

57 3596 102 3648 ent
117 3594 202 3647 eutern
219 3596 328 3662 prepter
342 3590 531 3662 suppletionem
551 3599 578 3649 ei
594 3599 703 3666 propter
715 3596 930 3670 significationem
945 3600 1089 3668 etprnpter

56 3689 333 3770 repraesentationem.
366 3687 478 3763 Propter
494 3689 699 3764 suppletionem,
734 3695 855 3766 quouienr
872 3710 929 3751 euni
947 3692 1088 3750 debeamus

57 3787 109 3846 11.
131 3786 224 3844 dlelins
248 3787 376 3871 jejunare
395 3785 428 3845 ed
455 3790 649 3848 elnullitndlneuu
673 3790 770 3849 Christi
790 3799 818 3849 et
833 3809 885 3849 non
903 3800 964 3850 eunt
979 3793 1017 3848 liri
1034 3794 1086 3849 niel

57 3887 171 3948 XXXVl
188 3887 246 3945 dies
258 3889 434 3965 jejunabiles,
459 3894 522 3963 quie
540 3892 567 3946 in
585 3889 720 3947 dominicis
736 3907 790 3948 non
801 3893 937 3964 jejunetur
952 3890 1084 3966 peuerell-

57 3997 115 4058 ter,
137 3995 189 4044 tune
210 3995 317 4062 proptor
328 3990 455 4048 leeiitienu
467 3992 676 4047 einerereniienu
690 3993 902 4059 resurrectionis,
927 3997 980 4047 tuse
997 4006 1083 4047 enem-

56 4089 103 4164 pio
121 4086 229 4157 christi,
247 4090 291 4162 qul
307 4090 368 4162 ipse
384 4087 426 4148 die
442 4089 641 4147 resurrectionis
658 4089 700 4147 isis
715 4088 844 4158 conrodit,
861 4090 961 4146 scilieet
979 4087 1083 4162 quondo

54 4190 167 4244 nterii
182 4185 216 4244 ed
234 4186 377 4261 discipulos
389 4189 480 4262 lenuis
497 4188 595 4244 elensis
613 4193 640 4245 et
656 4187 693 4245 iii
710 4188 860 4246 obtulerunt
876 4190 899 4245 ei
918 4195 1017 4261 periens
1028 4191 1083 4263 pis·

53 4291 94 4345 ele
106 4289 163 4345 e'ssi
179 4295 207 4345 ei
224 4287 311 4344 ferun
329 4287 423 4357 stellis,
438 4293 465 4346 et
481 4288 573 4344 liernur
591 4303 646 4344 nnn
664 4286 800 4360 discipulis
817 4286 937 4346 euntibus
952 4287 1083 4345 inlinens

52 4386 193 4444 nonninus
211 4387 345 4460 puosdurn.
393 4386 455 4445 ldeo
473 4404 521 4460 pro
538 4387 705 4462 suppletione
723 4385 907 4444 dominicarum
924 4385 1007 4445 edditi
1024 4396 1084 4446 suni
