2866 5310
257 498 331 578 Cap.
353 494 540 557 lxxxviii.
580 492 626 558 De
647 507 746 558 uncto
766 498 866 560 Leone
887 518 972 581 papa.
1069 497 1129 562 367

99 661 212 717 rentiani
230 674 246 715 a
264 658 391 714 daemone
410 659 535 728 arripitur
552 663 579 714 et
598 655 668 714 inira
683 657 785 714 demum
804 657 917 716 ciamare
932 662 1036 731 eoepit,
1061 660 1131 735 quod

97 760 261 818 adaemune
287 764 443 816 vexaretur:
472 755 543 829 quod
568 755 661 813 ridens
687 757 863 815 Terentianus
884 759 972 817 sosius
995 759 1134 818 condietur

97 867 124 917 et
142 859 300 916 christianus
318 857 444 925 affinitur,
464 859 554 930 passio
571 864 720 913 tenuiorum
737 857 772 913 sis
790 874 822 916 eo
838 859 1012 916 conscribitur
1029 867 1055 918 et
1073 861 1131 934 ejus

98 960 167 1016 lulius
192 959 329 1016 liberatur.
363 957 440 1015 Pausi
463 964 523 1014 sunt
549 963 635 1014 eutem
659 961 730 1014 eirea
749 973 843 1014 annum
861 958 958 1015 domiui
976 958 1131 1017 cctuxiv.

98 1059 190 1117 Reiert
213 1057 359 1133 Gregorius
384 1060 412 1114 in
438 1053 551 1120 homelia
575 1058 722 1131 evangeiii:
746 1060 771 1114 sl
794 1061 853 1132 qula
879 1061 934 1116 ruit
959 1062 1048 1119 venire
1071 1069 1133 1131 pust

98 1177 155 1228 rue,
181 1159 251 1232 quud
276 1157 405 1230 quaedam
424 1164 543 1213 matrona
561 1157 621 1212 dum
639 1158 777 1215 eeclesiam
802 1161 909 1216 istorum
928 1163 1060 1215 nentru-
1077 1160 1131 1218 ire·

98 1261 219 1333 quantiae
241 1260 362 1315 risitaret
388 1264 414 1314 et
437 1258 481 1314 die
506 1256 617 1330 quadam
639 1258 699 1314 inda
721 1258 835 1326 rediret,
860 1261 927 1315 duos
949 1266 1051 1316 stantes
1076 1276 1131 1316 aro-

99 1359 198 1416 uaelrua
215 1357 265 1413 sub
283 1359 425 1431 peregrino
445 1356 536 1413 babitu
554 1359 667 1424 invenlt,
687 1373 753 1430 quea
771 1362 927 1433 peregrinos
945 1360 1057 1417 eredens
1076 1361 1132 1418 eia·

100 1463 226 1516 mortuam
244 1458 297 1514 sibi
314 1457 373 1513 duri
392 1460 542 1528 praerepti,
566 1457 615 1514 aed
635 1465 771 1531 postquam
790 1458 1010 1531 dispensatoriis
1027 1461 1062 1517 ad
1080 1461 1133 1519 iar·

99 1560 223 1634 glandem
240 1559 489 1631 appropinquasset,
506 1555 664 1615 adstiterunt
681 1562 706 1614 ei
725 1560 835 1614 riuiuius
852 1565 879 1616 et
892 1555 1028 1617 dtxemnts
1047 1569 1134 1619 tunes

101 1659 178 1716 modo
195 1661 304 1725 visitas,
322 1673 370 1712 aus
387 1663 414 1714 te
432 1659 458 1712 in
475 1655 519 1713 dia
533 1657 628 1729 judieii
646 1661 817 1732 requiremus,
842 1665 869 1714 et
887 1659 1015 1734 quidquid
1034 1667 1133 1734 poteri·

100 1775 172 1827 mua,
190 1759 239 1814 tibi
257 1759 459 1831 praestabimus.
494 1756 552 1822 Quo
571 1756 643 1814 dieto
663 1759 1036 1830 aboeuiisejusabiatisnnt.
1071 1765 1133 1819 Αιιι-

100 1860 206 1916 brosius
230 1859 263 1915 du
289 1857 330 1914 bis
354 1857 504 1914 martiribus
530 1859 556 1913 in
581 1858 748 1930 praefatione
765 1861 804 1915 sie
821 1859 900 1914 dieii:
925 1859 996 1917 beati
1014 1865 1135 1919 martires

99 1960 234 2018 iohannes
252 1966 279 2016 et
297 1959 394 2016 i’auius
410 1960 540 2014 reraelter
558 1959 744 2029 impleverunt,
767 1959 837 2032 quod
855 1958 984 2018 Dauidica
1009 1977 1074 2017 roae
1093 1962 1133 2018 di·

99 2063 180 2116 uitur:
198 2075 260 2117 enee
274 2074 350 2132 quam
362 2057 459 2114 bonust
472 2065 500 2113 et
517 2073 591 2130 quum
605 2057 749 2129 juuuuduru
761 2058 883 2116 babitare
897 2059 994 2118 iratres
1009 2063 1035 2117 in
1048 2079 1134 2131 ιιιιιιιιι,
1232 2139 1233 2142 ¹

83 2159 225 2216 ‘sucendi
244 2160 305 2233 iege
322 2164 473 2226 uonaurtee,
492 2155 554 2214 iudei
572 2161 696 2214 uuuieteti
712 2158 861 2231 cunjuncti,
884 2163 1018 2232 pastionis
1035 2177 1134 2234 aequa.

99 2261 174 2317 litate
194 2260 360 2327 consimiles,
380 2262 405 2314 iu
423 2275 474 2314 ιιιιο
492 2273 597 2331 semper
613 2258 717 2313 domino
735 2258 856 2332 gloriosi.

514 2503 720 2518 m

391 2741 486 2840 ili.
511 2741 714 2839 iiixviii.
747 2741 846 2844 (83.)

317 2896 393 2965 lte
416 2897 581 2966 saneto
602 2897 767 2967 Leone
788 2909 922 2982 papa.

168 3057 223 3115 Leo
240 3072 319 3129 papa,
339 3064 367 3113 ul
385 3059 414 3114 in
431 3057 563 3113 miraculis
582 3057 677 3113 beatae
696 3060 806 3132 virginis
820 3058 925 3132 iegitur,
945 3055 1004 3110 duro
1017 3057 1138 3114 ineuole·

104 3159 146 3214 aia
163 3165 273 3214 suetae
290 3155 393 3214 Mariae
406 3159 433 3230 ¹)
451 3159 559 3230 majoris
581 3158 687 3213 missam
703 3158 859 3226 eelebrarel,
877 3164 903 3214 et
917 3158 976 3213 duur
989 3156 1080 3214 fideles
1092 3173 1139 3228 per

104 3258 220 3314 ordinem
246 3260 448 3314 oumnuuiearet
470 3265 498 3315 et
524 3257 652 3330 quaedam
676 3265 796 3314 matrona
817 3274 919 3314 uanum
944 3260 1002 3330 ejus
1020 3257 1140 3314 osculata

104 3356 213 3424 luisset,
239 3374 271 3414 ex
290 3355 341 3413 boe
359 3358 385 3412 ln
402 3373 459 3415 sunu
481 3356 620 3414 rebeueus
641 3359 728 3414 narnis
746 3359 857 3414 tentatio
876 3345 1030 3425 insurrexit,
1056 3364 1084 3412 et
1101 3359 1141 3411 rir

104 3456 154 3514 liei
172 3459 197 3511 iu
216 3463 299 3513 seruet
317 3457 401 3528 ipsum
421 3459 593 3513 saevissimus
612 3458 683 3513 ultor
698 3457 812 3530 insurgit
830 3465 857 3513 et
875 3458 966 3515 eaden
982 3457 1026 3512 die
1038 3471 1140 3512 manum

104 3574 135 3614 ae
152 3555 374 3614 seaudailaautenr
395 3557 533 3630 ²)ooeuite
548 3560 653 3630 penitus
660 3589 663 3602 κ
670 3557 814 3629 amputarit
833 3562 860 3614 et
876 3570 894 3612 a
911 3573 941 3615 ae
959 3558 1061 3630 rejeeit.
1095 3555 1138 3611 in·

104 3667 179 3715 terea
204 3672 318 3713 utamur
342 3654 478 3712 oriebatur
502 3658 528 3711 iu
553 3656 665 3730 pupulo,
700 3672 748 3713 eur
771 3671 884 3712 summus
908 3655 1027 3729 pontifex
1050 3655 1141 3711 diviua

105 3774 177 3814 mure
196 3756 276 3812 suiitu
294 3771 347 3811 nou
365 3754 520 3812 celebraret
556 3756 632 3813 Tune
645 3757 701 3812 Leo
716 3756 750 3812 ad
764 3756 868 3812 beatam
881 3758 1009 3829 virginem
1027 3772 1057 3814 sa
1076 3773 1137 3812 cen-

106 3859 184 3915 sertit
212 3863 239 3912 et
265 3856 324 3927 eins
341 3855 524 3927 providentiae
542 3857 662 3913 totaliter
678 3873 715 3913 ee
726 3857 863 3913 summisit.
899 3855 975 3912 Touo
991 3855 1037 3911 iiia
1055 3855 1141 3910 eunti-

104 3975 156 4014 nuo
181 3956 233 4012 sibl
258 3956 361 4011 adstitit
383 3962 410 4012 el
436 3971 539 4012 manum
562 3956 602 4010 iili
625 3959 681 4012 auis
701 3957 874 4011 sanctissimis
889 3955 1008 4011 manibus
1026 3956 1142 4011 restituit

106 4065 132 4114 et
149 4055 312 4114 uonirmarit
326 4053 438 4127 jubeas,
466 4062 495 4110 ut
512 4055 675 4142 prouederet·
691 4063 717 4112 et
734 4055 787 4111 iriio
808 4071 856 4112 suo
875 4054 1030 4112 euodisiuru
1049 4057 1139 4110 immo-

106 4157 179 4214 iaret.
214 4155 269 4212 Leo
288 4157 369 4230 igitur
387 4157 456 4210 unni
476 4157 587 4228 populo,
607 4156 668 4232 quid
687 4155 738 4210 sibi
758 4157 915 4230 contigerit,
932 4153 1097 4226 praediuarit
1114 4161 1140 4210 et

106 4273 206 4312 manum
234 4259 380 4313 restitutam
407 4253 527 4311 omnibus
553 4257 689 4314 evidenter
705 4255 828 4310 ostendit.
863 4253 911 4310 iliu
928 4253 1143 4312 chalcedonense

156 4401 1022 4461 ilites.isquntsili.virpinisindiereeurreetioniemiessm.
1050 4404 1140 4458 alites.

104 4474 209 4521 omittunt
223 4475 349 4522 occulte.
