2984 5302
311 465 374 529 552
477 459 480 462 ’
538 467 611 546 Cap.
634 465 766 526 cxxiv.
806 467 852 524 De
875 476 976 524 sancto
998 465 1168 543 Augustino.

313 627 465 688 eraserunt,
483 621 652 694 praeterqu!
663 630 690 678 et
705 638 758 678 nou
773 621 854 694 puter
868 637 917 678 neo
928 619 1022 678 raiten
1032 621 1132 694 aequit
1166 615 1200 674 Et
1212 631 1361 675 aoourrena

314 725 341 776 ia
361 719 491 794 quendam
508 719 611 776 hortun
632 721 681 776 aab
701 721 812 794 qualum
829 719 880 777 iou
896 736 926 778 aa
945 722 1067 792 projecit,
1085 709 1113 775 ut
1130 721 1157 773 in
1176 715 1270 774 eoriem
1286 716 1362 772 niro

315 821 510 876 wnirrslonum
529 827 728 888 commemorat,
752 826 779 876 et
802 821 967 876 amarissime
984 817 1050 875 neno
1069 815 1255 875 lamentabile·
1276 831 1362 872 roeoa

315 919 411 974 dabat:
431 917 570 990 quamdiu,
589 917 713 990 quamdiu
731 933 790 973 eras
809 924 836 974 et
852 933 922 986 oraa,
943 919 1002 974 rino
1019 917 1116 984 notio,
1134 919 1194 972 rina
1212 914 1360 988 pauiniuur.

315 1016 399 1075 Morio
412 1033 463 1072 non
477 1015 594 1072 habebat
605 1016 708 1072 modurn
727 1023 754 1074 et
771 1020 829 1074 eino
847 1017 980 1089 paululum
995 1017 1122 1089 prolibat
1133 1017 1161 1072 in
1174 1015 1361 1088 longinquant.

316 1116 424 1172 ileliae
442 1117 483 1170 ani
502 1116 628 1171 tarditate
648 1117 786 1188 plurimun
805 1115 1033 1188 nonquerobatur,
1055 1119 1126 1172 siout
1146 1114 1314 1187 postmodum
1332 1116 1363 1169 lu

318 1215 409 1271 endon
427 1213 497 1270 libro
515 1217 636 1286 auripait:
654 1215 800 1282 heumihi,
825 1216 948 1287 quonian
966 1215 1087 1272 exeoisur
1106 1231 1135 1272 ee
1152 1217 1181 1269 in
1198 1213 1314 1270 merloto
1334 1217 1364 1268 el

318 1317 440 1386 qnoniam
458 1313 604 1386 profanius
620 1316 648 1370 tn
665 1313 803 1385 profundit
827 1321 854 1371 et
871 1329 998 1387 nusquam
1016 1313 1119 1370 recedis
1137 1313 1223 1370 utrix
1242 1311 1364 1368 redium

318 1413 352 1468 ari
368 1419 404 1470 to.
440 1413 514 1485 Aga,
541 1413 660 1480 alanino,
685 1420 712 1468 ot
738 1412 783 1468 iao
805 1418 832 1470 et
850 1413 938 1470 exeita
952 1419 979 1470 et
996 1428 1093 1470 rerooa
1111 1428 1170 1467 noa.
1205 1409 1314 1468 Aooorle
1333 1417 1364 1467 ot

318 1527 385 1584 rapo
410 1518 437 1569 et
459 1511 552 1585 fragm
577 1513 605 1567 et
628 1511 760 1567 duieesoo.
802 1509 997 1583 iupedimentia
1026 1512 1147 1568 omnibus
1171 1511 1211 1567 aio
1234 1508 1364 1566 timetur

318 1611 455 1682 expediri,
479 1610 695 1683 quemad-orium
721 1611 844 1682 impediri
865 1610 1007 1668 timendum
1032 1617 1082 1669 ert
1117 1611 1185 1668 Sero
1207 1615 1236 1666 te
1263 1609 1363 1676 anari,

319 1708 488 1780 pulchritudo
506 1718 559 1765 tant
576 1711 686 1782 amiqua
704 1717 801 1767 ettam
818 1725 903 1778 nora,
921 1727 982 1766 sero
999 1717 1027 1767 te
1045 1713 1147 1780 anari,
1164 1711 1236 1765 lntua
1254 1723 1316 1764 arae
1335 1713 1365 1762 et

319 1824 371 1880 ego
396 1808 471 1864 lorea
495 1815 522 1866 et
544 1810 583 1864 iii
607 1817 635 1866 te
659 1809 819 1881 quaerebam
845 1811 922 1866 etin
946 1812 1000 1865 ista
1018 1810 1150 1876 iormnaa,
1175 1823 1244 1881 qnae
1262 1807 1365 1872 ieeiati,

319 1906 445 1964 doiorurio
469 1909 609 1965 irruebam.
646 1908 748 1964 Mecum
772 1923 833 1970 erat
857 1914 885 1965 ot
907 1914 994 1965 tonum
1018 1925 1071 1964 non
1094 1923 1181 1976 eran,
1206 1908 1310 1962 roeaati
1335 1909 1367 1961 et

320 2007 442 2062 clamasti
461 2015 488 2063 et
505 2007 774 2078 rupisti‘rorditateru
792 2023 891 2075 meam,
910 2010 1073 2077 numeranti,
1097 2005 1255 2078 apienduirti
1274 2011 1302 2060 et
1319 2003 1366 2058 iu·

319 2109 392 2178 gasti
409 2109 563 2163 eaecitatem
580 2121 680 2174 neam,
706 2107 834 2180 fragrasti
853 2112 880 2163 ot
898 2106 998 2163 duriati
1015 2109 1136 2179 rpiriturrr
1154 2111 1181 2162 et
1198 2103 1294 2160 anhelo
1312 2101 1366 2158 tibi

320 2207 426 2277 gurtari
444 2210 471 2262 ot
489 2207 579 2261 orario
598 2212 625 2261 et
641 2207 705 2260 altio
723 2211 767 2274 te,
783 2208 897 2279 tetigisti
915 2221 957 2262 rna
975 2209 1108 2262 otranni
1126 2207 1153 2260 in
1171 2218 1262 2275 paoem
1279 2208 1363 2258 tuam.

321 2303 384 2359 lium
402 2303 489 2359 ante-
512 2305 677 2360 amarissimo
700 2303 792 2373 ieret,
817 2303 920 2361 audivit
944 2319 1035 2360 rouen
1053 2303 1183 2360 (liuentem
1202 2302 1270 2358 ribi:
1297 2300 1367 2357 tolle

319 2403 397 2476 lege,
420 2403 487 2458 tolia
511 2403 581 2475 iege.
616 2401 781 2476 aperuitque
802 2405 891 2458 atatim
915 2381 1033 2460 eoiioen
1054 2403 1229 2474 apostoliea·
1254 2407 1281 2458 et
1298 2415 1366 2457 oon·

317 2503 399 2574 Jeotia
417 2501 501 2557 oeuilr
520 2501 554 2556 ari
577 2504 685 2572 primunr
702 2501 844 2574 capitulum
862 2501 943 2574 legit:
968 2501 1106 2557 induimini
1125 2501 1255 2556 dominun
1273 2501 1367 2558 larun

322 2601 453 2659 Christum
479 2607 508 2656 et
529 2604 617 2657 rtatim
642 2615 732 2656 omnen
757 2600 791 2656 alt
817 2617 849 2655 eo
872 2599 1017 2657 dubietatia
1038 2601 1167 2659 tenebrae
1192 2601 1366 2672 diliugoruut

320 2698 425 2755 iuterim
443 2706 529 2754 auten
548 2706 601 2754 tarn
620 2699 851 2756 vehementissimo
874 2699 990 2756 alentium
1018 2700 1110 2757 doloro
1129 2701 1247 2772 torqueri
1264 2699 1367 2769 eoepit,

321 2805 350 2853 ut
370 2798 440 2865 iere,
458 2801 528 2853 ricut
548 2800 606 2871 ipro
624 2801 677 2866 ait,
695 2798 730 2854 ari
747 2797 907 2854 eredendum
919 2801 1070 2871 opinionon
1082 2799 1198 2855 Cornelii
1211 2797 1368 2869 philosophi

322 2897 475 2964 duceretur,
495 2900 540 2969 qni
559 2913 683 2952 summurn
703 2895 799 2953 bonurn
816 2900 919 2953 animae
938 2901 964 2952 ia
984 2901 1131 2969 rapiemia,
1156 2912 1281 2953 annorum
1301 2913 1367 2952 rero

321 2995 417 3050 bonnm
439 2999 559 3066 eorporis
579 2998 606 3050 in
624 2997 722 3051 nulinrr
740 2996 880 3052 sentiendo
899 2996 1016 3052 dolorem
1029 3004 1162 3068 paruerat.
1199 2995 1265 3051 Tam
1280 2994 1366 3052 aelre-

322 3111 395 3150 ruena
413 3101 499 3150 antem
517 3095 563 3150 iiio
581 3095 658 3149 dolor
676 3095 739 3160 init,
764 3095 836 3166 quoti
854 3098 933 3151 etiarn
953 3096 1086 3167 loquelam
1101 3097 1205 3162 amisit,
1229 3096 1367 3166 quociroa,

323 3201 351 3248 ut
368 3197 396 3248 iu
413 3193 482 3248 libro
500 3194 693 3249 oonieasionuru
713 3194 804 3258 refert,
825 3197 851 3248 in
868 3194 968 3250 tabulis
986 3197 1071 3250 nereis
1092 3196 1210 3265 aorlpsit,
1229 3201 1257 3248 ut
1273 3209 1366 3248 omnen
1467 3273 1469 3278 Ι

323 3310 372 3366 pro
397 3308 429 3347 eo
454 3299 577 3356 orarent,
602 3299 630 3346 nt
654 3293 771 3348 dolorem
795 3293 867 3348 illum
887 3294 1007 3348 damiana
1025 3295 1168 3365 mitigaret
1203 3292 1265 3362 ipae
1283 3294 1369 3364 igitur

322 3405 380 3448 earu
404 3392 468 3446 aliia
491 3406 578 3462 genna
601 3391 675 3446 llexit
692 3399 725 3470 et
737 3393 827 3448 ouirito
845 3407 938 3448 sanum
960 3407 990 3449 te
1008 3394 1101 3447 tenalt.
1135 3389 1281 3446 lnoiunatlt
1299 3405 1367 3464 ergo

322 3508 371 3562 per
388 3490 491 3544 litterae
513 3497 606 3546 aanoto
630 3493 687 3544 viro
706 3491 848 3547 Ambrosio
872 3507 948 3546 euunr
968 3497 1071 3556 rotam,
1096 3497 1125 3546 ut
1142 3495 1273 3556 moneret,
1299 3489 1365 3558 quit

322 3592 376 3646 sibi
405 3589 439 3646 ale
472 3589 548 3644 libris
580 3592 679 3644 aauetia
706 3589 847 3662 legentium
871 3597 958 3656 earet,
992 3605 1044 3661 quo
1076 3591 1166 3661 aptior
1197 3589 1272 3644 ieret
1302 3587 1366 3644 liei

322 3688 493 3746 uhriatianae.
529 3688 564 3743 rit
584 3691 643 3760 ipse
658 3689 741 3759 jussit
759 3687 864 3744 isaiam
882 3688 1037 3760 proplietam
1057 3704 1106 3755 eo,
1135 3686 1206 3760 quoti
1232 3685 1367 3758 evaugeltl

322 3797 350 3847 et
369 3789 514 3844 roeanouir
532 3789 648 3860 gentium
666 3791 867 3860 praenuntiator
888 3790 979 3859 aptior
1001 3786 1130 3843 rlrleatnr.
1164 3785 1247 3857 Cujua
1264 3786 1368 3855 prinoi-

323 3891 394 3959 pium
411 3903 467 3942 auur
486 3887 651 3957 Augustinus
668 3902 721 3942 non
738 3887 914 3958 intelligeret,
939 3893 1021 3941 totam
1045 3884 1118 3940 allud
1140 3883 1194 3939 tale
1211 3899 1272 3938 ease
1291 3883 1366 3938 arbl-

323 3994 396 4042 trane
414 3985 526 4050 ilirtulit,
541 3992 569 4038 ut
583 3984 647 4040 illuri
661 3986 800 4057 relegeret,
821 4001 878 4041 oum
893 3989 919 4040 in
939 3986 1048 4058 seriptis
1065 3985 1165 4040 rancun
1183 3985 1269 4054 magio
1288 3997 1367 4037 exor-

323 4088 420 4141 oltatua
444 4090 524 4140 earet.
559 4083 724 4140 adveniente
748 4100 810 4140 roro
834 4083 956 4154 pmetalt
973 4091 1092 4154 temporo
1109 4083 1285 4154 nugantium,
1307 4096 1366 4135 curn

323 4191 397 4240 earet
413 4195 540 4239 annornm
557 4181 644 4249 XXX,
661 4198 718 4238 uun
728 4181 782 4238 iiio
796 4198 845 4238 ano
861 4182 1001 4239 adeodato
1019 4197 1103 4252 puero
1120 4180 1198 4236 rairle
1215 4181 1368 4252 ingenioso,

323 4296 401 4354 quem
417 4282 582 4354 Augustinus
601 4282 628 4335 in
645 4295 695 4336 rna
711 4281 903 4350 adnleseentia,
922 4279 982 4337 rium
1000 4280 1087 4336 alluo
1104 4278 1213 4353 gentiiis
1233 4285 1260 4334 et
1277 4277 1366 4350 plrilo-

324 4379 423 4452 aoplrua
436 4385 517 4447 esset,
531 4386 670 4451 genuerat,
684 4395 786 4436 neenou
798 4387 825 4436 et
837 4395 893 4436 curn
903 4380 993 4453 alipio
1003 4380 1088 4435 amieo
1102 4392 1152 4436 ano
1165 4379 1266 4434 neritia
1277 4375 1370 4434 matria
