2866 5310
295 487 355 550 372
449 487 521 568 Cep.
543 485 697 548 Lxxittx.
738 487 783 549 De
804 495 902 547 sancto
924 487 1010 549 Petro
1033 489 1175 570 apostolo.

293 661 351 701 saca
375 658 465 699 aeruna
487 641 566 698 iiiinun
593 642 641 702 iiei
663 647 772 718 putarit
807 646 876 704 iioee
894 645 959 704 beo.
995 637 1145 720 Aliquando
1167 645 1246 702 etiarn
1272 659 1328 699 con

294 748 323 802 in
342 743 462 800 conclavi
481 758 537 798 cntn
555 741 660 800 Nerone
677 754 764 814 esset,
785 746 896 804 dacsnon
915 749 942 802 in
961 747 1020 818 ejas
1037 748 1128 818 speeie
1144 745 1214 800 ioris
1229 744 1328 815 popnio

294 843 467 917 loquebatur:
492 841 606 915 deniqne
626 843 736 901 Romani
760 850 786 903 in
809 854 883 902 tento
901 850 1070 903 veneratione
1096 862 1154 902 euna
1172 843 1329 907 habuerant,

294 945 366 1019 quod
390 944 475 1002 eideus
498 945 635 1016 imaginent
661 943 780 1002 iecorum
804 954 830 1003 et
856 947 925 1004 banc
949 945 1051 1002 tituiasn
1069 946 1328 1017 superscripserunt:

296 1046 403 1119 symoni
419 1045 475 1102 iieo
495 1050 595 1100 sancto.
629 1043 723 1102 Petrus
739 1057 825 1104 asten
845 1055 870 1105 et
887 1047 1000 1114 Penius,
1024 1052 1052 1101 at
1068 1045 1124 1102 Leo
1142 1052 1269 1110 testatur,
1293 1043 1328 1098 ad

295 1147 424 1204 Neronem
448 1147 604 1202 introierant
624 1151 651 1202 et
666 1149 764 1210 ,onnia
784 1148 843 1219 ejus
864 1145 994 1202 uuaieiscia
1023 1145 1199 1220 detegebant,
1226 1142 1330 1198 addidit

296 1261 400 1320 quoque
417 1245 524 1312 i’eirst,
549 1245 620 1317 quod
645 1247 713 1303 sicut
737 1247 764 1301 tn
783 1246 888 1303 Christo
905 1254 966 1302 sunt
983 1246 1052 1302 duee
1069 1245 1249 1308 substantiae,
1274 1245 1327 1298 sci·

295 1348 360 1404 iicet
378 1345 427 1402 Dei
446 1352 472 1400 et
492 1343 620 1411 boniais,
644 1345 682 1402 sic
706 1353 733 1402 et
755 1349 781 1401 in
805 1349 857 1402 isto
880 1346 957 1420 nego
980 1353 1041 1402 eunt
1063 1346 1133 1402 duae
1155 1345 1328 1406 substantiae.

296 1446 401 1503 sciiieet
423 1444 535 1500 bosninis
561 1451 588 1500 et
611 1443 735 1516 dpaboii,
761 1445 879 1518 dixitque
904 1445 1015 1518 Spaon,
1038 1455 1067 1502 ut
1088 1452 1202 1504 testatur
1220 1449 1329 1500 sanem

294 1544 440 1604 bieroeiius
457 1541 565 1600 etLeo:
579 1561 614 1600 ne
630 1545 729 1600 diutine
746 1544 815 1602 banc
833 1549 922 1618 petiae
939 1549 1078 1616 inimicum,
1100 1533 1261 1618 praecipiam
1279 1557 1329 1597 en·

295 1647 365 1722 getis
383 1647 464 1713 uteie,
482 1650 511 1700 nt
528 1643 659 1701 vindicent
676 1660 717 1702 ne
734 1645 767 1706 dc
787 1647 848 1704 isto.
883 1645 930 1702 (ini
946 1646 1053 1703 Petrus:
1070 1645 1181 1720 angelos
1198 1650 1259 1699 tuos
1277 1659 1329 1698 nou

297 1751 392 1813 tineo,
417 1744 467 1802 set
488 1746 540 1817 ipsi
558 1761 599 1801 nse
615 1746 714 1801 timent.
748 1743 818 1802 Nero
838 1745 918 1802 diuit:
941 1763 994 1802 non
1010 1748 1087 1803 tineo
1104 1747 1256 1818 Spuoaeos,
1282 1745 1329 1816 qui

296 1848 459 1904 diuinitatem
477 1859 550 1900 suasu
567 1844 647 1900 rebus
666 1843 799 1902 affirmati
834 1845 1011 1904 anticanus:
1036 1848 1062 1901 si
1086 1845 1210 1902 diuinitas
1232 1852 1274 1900 est
1302 1846 1328 1900 in

295 1943 371 2020 ipso',
390 1946 462 2002 dicat
479 1960 546 2001 nano
564 1944 643 2007 anibi,
660 1944 724 2017 quid
743 1947 833 2018 cogito
852 1945 893 2002 rei
908 1944 972 2018 qnid
990 1946 1074 2014 iacto,
1089 1961 1166 2018 quatu
1184 1946 1328 2018 cogitatio-

295 2063 353 2106 nem
371 2059 453 2103 meato
471 2047 545 2117 prior
564 2043 671 2100 auribus
689 2047 742 2100 tais
758 2047 872 2112 insinno,
889 2052 917 2102 ut
933 2061 986 2102 uon
1003 2045 1101 2102 audeat
1111 2047 1223 2102 mentiri.
1257 2043 1328 2100 Nero

295 2148 376 2203 dixit:
395 2137 492 2201 accedo
511 2144 561 2200 bno
579 2151 606 2200 et
624 2143 666 2200 dic
682 2145 755 2212 mihi,
771 2146 835 2219 quid
852 2147 965 2219 cogitas.
998 2145 1188 2204 Petnnrsntenn
1199 2145 1329 2201 accedens

295 2253 398 2304 secreto
417 2245 497 2300 dixit:
517 2244 584 2318 jube
600 2244 663 2300 anibi
683 2260 776 2317 panem
795 2244 968 2308 hordeaceum
985 2245 1077 2302 aiierri
1097 2252 1124 2300 et
1140 2245 1244 2302 occulte
1262 2243 1328 2299 duri.

274 2393 276 2398 .
294 2347 418 2410 Quicum
437 2345 532 2400 aiietaa
552 2345 646 2401 inisset
664 2352 690 2401 et
705 2344 799 2402 Petrus
815 2344 886 2400 idun
909 2344 1091 2402 benedixisset
1114 2352 1142 2402 ct
1159 2359 1209 2401 uns
1226 2345 1328 2400 suenioe

294 2446 496 2511 abscondisset,
517 2443 598 2500 dixit:
618 2445 690 2500 dicat
707 2445 817 2517 Syneon,
837 2446 883 2517 qui
900 2459 930 2500 se
947 2443 1028 2501 Deum
1045 2445 1125 2512 iecit,
1144 2443 1209 2516 quid
1225 2444 1262 2498 sit
1279 2457 1326 2499 co-

256 2611 262 2624 ·
294 2549 420 2619 gi-tatanr,
444 2543 508 2616 quid
530 2543 626 2599 diotnsu
644 2545 686 2601 rei
703 2545 766 2618 quid
787 2547 823 2601 uit
841 2544 947 2601 iactum.
980 2543 1126 2616 Respondit
1143 2543 1259 2616 Spu'oas.
1275 2542 1326 2600 Pe-

294 2654 352 2701 tuns
368 2646 454 2716 arogis
471 2644 556 2710 dicat,
574 2645 638 2716 quid
654 2646 767 2717 cogitem
785 2661 846 2718 ego.
881 2645 1004 2716 Dixitque
1022 2643 1128 2701 Petrus:
1147 2643 1209 2716 quid
1226 2644 1327 2717 cogitet

296 2743 408 2817 Sprnon,
430 2759 472 2800 ue
495 2746 564 2800 reiro
590 2743 710 2812 docebo,
737 2743 807 2814 duur,
833 2745 905 2818 quod
921 2745 1096 2818 cogitaverit,
1120 2743 1218 2800 iccero.
1251 2743 1327 2800 Tunc

294 2844 390 2917 Spanoa
407 2843 559 2918 indignatas
576 2844 712 2900 eleuant:
728 2844 875 2917 procedant
892 2859 971 2900 anes
985 2845 1074 2917 anagni
1084 2848 1111 2900 et
1121 2843 1250 2900 devorent
1258 2859 1325 2899 euru.

293 2941 328 3000 iit
344 2943 431 2998 subito
449 2959 530 3000 canes
547 2946 650 3000 aesini
666 2953 845 3016 apparuerant
861 2952 888 3002 et
905 2946 931 3000 ia
942 2944 1046 3002 i'etrnns
1064 2945 1184 3016 impetun
1199 2943 1325 3006 iecerunt,

294 3041 339 3099 iiic
361 3059 424 3099 nero
442 3059 536 3116 ponens
559 3042 723 3100 benedictum
746 3045 843 3102 obtniit
865 3051 891 3101 et
909 3043 997 3100 subito
1015 3048 1089 3117 ipsos
1106 3045 1133 3100 in
1152 3044 1325 3116 ingenoco·

295 3145 379 3199 uertit.
416 3142 491 3199 Tunc
518 3142 586 3198 dixit
611 3143 646 3198 ad
669 3141 798 3201 Neronem
821 3144 930 3201 Petrus:
955 3157 1017 3202 ecce
1039 3144 1146 3201 orandi
1169 3161 1210 3202 ure
1234 3159 1325 3208 nosse.

293 3242 364 3314 qnod
388 3249 480 3298 contre
495 3259 537 3299 sue
553 3244 719 3315 cogitaverat
741 3243 852 3316 Spnon,
875 3259 927 3300 non
944 3244 1049 3311 verbis,
1070 3244 1119 3300 sed
1138 3245 1225 3301 tectis.
1259 3243 1325 3302 iden

293 3343 338 3413 qni
361 3345 518 3414 promiserat
541 3349 634 3399 contre
657 3358 698 3398 ase
723 3344 835 3417 engeten
858 3351 997 3411 venturos,
1028 3341 1149 3400 exhibuit
1171 3359 1267 3412 omes,
1298 3351 1327 3400 nt

293 3441 417 3498 ostendet
441 3457 470 3498 oe
494 3441 599 3498 diuinos
621 3443 733 3515 angeios
760 3457 814 3500 non
835 3443 948 3511 babere,
976 3443 1025 3502 sed
1050 3447 1167 3502 cartana
1202 3443 1326 3516 Dixitque

292 3539 403 3612 Spaou:
432 3540 536 3609 audite,
560 3541 639 3598 Petne
657 3551 683 3599 et
700 3542 798 3613 i’euie,
826 3547 850 3599 si
867 3544 911 3600 bio
927 3544 1004 3600 robis
1021 3543 1085 3600 nihii
1104 3559 1211 3616 possuu
1225 3543 1325 3610 iacere,

293 3641 441 3706 seniensis,
466 3639 512 3696 nbi
535 3649 640 3714 oportet
661 3658 702 3698 sne
726 3659 773 3700 sos
793 3643 930 3716 jadicem
965 3659 1018 3718 ego
1040 3651 1127 3700 sutori
1152 3644 1229 3700 nodo
1248 3645 1327 3700 uobis

292 3755 382 3811 parco.
417 3739 486 3795 iisec
501 3739 566 3796 Leo.
602 3741 678 3798 Tunc
697 3744 806 3815 spanos.
834 3746 923 3799 nteit
946 3743 1274 3817 iiegesippnuetbinas‚
1299 3746 1326 3800 in

268 3889 269 3894 ,
292 3838 442 3910 snperbiam
459 3839 545 3896 cintus
562 3849 644 3898 susas
662 3849 704 3898 eet
716 3844 836 3914 jactare,
855 3843 926 3916 quod
943 3847 1037 3916 posset
1052 3851 1169 3900 nortuos
1185 3845 1325 3912 suscitare,

291 3945 320 3996 rt
336 3938 447 4007 accidit,
465 3947 495 3996 ut
510 3939 617 4011 quidam
630 3943 737 4014 juventu
752 3949 912 4011 moreretur,
931 3947 1032 4000 voeatis
1050 3959 1116 4018 ergo
1134 3943 1213 4000 i’etro
1231 3950 1258 3999 et
1274 3943 1323 4014 sp·
1355 3959 1357 3962 ·

290 4053 368 4094 usone
383 4038 452 4095 bauo
470 4054 561 4095 onnes
579 4039 613 4096 de
630 4041 763 4099 uoluntate
780 4043 900 4113 Spanouio
918 4045 1073 4100 sententiata
1091 4043 1273 4111 bostanni,
1296 4050 1326 4098 ut

290 4136 336 4192 itio
352 4137 530 4208 occideretur,
559 4142 602 4211 qui
625 4147 753 4198 monacus
774 4145 904 4198 suscitare
924 4158 978 4199 nou
996 4150 1097 4214 posset.
1131 4143 1227 4215 Spnon
1244 4143 1327 4217 igitur

289 4233 348 4291 dna
366 4252 447 4308 super
463 4245 591 4296 noanon
608 4255 673 4297 suns
694 4242 886 4298 noentatioace
902 4241 1012 4308 iaceret,
1030 4243 1102 4298 sisae
1121 4247 1164 4298 est
1177 4243 1322 4298 aetrnu-

287 4335 418 4394 sientibcs
443 4345 523 4409 eaput
547 4342 652 4412 agitare
677 4339 824 4398 deiunctae.
860 4340 935 4398 Tunc
959 4357 1049 4398 onnes
1077 4342 1253 4398 exclamantes
1271 4342 1324 4399 Pc-

289 4443 356 4490 tram
371 4433 492 4507 ispidsre
510 4437 645 4504 sciebant,
669 4439 763 4498 Parae
782 4448 870 4499 auten
895 4443 936 4500 riu
962 4444 1101 4514 inpetrato
1120 4442 1225 4500 sitentio
1242 4442 1323 4498 dixit:
