2828 5302
301 407 365 472 924
515 411 590 492 Cup.
613 409 741 470 CCXVI.
783 409 828 469 De
851 411 948 466 saneta
967 401 1140 466 Gonorelu.

304 569 373 613 borno
385 565 490 622 qnidam,
502 581 569 621 quem
582 565 697 611 dominius*
710 565 749 610 dte
762 573 894 618 oraenntesu
906 563 965 610 ultio
977 561 1057 608 ellstan
1070 557 1264 634 mentm-la
1280 563 1360 597 Β*

306 635 381 692 puella
395 635 423 679 ab
437 635 502 679 annis
514 633 564 678 lero
576 635 697 679 duodeoirn
711 648 790 687 meos,
807 647 865 687 quos
882 632 923 678 illa
940 631 1080 677 benedicens
1099 627 1154 672 aine
1168 623 1293 701 dilatroaa
1304 633 1360 664 uas·

304 705 378 749 lurnes
390 701 498 746 reddidit.
523 709 549 747 ln
567 702 661 746 ciuitate
679 700 792 746 lteldensi
811 700 886 757 puella
904 698 1016 754 quaedam
1035 694 1188 740 adolescenti
1202 691 1301 736 wadan
1313 701 1359 745 pse·

305 770 374 814 missa
392 777 420 814 ut
438 770 569 815 Genoretae
586 771 684 815 virtutes
698 768 818 824 comperit,
835 776 924 813 restem
937 766 982 811 sibi
995 765 1112 809 immutari
1127 778 1155 806 ao
1169 761 1198 805 im
1212 759 1360 805 uuutulsensa

304 838 418 890 viretnnn
430 837 572 883 annumerari
586 855 599 882 a
613 837 729 883 oenoreta
742 837 851 893 expetiit,
867 835 931 879 'unde
949 833 1079 884 iadianatus
1093 830 1243 876 adolemus
1257 837 1359 883 apuu!

305 917 358 949 unm
369 904 445 949 lurore
457 906 607 962 persequitur.
632 905 700 963 (titud
712 902 829 950 &aureis
846 901 941 948 audiena
959 915 1008 945 earu
1027 901 1058 946 ad
1071 898 1216 948 eustesium.
1237 909 1299 950 quae
1312 905 1359 949 pra·

305 971 367 1015 xima
380 981 439 1025 erat,
458 987 534 1017 seonm
553 973 618 1017 dnuit
636 982 658 1018 et
676 973 738 1018 sores
756 970 878 1022 ecclesiae,
896 983 955 1024 quae
973 967 1064 1016 clausae
1076 973 1160 1019 eraut,
1179 963 1267 1010 divina
1281 962 1359 1005 uirtute

306 1040 441 1085 mirabiliter
454 1041 563 1085 reseravit
577 1048 599 1084 et
612 1040 712 1097 puellam
725 1056 738 1086 a
750 1039 827 1084 lurore
840 1037 991 1082 adolescentis
1003 1035 1123 1082 libamit.
1151 1032 1292 1078 surella-ts
1309 1030 1358 1074 du·

306 1107 396 1151 cuidam
420 1108 579 1164 patrifamilias
599 1122 645 1165 pro
660 1121 740 1160 serro,
759 1107 799 1160 qui
817 1107 927 1150 adversus
944 1118 997 1148 eum
1014 1103 1160 1157 stetin-erus,
1179 1096 1307 1146 oannes·
1322 1111 1357 1140 re·

306 1175 367 1218 niam
386 1183 513 1232 expeteret,
533 1177 572 1222 ille
587 1191 645 1222 vero
663 1179 756 1222 omnino
775 1182 891 1225 renueret,
913 1169 1033 1218 nordestirn
1057 1178 1083 1215 ut
1105 1168 1208 1212 doraum
1228 1167 1357 1220 inentia-r.

239 1231 240 1235 ¹
304 1241 435 1287 uehementi
454 1243 518 1288 lebre
539 1250 656 1301 oorreptna
674 1256 720 1288 non
734 1242 797 1299 priua
809 1241 901 1290 sanitati
914 1238 1054 1290 restituitur,
1072 1250 1145 1292 quam
1164 1235 1306 1280 senoreto·
1320 1248 1356 1278 re-

307 1310 366 1354 niam
386 1311 504 1366 postulans
523 1310 609 1356 famulo
622 1311 800 1356 misericordiam
813 1307 927 1361 elargitur.
952 1312 1009 1351 tone
1028 1305 1152 1350 eeclesiam
1172 1304 1252 1349 saneti
1270 1301 1357 1346 nertii

306 1377 444 1422 Turonensis
463 1379 563 1430 ingressa
581 1379 760 1435 quamplurimos
782 1392 795 1421 a
817 1375 928 1422 daemona
950 1374 1057 1418 obsessos
1079 1378 1136 1417 oteo
1160 1370 1230 1428 prius
1255 1370 1357 1414 inursuas

304 1444 420 1491 liberarit.
451 1451 510 1490 llum
529 1453 605 1491 aulem
623 1446 695 1492 vellet
713 1445 785 1492 semel
803 1443 914 1501 quosdam
932 1442 1039 1492 intrauere
1057 1454 1086 1487 οῦ
1101 1440 1183 1485 olam!
1205 1439 1230 1483 in
1251 1437 1356 1494 111111ῑῦ.

305 1513 410 1568 pontifex
423 1513 499 1566 etiarn,
512 1514 551 1567 qni
564 1514 640 1558 oleum
653 1514 806 1574 benedioeret,
819 1512 917 1563 deesset,
930 1523 982 1553 anos
994 1518 1071 1555 terrae
1083 1509 1201 1554 recubans
1215 1509 1242 1552 iu
1256 1507 1357 1553 autina

305 1582 393 1636 posita,
412 1579 512 1636 ampulla
525 1581 549 1626 in
562 1583 667 1627 manibus
680 1585 729 1636 eins
743 1583 807 1635 oleo,
826 1593 871 1634 quo
885 1577 1030 1635 postmodum
1043 1576 1118 1623 sanati
1131 1583 1188 1620 aunt
1201 1577 1307 1629 aegroti,
1323 1581 1356 1619 ast

305 1647 401 1702 repleta.
425 1652 460 1692 lle
473 1651 522 1702 ejus
535 1650 673 1694 abstinentia
687 1649 795 1694 nostiam
807 1646 930 1692 virtutibus
942 1646 1002 1689 inter
1019 1647 1065 1689 alia
1081 1646 1157 1689 malta
1177 1645 1213 1689 sis
1231 1645 1291 1688 dicit
1303 1643 1355 1686 Vis·

305 1717 392 1761 sentius
406 1714 430 1759 in
442 1716 543 1772 speculo.
569 1722 589 1762 Α
609 1718 698 1762 decimo
716 1717 797 1772 quinto
814 1715 895 1760 artatis
914 1726 969 1760 suae
985 1727 1045 1758 anno
1057 1727 1133 1768 nsque
1147 1711 1179 1757 ad
1193 1709 1355 1767 quinq-rarsi·

305 1797 366 1826 mum
379 1797 431 1828 asna
443 1792 492 1830 erat
505 1785 527 1829 ei
540 1786 606 1841 panis
619 1787 758 1831 nontesnens
772 1791 795 1828 et
808 1783 874 1834 laba,
893 1796 961 1835 uuam
973 1788 1026 1837 post
1039 1780 1098 1826 duas
1110 1787 1152 1826 asrt
1166 1787 1214 1824 tres
1229 1779 1355 1824 bebdom-

305 1851 347 1895 das
358 1852 381 1895 in
391 1852 437 1895 olla
447 1853 621 1898 recommiscere
630 1853 721 1900 edebat.
747 1859 766 1898 Α
778 1852 816 1895 die
828 1850 942 1895 dominioo
953 1849 1058 1902 usquein
1072 1849 1153 1904 quinta
1167 1847 1228 1892 teria
1240 1847 1355 1902 ieiunabat

305 1927 328 1964 et
346 1934 360 1962 a
378 1919 435 1964 teria
454 1919 532 1974 quinta
549 1921 656 1974 usquein
675 1921 713 1966 die
725 1920 854 1969 domininon
871 1918 950 1962 riuum
969 1923 1045 1960 autem
1063 1924 1086 1961 et
1099 1917 1225 1971 quodlibet
1240 1915 1354 1960 inebriass

304 2003 419 2041 utnusquam
437 1988 533 2044 potnit.
565 1994 618 2034 rost
642 1989 851 2044 sprinquafleaimurra
874 1999 930 2030 reru
953 2000 1037 2029 anuum
1056 1985 1213 2030 suadentibus
1240 1983 1354 2040 episeopis

304 2063 399 2112 propter
414 2055 569 2100 obedientiam
587 2057 673 2112 piscem
692 2065 715 2102 et
732 2058 768 2103 lau
785 2072 836 2100 oum
854 2068 914 2111 pane
937 2051 1063 2097 bordeaoeo
1080 2053 1150 2098 edere
1170 2053 1258 2110 eoepit.
1285 2053 1354 2096 ttutra

303 2132 380 2168 autern
398 2123 546 2169 veneratione
566 2124 736 2170 calulsoensem
754 2124 843 2176 riuum,
861 2121 885 2166 in
905 2134 951 2176 quo
967 2121 1049 2166 boatus
1065 2119 1191 2175 Dionysius
1210 2134 1296 2178 passus
1313 2127 1354 2173 eat,

303 2191 398 2243 dilexit,
411 2190 448 2235 ent
461 2191 530 2235 etism
543 2191 638 2236 devotio
650 2201 698 2236 erat
703 2224 710 2244 ,
722 2193 746 2237 iu
760 2193 846 2235 bonore
858 2189 921 2234 illius
936 2187 1054 2232 basilicum
1066 2197 1210 2234 construere.
1236 2189 1352 2234 Suadebat

303 2259 444 2314 presbiteros
451 2289 459 2311 ,
477 2266 502 2302 ut
514 2258 600 2304 iaceret
612 2259 768 2316 unusquisque
780 2259 926 2303 collationem
939 2257 970 2302 ad
982 2257 1026 2302 lton
1038 2257 1185 2311 aediliciam,
1205 2257 1246 2312 qai
1260 2270 1354 2312 respou-

303 2326 396 2371 derssntr
409 2332 474 2371 emunt
487 2327 583 2372 los-silan
594 2328 704 2384 parvitati
719 2336 811 2372 nostrae
823 2327 886 2371 vires
900 2324 1049 2377 aedificandi,
1068 2325 1111 2370 sed
1129 2325 1268 2379 ooqueadae
1286 2323 1353 2368 ualuis

303 2393 371 2450 uopia
389 2393 462 2442 derat.
487 2399 519 2440 At
535 2395 575 2440 illa
595 2395 677 2452 spiritu
695 2403 774 2442 sancto
791 2395 878 2452 repleta
895 2389 1025 2440 'vutioiaans
1038 2393 1081 2436 aitr
1100 2391 1248 2446 esrediusiai,
1261 2407 1353 2448 qaaere,

302 2461 333 2505 ad
346 2470 437 2517 pontem
451 2461 552 2508 ciuitatis
571 2471 606 2516 et,
625 2479 683 2518 quae
702 2463 834 2516 audieritis,
853 2463 955 2508 nurstiate
973 2463 1036 2509 milli.
1063 2461 1108 2520 (tasi
1126 2462 1216 2514 egressi
1235 2462 1260 2505 iu
1278 2461 1352 2518 platea

303 2529 394 2573 stabant
407 2530 506 2577 attoniti.
532 2536 560 2576 tlt
574 2546 627 2576 eooe
640 2532 698 2577 dnos
711 2531 817 2576 oustodes
830 2543 951 2588 poenorum
968 2529 1157 2584 sermocinantes,
1178 2543 1278 2584 quorun
1296 2541 1352 2574 uass

303 2597 334 2641 ad
348 2599 442 2643 alterum
455 2597 500 2643 aila
518 2599 572 2644 duan
586 2600 646 2653 suia,
664 2599 736 2644 idest
749 2613 843 2656 porcae,
856 2599 979 2653 vestigium
991 2598 1021 2642 ob
1034 2606 1115 2654 partus
1127 2600 1235 2652 vagantis
1249 2601 1353 2652 tegern.

302 2665 380 2710 inveni
393 2666 484 2712 turnum
496 2667 566 2714 ualuis
580 2669 650 2716 anirse
663 2667 837 2724 magnitudinis,
850 2669 910 2716 alter
921 2666 1051 2724 responditr
1069 2672 1092 2710 et
1106 2681 1148 2720 ego
1163 2668 1245 2712 inveni
1259 2668 1282 2711 ia
1296 2667 1352 2711 silva

301 2735 346 2779 sub
365 2734 480 2779 radicibus
498 2734 586 2780 arboris
605 2751 617 2781 a
638 2744 709 2781 rento
727 2737 821 2782 evulsae
839 2737 930 2781 turnum
949 2734 1030 2786 ualuis,
1049 2733 1079 2778 de
1098 2748 1144 2789 qno
1164 2737 1224 2780 nituit
1239 2737 1351 2781 sublata·

302 2802 371 2846 uredo
390 2818 490 2858 unquam
507 2801 586 2850 inisse.
611 2804 680 2862 Quod
698 2805 817 2850 audientes
835 2803 959 2861 presbiteri
974 2803 1058 2856 antias
1077 2811 1172 2855 agentes
1191 2804 1282 2849 reversi
1294 2811 1352 2848 saal·

301 2871 404 2916 Audiens
422 2871 492 2916 etiarn
508 2871 565 2916 bueo
582 2880 661 2918 sancta
679 2872 784 2928 lacrymis
802 2887 858 2929 prae
876 2871 959 2926 gaudio
980 2871 1055 2917 sinum
1072 2870 1187 2926 implerit.
1228 2873 1352 2921 unedrit

302 2938 379 2994 itaque
398 2940 519 2985 Genesium
535 2939 699 2997 presbiterum,
719 2949 744 2986 ut
762 2941 787 2985 iu
803 2941 890 2986 bonore
908 2939 1020 2998 praedicti
1037 2941 1137 2985 martiris
1154 2939 1279 2986 basilicam
1299 2955 1352 2985 essa-

302 3014 411 3060 atrueret‚
431 3007 509 3062 sieque
523 3007 628 3053 omnibus
642 3008 732 3054 civibus
749 3009 788 3054 illa
802 3007 939 3068 implorante
952 3016 1079 3056 ooustnacla
1092 3015 1136 3056 est.
1161 3013 1190 3053 tn
1203 3012 1270 3064 cujas
1284 3021 1351 3066 opere

303 3075 406 3119 sollertis
426 3077 586 3132 carpentariis,
613 3093 665 3122 uum
682 3085 751 3134 potua
771 3077 891 3131 deficeret,
914 3077 1029 3133 arripiens
1048 3084 1127 3124 sancta
1144 3092 1230 3134 cupam
1252 3092 1352 3124 seusa·

301 3150 414 3199 prostrata
432 3158 484 3188 oum
503 3143 608 3199 lacrymis
628 3146 709 3192 orarit.
735 3146 823 3192 Deinde
840 3160 934 3199 astruens
952 3146 1014 3191 lanto
1033 3145 1097 3198 signu
1115 3146 1190 3190 moia
1218 3161 1289 3204 super
1310 3159 1352 3190 raa

301 3225 373 3266 arsque
386 3211 416 3255 sd
430 3226 542 3258 anmmum
554 3214 662 3268 poosrlum
675 3213 794 3269 impletum
807 3222 853 3268 est,
872 3229 901 3260 ex
914 3229 959 3270 quo
972 3214 1071 3272 operarii
1084 3228 1158 3268 usqua
1168 3215 1200 3261 ad
1209 3229 1351 3259 consum-e

300 3279 385 3325 tionem
411 3279 521 3326 basiliuae
546 3281 659 3327 uberrime
684 3290 790 3339 potantes
813 3283 895 3335 aratias
919 3291 1019 3336 ruerunt.
1045 3283 1149 3340 Quadam
1172 3290 1245 3327 uoute
1262 3281 1353 3328 sabbati

300 3347 360 3394 oirua
377 3347 432 3402 salli
450 3357 541 3394 nantum
558 3363 647 3401 egressa
667 3358 702 3395 est
719 3351 787 3396 beata
805 3349 923 3396 Gennrela
946 3350 976 3393 ad
999 3351 1119 3396 basilicam
1143 3348 1219 3396 aanoti
1241 3351 1352 3405 nioaysii,

301 3429 379 3460 cereus
391 3429 460 3469 reru,
479 3417 519 3472 qui
537 3416 718 3470 anteferebatur,
734 3419 859 3463 exstinctus
878 3427 922 3466 est.
947 3423 998 3476 (tuo
1016 3418 1113 3464 turbatis
1129 3417 1277 3472 virainitsna,
1295 3433 1353 3474 qaas

300 3499 352 3529 eum
365 3498 392 3528 ea
406 3491 470 3530 erant
486 3499 542 3541 prae
556 3485 648 3530 horrore
661 3486 747 3539 noetis,
761 3477 849 3532 ¹ceresarrr
863 3487 907 3532 sibi
921 3487 971 3532 dari
983 3487 1108 3544 praecepit.
1134 3491 1209 3544 Quem
1227 3497 1254 3534 at
1271 3489 1353 3540 tessait,

299 3553 378 3597 statim
390 3553 532 3599 illuminatus
544 3560 587 3598 est.
612 3553 720 3599 similiter
733 3555 814 3598 eodem
826 3561 943 3613 tompore,
962 3571 1014 3601 oum
1031 3554 1055 3600 in
1070 3554 1166 3600 aeclesia
1180 3555 1222 3600 dia
1236 3565 1352 3614 prostrata

300 3619 325 3666 in
338 3621 440 3667 oratione
453 3627 567 3675 surgeret,
587 3635 665 3666 serena
678 3623 779 3668 nondum
792 3622 845 3676 iuna
858 3633 976 3670 uontaotus
990 3624 1070 3669 dirino
1082 3631 1140 3668 nutu
1153 3639 1268 3670 aorensua
1279 3633 1315 3669 est
1327 3625 1352 3670 in

300 3703 368 3734 mann
381 3692 438 3746 eius.
462 3695 497 3736 lle
517 3703 563 3745 φιο
581 3696 605 3734 et
622 3689 700 3746 plures
718 3689 801 3734 intirmi
822 3691 941 3748 paululum
959 3691 984 3748 iu
999 3691 1046 3736 lide
1058 3691 1188 3737 auterentes
1201 3695 1278 3739 sanati
1291 3699 1352 3742 sual.

301 3758 419 3814 Quaedam
431 3759 513 3804 mulier
522 3757 597 3804 iurata
606 3765 641 3802 est
652 3758 804 3805 osloeamenta
814 3761 871 3814 rius,
884 3775 942 3814 quae
953 3768 978 3804 nt
990 3761 1083 3806 domam
1092 3763 1164 3814 renis,
1177 3769 1301 3808 exessum
1309 3769 1353 3809 est.

300 3826 388 3872 Deinde
405 3833 518 3883 prostrata
534 3824 566 3874 ad
583 3825 656 3882 pedes
674 3827 722 3880 eins
741 3827 833 3872 reniam
849 3835 931 3884 petens
943 3829 1039 3882 riunsris
1051 3831 1082 3876 ab
1095 3844 1122 3876 ea
1136 3829 1211 3874 nulia
1224 3829 1302 3875 sisara
1316 3845 1354 3875 re·

300 3895 368 3950 oepit.
394 3894 523 3940 llilderious
536 3893 605 3939 etiam
617 3898 751 3939 tranoomrn
764 3909 804 3940 rex
816 3896 887 3941 valde
900 3896 997 3950 dilireaa
1010 3914 1076 3952 eam,
1088 3899 1187 3950 timeus,
1205 3913 1238 3943 sse
1252 3899 1353 3952 risula,

300 3975 358 4016 qnos
375 3962 504 4008 interimere
522 3961 649 4015 rogitabat,
667 3969 746 4008 sancta
764 3963 863 4019 eriperet
881 3964 1011 4018 inaudiens
1028 3968 1108 4012 urben
1120 3964 1277 4020 rarisiorun,
1296 3979 1352 4024 per·

299 4039 346 4080 tam
366 4031 442 4077 claudi
460 4030 585 4089 praecepit.
611 4029 679 4088 Quod
695 4031 791 4080 audieus
807 4039 885 4080 sancta
904 4035 983 4081 statim
1002 4034 1032 4079 ad
1050 4035 1183 4081 liberandas
1196 4035 1287 4081 arsi-as
1299 4050 1352 4093 per·

299 4101 370 4153 rasit,
386 4100 449 4146 iuter
463 4102 526 4154 usius
539 4112 619 4144 uanus
632 4098 720 4155 populo
731 4108 798 4158 porta
811 4115 837 4148 aa
849 4102 900 4148 aiae
913 4103 980 4148 clare
991 4101 1103 4148 reserarit
1121 4109 1145 4147 et
1159 4103 1193 4150 siu
1205 4117 1285 4158 renen
1297 4117 1352 4149 usa·

299 4175 392 4220 uentu,
411 4181 441 4213 ns
457 4168 587 4216 vinetorum
605 4167 681 4224 nepita
701 4177 885 4228 amputarentur,
903 4171 1010 4219 obtinuit.
1040 4172 1092 4216 ruis
1109 4171 1179 4216 etiam
1199 4185 1228 4217 eo
1248 4181 1353 4231 tempure

298 4237 380 4280 beatus
394 4235 486 4282 Simeon
499 4236 524 4280 iu
536 4234 650 4290 uolumus,
662 4248 731 4289 quem
743 4237 895 4291 negotiatores
908 4247 988 4286 euntes
1001 4245 1024 4285 el
1038 4239 1160 4285 mdmntoe
1174 4237 1254 4286 terunt
1267 4241 1299 4286 de
1311 4241 1352 4287 illa

297 4304 449 4356 interroaasse
469 4311 492 4348 et
512 4315 562 4348 eam
574 4303 722 4349 veneratione
734 4306 828 4362 protere
842 4307 954 4356 salutasse
971 4317 994 4354 et
1006 4321 1031 4356 se
1044 4306 1068 4354 ia
1081 4307 1226 4355 orationibus
1240 4313 1292 4366 elas
1303 4325 1352 4356 ne·

297 4384 383 4417 murem
396 4386 448 4418 esse
460 4372 602 4430 poposcisse.
629 4373 720 4420 Parisiis
733 4374 802 4420 etiarn
815 4376 836 4420 ei
850 4377 923 4422 oblati
935 4385 987 4424 saut
1000 4377 1156 4434 auertsnui,
1170 4390 1215 4436 pru
1227 4379 1315 4435 quibas
1328 4381 1352 4426 ia
