2798 5302
329 515 401 593 Cup.
423 513 458 572 tt.
508 511 552 572 De
571 510 779 572 innocentibus.
1026 509 1066 571 tit

29 675 166 740 clientium,
188 689 234 730 nee
253 675 371 745 proximo
389 687 437 743 per
455 672 617 743 injustitiam,
637 683 683 725 nce
703 669 753 723 riht
772 685 820 740 per
835 669 947 741 alicujus
966 673 1065 741 peccati

31 774 168 832 maltham.
204 771 236 828 Et
253 771 313 828 ideo
331 772 426 829 utetur
444 775 470 828 in
490 770 603 842 psalmo:
639 773 789 827 innocentes
812 777 838 826 ot
855 772 918 826 recti
938 767 1066 826 adhaese-

29 881 91 931 runt
106 873 181 930 mihi.
230 871 385 929 lnnooentes
400 873 426 927 in
445 874 501 928 vita
519 876 546 926 et
564 872 627 927 recti
653 873 678 926 irr
704 869 763 928 lide.
817 869 928 926 Ratione
954 885 1065 941 poenae,

29 976 153 1046 quonlam
174 976 324 1031 innocenter
340 987 372 1029 ae
391 974 487 1044 injuste
504 973 577 1042 passi
596 976 670 1038 sunt,
696 969 763 1029 unde
781 971 930 1042 psalmista:
967 969 1065 1026 chude-

30 1080 91 1129 runt
107 1075 262 1146 sanguinem
281 1075 452 1130 innocentem.
504 1069 615 1127 listinae
632 1071 795 1128 innocentiae
813 1077 966 1136 aseeeutac,
1000 1086 1065 1141 quo-

29 1177 100 1230 niam
120 1174 225 1244 inipso
244 1174 361 1230 martimo
381 1175 494 1229 enecati
514 1178 574 1228 suut
594 1172 621 1239 ⁸)
641 1168 821 1241 baptismalem
840 1173 1020 1236 innocentiam,
1038 1171 1065 1225 iri

28 1281 71 1332 est
88 1273 127 1328 ah
147 1273 272 1345 omgimtt
299 1277 406 1344 peceato
429 1269 599 1338 munditiam,
630 1269 663 1327 do
686 1285 738 1343 qua
757 1273 904 1327 innocentia
929 1269 1022 1326 elicitur
1040 1273 1064 1326 iu

30 1373 149 1444 psalmo:
166 1371 267 1430 eustorii
290 1369 462 1426 innocentiam
480 1375 509 1426 et
527 1370 586 1425 vide
603 1371 772 1441 aequitatem,
790 1369 817 1426 io
836 1376 885 1434 cet.
905 1369 1007 1427 custodi
1025 1371 1064 1426 irr-

29 1477 179 1532 nocentium
203 1472 369 1543 baptismatis
393 1477 422 1527 et
443 1467 605 1541 postmultum
631 1469 691 1525 title
714 1472 873 1542 aequitatem
898 1469 983 1525 honae
1001 1487 1064 1541 ope-

29 1576 151 1630 rationis.

98 1679 128 1734 1.
146 1672 301 1730 innocentes
319 1669 354 1726 ab
372 1669 474 1728 Aeeta
492 1671 646 1728 Ascalonita
662 1669 792 1726 interlecti
810 1676 877 1724 sunt.
913 1668 980 1726 Trea
998 1673 1064 1726 enim

30 1775 152 1832 ilemdes
177 1787 253 1830 sacra
276 1775 407 1844 scriptura
429 1777 626 1837 commemoret,
665 1786 730 1842 quoe
755 1771 871 1826 lamosos
896 1769 957 1824 lecit
977 1786 1064 1825 eurum

29 1875 184 1932 erudelitas.
226 1872 326 1928 Primus
342 1873 425 1926 dietus
444 1879 484 1927 eet
501 1871 618 1927 Herodes
634 1871 802 1936 Ascalonita,
838 1868 887 1925 sub
912 1887 965 1942 qno
983 1870 1064 1926 domi-

31 1991 80 2034 nus
99 1983 176 2031 nator
195 1979 235 2028 est
254 1979 281 2028 ct
300 1986 317 2028 o
334 1987 386 2044 qno
405 1973 479 2044 puori
497 1973 576 2027 occini
593 1976 661 2027 eunt,
704 1969 838 2027 Secundus
855 1969 937 2027 clletus
957 1978 998 2026 est
1014 1971 1064 2028 lle-

31 2075 112 2134 retes
129 2077 258 2144 Antipas,
290 2075 333 2144 qui
351 2071 494 2130 lohannem
513 2070 662 2127 decollavit.
696 2068 803 2126 Tertius
824 2069 909 2126 rlictue
925 2077 966 2126 est
982 2071 1064 2126 liero-

30 2176 78 2232 iee
96 2177 229 2247 Agrippa,
247 2175 291 2244 qui
309 2171 433 2230 laoohum
454 2171 550 2228 oceidit
568 2178 594 2227 et
610 2169 714 2228 Petrum
732 2173 917 2236 incarceravit,
948 2169 1014 2229 unde
1030 2170 1063 2227 de

29 2275 80 2331 hoc
98 2282 204 2332 exstant
222 2290 329 2330 vorsus:

198 2375 350 2431 Ascalonita
369 2379 444 2430 necat
462 2389 567 2445 pueros,
584 2376 682 2446 Antipa
698 2372 842 2432 loharmern

193 2471 313 2546 Agrippa
331 2473 466 2541 lecchum,
486 2475 610 2530 claudens
628 2477 654 2530 in
673 2489 777 2530 earcere
796 2471 906 2529 Petrum.

31 2576 84 2633 Sei
111 2575 188 2645 primi
214 2573 324 2630 llernrlie
348 2573 490 2646 hystoriam
510 2573 626 2652 hreriter
644 2573 786 2632 niteamus.
837 2573 977 2646 Antipater
993 2573 1063 2632 leu-

31 2691 136 2742 mnus,
173 2681 202 2729 ut
219 2676 243 2728 in
264 2671 382 2745 hystoria
406 2673 564 2732 scholastica
581 2675 693 2749 legitur,
726 2680 829 2745 neptem
853 2676 926 2746 regis
948 2675 1063 2732 Arabum

30 2775 106 2832 duxit
124 2791 247 2840 uxorem,
278 2789 310 2830 er
330 2791 382 2846 qua
397 2775 476 2830 hlium
496 2775 601 2842 hahuit,
630 2791 706 2847 quem
728 2777 833 2832 vocarit
849 2775 990 2840 Herodem,
1018 2779 1061 2847 qui

32 2875 173 2946 postmodo
189 2873 342 2930 ,Ascalonita
360 2874 443 2930 dietus
462 2883 510 2931 est.
563 2875 609 2933 llic
634 2891 651 2930 a
674 2877 789 2932 Caesare
811 2876 931 2949 Augusto
956 2891 1061 2948 regnum

29 2975 151 3034 Judaeae
174 2978 275 3045 accepit
298 2984 324 3030 ot
344 2982 405 3030 tunc
429 2979 548 3047 primitus
565 2985 693 3048 sceptrum
711 2975 825 3031 ablatum
844 2982 884 3030 eet
902 2975 935 3031 de
952 2975 1061 3033 ludaee.

31 3079 95 3134 lluic
114 3093 162 3130 sex
179 3077 223 3130 hili
242 3078 296 3131 natt
314 3082 388 3155 eunt,
406 3076 506 3134 seilicet
522 3079 676 3148 Antipater,
696 3075 860 3140 Alexander,
885 3074 1061 3140 Aristobulus,

31 3175 195 3240 Archelaus,
230 3173 346 3232 Herodes
364 3176 477 3248 Antipae
494 3183 521 3233 et
537 3175 680 3248 Philippus.
733 3173 908 3233 Alexandrum
932 3183 1018 3232 nutem
1037 3184 1064 3232 et

31 3275 210 3332 Aristobulum
237 3291 269 3330 ex
288 3275 377 3330 oedem
397 3284 478 3332 matre
495 3275 596 3333 ludaen
613 3279 718 3351 genitos
736 3275 840 3331 Romam
861 3277 928 3333 nisit
945 3274 1062 3333 liberali·

29 3377 81 3432 hur
100 3375 201 3430 artihne
219 3374 384 3431 imbuendos:
404 3382 465 3446 post
481 3375 531 3432 hnc
548 3391 564 3430 a
580 3376 675 3432 studiis
693 3375 826 3430 redierunt
842 3383 868 3431 et
881 3375 1063 3432 erntAlertan·

29 3477 79 3533 der
98 3479 126 3546 ²)
143 3478 346 3548 grammaticus,
371 3475 537 3532 Aristobulus
554 3482 638 3532 entem
657 3478 798 3531 acerrimus
815 3482 970 3546 perorator;
992 3477 1062 3548 Jam-

30 3593 83 3649 que
103 3579 130 3647 ⁸)
148 3575 310 3648 frequentius
326 3576 358 3632 de
376 3578 541 3647 susceptione
559 3578 631 3649 regni
649 3591 705 3630 cum
719 3575 994 3647 petredisceptahaut.
1021 3576 1061 3633 Ah

31 3677 82 3734 hoo
100 3683 176 3748 pater
193 3677 308 3732 otieneue
325 3677 487 3748 Antipatrem
505 3675 558 3731 illis
577 3690 740 3746 praeponere
762 3675 919 3748 satagebat,
953 3690 1062 3748 eumque

31 3779 69 3833 ilii
90 3777 122 3833 dc
145 3783 228 3832 rnorte
254 3778 336 3847 patris
360 3781 519 3831 tractassent
536 3782 562 3831 ct
583 3773 617 3830 oh
635 3774 685 3831 hoe
702 3783 811 3847 epatre
829 3776 921 3846 rejecti
940 3775 1061 3844 luissent,

30 3881 172 3934 tieeserem
190 3877 286 3932 adeunt
303 3875 336 3932 ie
355 3877 438 3946 petris
455 3877 552 3946 tujnria
567 3879 744 3946 conquesturi.
785 3875 887 3931 interae
911 3879 981 3948 magi
997 3874 1061 3932 lhe-
1180 3888 1183 3895 ·

29 3981 179 4034 rosolimrm
197 3979 303 4032 renium
319 3981 347 4032 et
363 3975 395 4031 tle
413 3983 473 4032 ortu
489 3978 549 4031 nort
568 3979 640 4048 regis
654 3974 805 4047 diligentius
814 3977 993 4031 suscitantur:
1010 3973 1061 4032 lle·

29 4079 110 4135 rodes
128 4078 178 4133 hoc
197 4077 306 4132 audiero
324 4074 492 4147 perturbetur
507 4077 611 4143 timeus,
629 4091 661 4132 ne
678 4076 712 4132 de
729 4091 847 4131 verorum
864 4090 1061 4147 regumgenere
1096 4089 1097 4092 ’

29 4180 129 4250 aliquis
145 4183 223 4232 natm
241 4183 326 4240 esset,
363 4178 408 4247 qui
427 4191 483 4231 eun
500 4181 632 4246 tamquam
650 4177 724 4248 regni
745 4178 889 4232 invasorum
910 4174 1060 4248 repelleret.

78 4370 101 4419 t)
114 4367 155 4412 cri.
169 4365 240 4410 t'rima
253 4363 353 4421 pessime
366 4363 431 4415 legit:
445 4363 687 4420 hlrephem'eleur.
762 4361 940 4418 appropriare·
954 4360 1060 4406 omittunt

28 4437 99 4478 verbo
114 4433 321 4488 arnrnrmeticue
335 4454 357 4465 -
372 4437 471 4478 sutem.
564 4432 585 4485 ³)
598 4443 640 4488 pro
653 4444 710 4476 voce
723 4429 911 4486 frequentius
924 4427 1059 4474 recentiores

28 4501 216 4548 malumtliberl
237 4499 390 4544 licentius.
