2984 5302
323 489 397 568 Cap.
421 487 553 549 cxxiv.
597 487 641 546 De
663 462 763 546 sadcto
785 489 954 567 Augustino.
1098 481 1160 548 aab

120 653 147 703 at
164 647 361 718 praedieatione
383 647 518 705 anbrosii
545 661 646 703 swrun
666 647 797 717 baptisma
814 649 940 719 suscepit.
977 645 1067 714 Tunc,
1093 649 1163 704 sicut

120 746 218 816 lectur,
239 728 409 804 Ambrosius:
432 751 460 804 te
478 745 559 802 Denta
577 744 734 813 laudamus,
757 747 856 818 lnquit,
882 752 909 802 et
925 747 1106 819 Augustinus:
1134 752 1162 803 ta

119 840 251 900 dominura
269 845 436 915 condicatur,
462 844 600 916 wspcndit
623 852 650 902 et
670 845 710 900 alo
734 851 797 900 tuno
814 846 866 915 ipsl
884 844 936 901 duo
955 844 1023 900 bunc
1039 844 1161 917 berennus

120 944 271 1000 alternatim
294 953 499 1017 conposuerunt
522 951 549 1000 et
573 944 709 1016 usquein
733 943 809 1000 boen
841 941 1063 1010 decantaverunt,
1093 947 1163 999 sicut

120 1044 200 1098 etiarn
212 1043 469 1102 testaturllcnorlus
487 1045 513 1098 ln
531 1041 600 1098 libro
618 1058 678 1110 stro,
697 1045 742 1114 qui
760 1041 856 1099 dicitnr
871 1041 1004 1113 speculam
1023 1041 1162 1098 eeclesiae.

119 1137 148 1194 ln
167 1142 300 1213 aliquibus
318 1151 405 1198 auten
423 1143 499 1198 libris
518 1143 635 1213 antiquis
647 1143 740 1198 titulus
753 1139 815 1196 talis
827 1144 1013 1213 praeponitur:
1032 1143 1161 1196 canticum

121 1240 155 1295 ab
174 1240 315 1298 Ambrosio
333 1249 360 1298 et
376 1242 527 1316 Augustino
544 1241 720 1313 compilatum.
755 1240 878 1297 Protinus
897 1247 983 1295 autern
1003 1242 1028 1294 iu
1047 1237 1099 1296 lide
1115 1253 1162 1296 ca-

121 1337 223 1395 tbollca
253 1341 412 1397 mirabiliter
441 1339 623 1406 confirmatur,
656 1355 729 1410 enen
749 1355 863 1407 omnen,
896 1353 972 1410 quarn
997 1337 1115 1394 babebat
1135 1343 1164 1394 in

122 1437 244 1507 saeculo,
263 1438 405 1513 dereliquit
423 1447 449 1497 et
467 1439 576 1505 scholis,
595 1443 662 1510 quus
679 1437 802 1510 regebat,
820 1437 1024 1494 abrenuntiari&
1060 1437 1164 1502 Quanta

121 1541 208 1592 autern
235 1537 373 1596 dulcedine
395 1539 490 1595 dirini¹
503 1539 602 1594 amoris
620 1542 716 1594 ertone
734 1537 878 1604 lederetur,
904 1537 962 1606 lpse
980 1538 1008 1592 lu
1025 1535 1076 1592 boe
1091 1537 1163 1592 libro

121 1635 316 1693 confessionum
334 1641 421 1711 aperit
440 1637 545 1694 dicens:
575 1637 755 1710 sagittaveras
779 1643 807 1692 tu
825 1651 872 1690 eor
888 1653 972 1692 naun
988 1639 1100 1692 caritate
1117 1629 1164 1695 tua

122 1741 150 1794 et
165 1735 304 1809 gestabam
321 1739 406 1794 rerba
422 1744 470 1792 tus
485 1734 615 1793 transtra
631 1738 659 1791 ln
677 1734 823 1791 uisceribus
841 1742 868 1791 et
886 1733 1007 1806 esemple
1026 1751 1163 1792 serrorum

121 1841 242 1903 tuorum,
267 1851 334 1908 qnos
353 1836 386 1892 de
405 1837 490 1908 nigris
515 1835 618 1891 lucidos
643 1841 670 1891 et
693 1835 853 1890 demortuis
871 1836 946 1888 siros
966 1833 1078 1903 ieceras,
1098 1849 1162 1892 con-

121 1939 201 2008 gesta
224 1939 252 1991 in
276 1937 360 1992 ainurn
387 1935 557 2006 rogitationis
582 1949 657 1992 neae
680 1933 794 1990 urebant
816 1940 844 1990 ot
868 1933 1038 1988 assumebant
1055 1949 1163 2006 grovero
1258 1957 1259 1960 ¹

122 2041 256 2104 torporera
275 2040 301 2090 et
320 2033 492 2089 adscendentl
507 2048 524 2089 a
539 2031 662 2088 carratis
680 2032 838 2104 plorationis
858 2039 885 2086 et
901 2034 1018 2086 mutuati
1035 2035 1165 2089 canticum

121 2131 251 2203 gradense
269 2131 382 2188 dederas
401 2135 515 2204 sagittas
526 2137 619 2187 acutas
635 2138 662 2187 et
679 2129 810 2187 carbones
823 2137 974 2187 vastatores
986 2145 1034 2186 nec
1045 2131 1165 2189 sadabar

122 2231 150 2285 in
174 2228 229 2284 lllis
255 2230 349 2286 diebus
373 2228 513 2286 dulcedine
535 2229 651 2285 mirabili
678 2230 850 2286 considerare
873 2229 1037 2284 stttltudinens
1060 2229 1165 2285 consilli
1220 2225 1222 2228 ’

122 2326 205 2384 diuini
223 2343 305 2400 anper
321 2328 432 2385 salutern
451 2331 558 2402 generis
576 2327 693 2388 bunut.
729 2327 859 2393 Quantum
888 2329 950 2383 aevi
970 2329 996 2382 in
1018 2327 1120 2399 bqnnts
1138 2335 1166 2384 et

92 2461 94 2466 -
121 2429 305 2484 subsistoit
327 2443 412 2485 suase
438 2430 559 2483 sonmtts
582 2427 715 2484 ecelnlae
743 2427 852 2483 uocibus
883 2432 1026 2482 euronotus
1056 2430 1165 2496 acriter,

121 2541 201 2582 voees
218 2527 282 2584 illac
301 2526 447 2582 induebant
464 2525 574 2582 auribus
590 2529 656 2583 areta
674 2533 702 2583 st
718 2525 887 2597 eliquabatur
904 2527 1003 2581 veritas
1020 2532 1067 2582 ina
1078 2528 1104 2582 ln
1118 2543 1165 2584 cor

121 2643 206 2683 nenos
234 2633 261 2684 at
285 2625 427 2682 currebant
451 2626 584 2698 lacrymas
607 2632 634 2682 et
655 2623 723 2682 bone
754 2623 818 2679 rnlbi
842 2630 902 2680 erat
925 2639 981 2679 οιιιιι
1007 2625 1051 2681 iis.
1087 2623 1164 2683 Tune

113 2727 191 2780 'suin
208 2728 235 2780 in
253 2722 368 2780 ewleaia
384 2724 579 2782 Mediolanensi
599 2723 665 2782 baec
682 2725 787 2780 osntioa
808 2725 930 2778 institute
951 2729 1021 2780 snrrt.
1056 2720 1090 2780 Et
1107 2724 1163 2781 ela·

122 2824 224 2880 naban
243 2823 357 2879 olanore
375 2825 430 2880 ulto
450 2825 540 2880 cordis
557 2826 623 2880 nsei:
647 2825 707 2878 oin
725 2839 806 2894 pecs,
831 2839 847 2877 o
867 2824 895 2878 in
911 2821 940 2876 ld
959 2824 1060 2894 ipsum,
1084 2827 1164 2896 oqui

122 2924 203 2980 dixit:
222 2923 348 2980 dominas
362 2924 561 2997 etraquleaostn
575 2930 730 2979 etsornnura
750 2923 862 2993 captans.
898 2921 941 2976 'l'u
959 2937 988 2976 es
1008 2924 1077 2978 eninr
1092 2924 1118 2978 in
1136 2923 1165 2978 id

121 3027 215 3095 ipsun,
229 3027 274 3095 qui
289 3039 341 3078 non
353 3025 471 3088 mutaris,
490 3030 516 3078 et
528 3025 555 3076 in
568 3028 594 3078 te
609 3023 715 3092 requies
729 3020 891 3076 obliviscens
903 3019 1023 3075 laborosn
1035 3024 1163 3090 omnium

120 3124 243 3196 legebant
257 3129 339 3178 totum
353 3122 479 3190 pselnurn
492 3120 564 3174 illurn
578 3127 606 3176 ct
622 3119 757 3188 ardebam,
776 3120 822 3191 qui
841 3119 942 3174 luerasn
957 3118 1070 3174 latrator
1089 3135 1163 3176 ann·

122 3237 166 3277 nus
187 3230 214 3278 et
231 3235 327 3277 cnaeus
346 3219 474 3276 aduersus
491 3219 595 3273 litteras
613 3218 646 3274 de
665 3219 742 3274 nuella
763 3218 832 3274 coeli
849 3217 963 3273 mellitas
980 3215 1053 3274 etde
1066 3218 1163 3274 lomina

120 3329 167 3376 tuo
184 3320 331 3375 luminosas
357 3326 384 3376 et
403 3319 647 3389 superscriptum
673 3315 825 3387 hujusmodi
843 3316 1030 3382 tabescebam,
1057 3315 1164 3373 Girrlrte

120 3417 185 3476 lesu
208 3419 316 3489 adjutor
340 3432 429 3483 meus,
463 3431 540 3487 quarn
568 3431 649 3472 auare
671 3415 736 3470 inibi
761 3415 850 3470 subito
878 3421 919 3470 est
941 3414 1037 3470 laniunt
1072 3427 1164 3472 carere

122 3515 299 3573 suavitatibus
316 3531 445 3587 nugarum
466 3530 590 3581 mearum,
611 3521 723 3586 atquae
738 3516 861 3571 amittere
877 3518 962 3570 metus
981 3513 1083 3580 metat,
1107 3516 1163 3586 jans

122 3615 254 3672 dimittere
278 3615 402 3686 gaudium
430 3620 496 3669 erat
531 3612 668 3684 Ejielebas
692 3615 759 3669 enisu
784 3627 831 3668 eas
859 3627 956 3680 arne,
986 3627 1051 3668 vera
1079 3619 1108 3668 tu
1137 3619 1164 3668 ot

122 3729 223 3770 sonna
240 3714 370 3781 suanias,
389 3712 518 3783 ejiciebas
544 3719 572 3768 et
589 3711 708 3767 intrabas
727 3727 774 3782 pro
793 3713 828 3766 lis
849 3713 920 3766 oront
944 3709 1081 3781 uoluptate
1102 3710 1162 3766 dnl·
1258 3733 1260 3736 ·
1281 3739 1282 3742 =

120 3815 192 3879 ntor,
215 3811 266 3868 sed
289 3827 343 3866 non
368 3813 442 3866 carni
466 3817 494 3866 et
519 3813 659 3883 sangnini,
689 3813 759 3866 unni
785 3809 845 3865 loce
867 3809 982 3875 darier,
1014 3809 1063 3864 sad
1093 3812 1165 3866 orani
1239 3810 1242 3820 ’

121 3916 226 3967 soorato
245 3912 371 3976 interior,
390 3911 460 3965 narni
476 3908 578 3966 bonore
595 3908 749 3976 sublimior,
771 3907 820 3965 sed
837 3923 890 3962 non
905 3907 1061 3963 sublimibus
1079 3907 1106 3962 ln
1123 3923 1163 3964 so.

121 4009 187 4066 Post
210 4008 263 4064 boo
287 4010 412 4064 assumtis
436 4009 573 4065 Nebrodio
597 4014 624 4064 et
646 4006 749 4064 Euodio
774 4012 801 4064 et
825 4013 909 4063 aratra
932 4005 968 4060 ad
984 4005 1101 4061 Alrlcan
1119 4021 1163 4062 re-

121 4106 243 4175 meabat,
262 4106 310 4163 sed
328 4122 386 4162 eun
404 4111 495 4164 assent
514 4106 585 4177 apud
603 4105 721 4162 liosttan
744 4104 920 4178 Tyberluan,
939 4105 986 4176 pia
1003 4110 1087 4158 nater
1104 4105 1164 4174 ejus

121 4205 248 4263 deluneta
265 4212 316 4261 eet.
350 4204 415 4261 l’ost
434 4206 511 4276 cujus
528 4209 636 4260 nonen
655 4219 780 4262 msersus
798 4204 1015 4276 estlngustinus
1035 4200 1070 4257 sd
1082 4217 1164 4274 agros

122 4307 256 4376 proprius,
275 4302 321 4359 nbi
340 4319 397 4359 cuns
415 4301 473 4371 bis,
495 4307 540 4376 qul
554 4302 610 4358 sibl
627 4301 818 4370 adhaerebant,
833 4303 945 4374 jejuniis
955 4310 988 4360 et
999 4300 1164 4358 orationibus

122 4401 178 4458 lieo
199 4402 327 4472 uacabat,
352 4401 437 4458 libros
461 4400 597 4458 scribebat
624 4407 651 4458 et
675 4399 796 4456 indoctos
821 4399 940 4466 docebat
974 4399 1056 4456 Fauna
1076 4404 1164 4457 autern
