2984 5302
372 493 444 572 cop.
468 491 567 552 cxiv.
611 491 655 550 De
675 503 774 552 sanan
795 491 887 552 Sixto·
1077 491 1139 558 48³

114 654 234 728 spondit:
261 668 312 726 ogo
329 667 385 709 sun
402 651 601 719 misericordia,
626 665 695 725 quac
712 651 756 708 hio
772 650 881 718 habito,
903 653 930 706 si
945 653 1028 726 igitur
1044 653 1078 710 ah
1096 655 1144 711 ina-

115 755 223 811 rninenii
239 759 396 825 tenpestate
412 752 513 808 soirsri
528 745 675 818 desideras,
694 750 760 806 tado
774 749 930 819 addcnurs,
947 753 974 806 in
985 754 1144 826 quatratrea

114 854 312 925 praedicatores
341 851 477 920 habitunt,
507 851 597 924 ibique
620 853 739 907 inuenies
761 849 891 908 cnidon
916 853 1095 922 poenitentiae
1116 863 1145 912 et

113 969 245 1026 praesepe
266 954 442 1008 continentiae
465 945 630 1022 et‘pohuhrnn
653 950 796 1017 doctrinan,
817 951 951 1020 ¹)aninutu
968 951 1144 1022 simplicitatis
1165 979 1167 982 ·

114 1069 170 1109 oum
184 1052 252 1108 hore
262 1051 440 1118 discretionis,
455 1048 566 1106 hiariaan
578 1051 764 1107 dioninanteur
773 1055 800 1106 et
811 1047 953 1120 dosenhun
968 1050 1142 1121 penhdenteut

113 1161 141 1210 et
161 1168 267 1224 puerum
290 1151 381 1210 desunt
404 1157 432 1206 tc
453 1150 606 1207 sdranten
641 1149 704 1206 dnn
733 1151 815 1222 igitur
837 1148 989 1219 praedictus
1012 1149 1143 1209 scholaris

117 1251 287 1325 evigilasset,
317 1250 352 1306 ad
380 1249 483 1307 donou
513 1250 621 1305 irntrnro
648 1249 721 1306 uenit
755 1253 783 1306 et
804 1249 931 1305 risioneu
957 1263 1006 1321 ner
1025 1250 1142 1310 ordinem

113 1353 227 1408 recitans
251 1350 366 1406 habiturn
392 1349 494 1407 ordinis
518 1351 596 1422 petiit
612 1355 639 1406 ei
657 1349 767 1419 accepit.

427 1657 523 1754 iii.
547 1655 656 1752 diii.
696 1653 813 1757 (1de

267 1781 674 1877 nesancto
714 1801 978 1880 δίκην).

175 1973 265 2030 sixtus
283 1972 380 2028 dicitnr
397 1987 414 2027 a
431 1971 507 2039 Sics,
530 1966 601 2043 quod
625 1974 667 2024 ost
683 1967 771 2037 licus,
796 1975 823 2026 et
839 1975 941 2038 status,
966 1973 1044 2043 quad
1063 1969 1139 2043 ³)di-

109 2073 185 2140 riuus
202 2079 297 2140 suino,
315 2071 356 2128 rei
375 2071 464 2128 sixtus
482 2085 499 2128 a
516 2073 593 2138 sisto,
611 2070 694 2136 sistis,
712 2070 789 2142 quasi
806 2069 873 2124 isus
892 2075 918 2125 et
936 2057 1028 2126 irnns'
1044 2071 1072 2126 in
1089 2069 1139 2128 ide

109 2172 150 2227 rei
168 2173 294 2243 passione
311 2177 338 2228 et
354 2169 425 2226 bona
441 2171 604 2242 operatione.

174 2275 204 2330 1.
222 2271 312 2326 Sixtus
331 2286 403 2342 pape
420 2269 590 2326 Atheniensis
606 2270 712 2324 radone
728 2267 812 2338 prino
831 2266 934 2338 quiden
953 2265 1137 2341 philosophus,

107 2371 155 2428 sed
177 2376 273 2441 postea
296 2370 394 2426 Christi
416 2367 562 2441 discipulus
585 2373 613 2424 ct
629 2367 748 2438 pontifex
764 2381 877 2422 sannas
895 2366 994 2424 eiectus
1012 2367 1092 2424 [iccio
1110 2376 1139 2426 et

107 2469 248 2526 Valeriano
266 2485 322 2525 eon
341 2468 445 2525 duohns
462 2466 624 2540 dsaconihns
642 2470 698 2521 suis
710 2465 876 2523 Felicissimo
894 2467 1043 2539 ethganitc
1057 2484 1137 2539 prae·

105 2576 225 2625 sectatos
248 2574 298 2626 est
333 2568 413 2631 Quen
439 2583 496 2624 ona
517 2567 614 2624 Decios
638 2565 718 2621 nuiiis
739 2571 833 2637 posset
854 2566 1070 2637 pennnionihos
1094 2569 1136 2622 in·

106 2668 220 2734 oiinare,
246 2667 309 2723 iecit
326 2683 383 2724 euro
400 2667 461 2723 duci
478 2666 511 2723 ad
529 2665 650 2736 umplona
668 2663 778 2733 Martis,
802 2673 832 2720 ut
853 2671 899 2720 aot
914 2663 1074 2723 saonidouret
1090 2675 1136 2725 aui

104 2769 133 2821 in
151 2765 273 2822 cuswdia
290 2764 470 2837 ⁴)hiaunertini
488 2768 663 2837 reciperetur,
692 2763 740 2821 sed
763 2779 819 2821 eon
836 2761 987 2821 saeniicare
1004 2773 1135 2835 nocent,

105 2867 132 2920 in
150 2866 295 2922 custodian
313 2865 460 2922 duoeretur.
494 2861 592 2922 Beatus
613 2863 771 2920 Laurentius
793 2869 854 2936 posi
871 2879 927 2919 eun
946 2863 1062 2921 chonans
1079 2866 1136 2922 ihat

104 2970 135 3022 ct,
148 2963 266 3022 dicebat:
285 2980 337 3038 quc
354 2966 526 3040 progrederis
544 2967 601 3022 sino
619 2964 683 3031 otto,
700 2964 796 3034 poteri
814 2977 875 3035 qno,
894 2963 1021 3032 sacerdos
1034 2971 1134 3033 sancte,

103 3066 162 3120 sine
179 3065 298 3120 ninistro
316 3067 469 3137 amoenas?
503 3061 550 3120 (lui
562 3065 668 3120 Sintes:
685 3078 737 3118 non
755 3078 806 3135 ego
818 3069 845 3119 ie
860 3061 966 3130 desero,
985 3060 1032 3130 hii,
1050 3079 1134 3137 neque

102 3161 267 3236 derelinquo,
285 3164 332 3221 sed
346 3167 448 3237 majora
458 3164 507 3221 tibi
520 3162 648 3220 deheninr
662 3176 711 3234 pro
727 3161 777 3218 dds
794 3159 891 3217 Christi
905 3163 1055 3230 aenianica,
1073 3173 1134 3234 poet
1173 3221 1180 3234 ,

101 3261 213 3318 triduana
228 3268 397 3334 assequeris
409 3263 572 3319 sacerdotem
589 3263 680 3330 ierita,
699 3263 802 3318 interior
819 3277 884 3334 ergo
895 3259 1034 3318 thesauros
1048 3264 1133 3321 eoois·

101 3362 160 3416 siae
171 3363 263 3433 accipe
276 3369 312 3428 et,
330 3362 425 3434 quihus
440 3361 489 3418 dii
507 3361 618 3428 ridetur,
637 3360 734 3417 divide.
769 3361 841 3425 Quot
855 3375 911 3416 cusu
923 3359 967 3416 iiie
980 3359 1132 3420 christianis

100 3459 262 3531 pauperihus
279 3459 472 3530 distribuisset,
497 3461 653 3520 Valerianus
671 3458 821 3531 praefectos
838 3459 972 3526 decrerit,
996 3466 1025 3516 nt
1040 3455 1131 3518 sistus

100 3557 275 3630 adtemptata
290 3559 385 3616 Mariis
403 3561 599 3618 sacrificaturus
622 3561 776 3627 duceretur,
810 3557 905 3630 quodsi
921 3565 1055 3627 renuam,
1078 3560 1130 3615 ihi-

100 3657 158 3714 d'ent
181 3659 269 3728 eapite
293 3664 467 3717 truncaretur.
510 3661 567 3725 Quo
591 3675 647 3716 oon
674 3659 828 3722 doceretur,
854 3657 947 3713 heatus
971 3657 1130 3715 bonotius

100 3762 160 3827 posi
172 3757 350 3814 eunociauuare
361 3761 488 3831 coecitas
500 3759 605 3816 dicero:
619 3760 673 3815 noti
687 3775 728 3814 rue
737 3757 927 3830 deretinquere,
939 3762 1017 3828 pater
1028 3764 1129 3824 sancte,

100 3857 164 3928 qnia
176 3853 317 3916 thesauros
327 3865 390 3914 tuos
400 3861 455 3930 iant
471 3858 594 3930 expendi,
613 3873 680 3931 quos
690 3855 824 3912 tradidisti
836 3855 907 3912 nihi.
942 3855 1017 3912 Tune
1033 3855 1129 3914 niiitos

97 3943 235 4011 audientes
242 3954 380 4012 thesauros
393 3957 701 4014 noninarehaoreniion
711 3962 861 4022 ‘tennerunt
879 3956 980 4012 sintina
993 3971 1056 4012 rero
1071 3971 1127 4012 curn

96 4051 292 4122 Felicissinoet
306 4055 422 4130 Aganiic
436 4055 532 4113 ibideur
548 4055 752 4114 deociiaterunt.
762 4083 863 4098 ---
878 4060 910 4114 Ι.
925 4051 953 4109 in
967 4053 1073 4111 irae-dio
1086 4062 1128 4112 esi

97 4150 191 4208 iesturn
213 4153 455 4228 transfigurationis
481 4153 579 4212 donini
603 4164 630 4214 et
650 4157 788 4230 sanguinis
805 4153 904 4210 Christi
921 4154 955 4212 do
972 4163 1040 4211 noro
1057 4157 1127 4222 aino,

148 4303 168 4356 i)
182 4303 221 4346 eti
235 4307 268 4346 dr.
287 4304 357 4346 rerba
376 4304 492 4349 asinum
503 4326 529 4337 -
541 4304 644 4361 perdis.
662 4303 753 4350 croatia
829 4306 853 4356 2)
866 4301 1010 4350 nocentiores
1028 4301 1127 4347 addonis

95 4381 180 4424 papa.
239 4369 869 4425 *diderbndivinat-tisiiaonittiitdi'r.
945 4369 1125 4424 diffidasti·

95 4435 130 4481 dit
143 4435 335 4484 detineretur
351 4444 375 4484 ei
387 4439 459 4485 rerba
471 4443 550 4484 unm.
562 4461 588 4474 ·-
600 4437 758 4486 duceretur
769 4437 862 4485 mittit.

762 4569 763 4575 ,
852 4520 919 4580 ai*
