2828 5302
252 441 311 508 tlt
437 441 511 521 Cap.
534 439 635 499 XXlV.
685 439 729 498 De
752 447 850 500 sancta
873 438 981 513 Agurete
1004 435 1121 513 virgine.

248 603 312 661 rode
332 618 347 658 a
367 618 406 658 rac
425 601 506 658 lomes
525 602 641 672 peceati,
667 599 849 652 nutrimentum
868 597 1008 663 iocinoris,
1042 593 1164 668 pabulum
1185 595 1286 652 mcertis.

249 706 381 777 quiajam
400 703 434 756 ab
458 702 512 756 alio
537 707 655 756 amatore
678 701 824 769 praetenta
846 712 919 764 som,
953 699 1092 768 coepitque
1110 696 1194 766 ipsum
1213 709 1287 750 sorum

248 812 390 862 amatorem
416 809 442 858 et
469 815 631 873 spronsuma
658 799 772 870 qurinque
795 796 993 864 commendare,
1032 811 1100 869 quoae
1125 810 1241 866 sponsae
1260 797 1287 848 in

249 907 354 978 sponsis
373 902 515 974 praecipue
533 902 685 973 requirunt,
709 898 842 953 sciliceta
860 897 997 954 nobilitate
1013 898 1138 970 genueris,
1157 911 1174 950 a
1192 895 1289 952 desere

248 1002 465 1077 pulchritudinis,
491 999 674 1055 adivitiarnm
693 996 871 1063 abundantia,
902 1013 919 1052 a
940 996 1092 1053 fortitudine
1110 1003 1138 1052 et
1153 998 1290 1068 potentiae

248 1105 367 1164 clhcaeia
386 1108 412 1159 et
430 1101 464 1157 ab
482 1104 579 1157 amoris
597 1099 762 1163 excellentia,
783 1099 821 1153 sie
841 1098 946 1154 dicens:
965 1098 1037 1153 illum
1056 1113 1125 1166 amo,
1145 1099 1188 1170 qni
1206 1098 1289 1172 leogc

249 1213 275 1263 tc
293 1204 407 1263 nobilior
424 1207 465 1260 est
482 1207 509 1257 ot
527 1217 625 1274 genere
643 1200 764 1274 dignior,
791 1199 866 1270 eujus
884 1205 967 1253 tnttler
984 1199 1060 1271 virgo
1078 1205 1129 1266 est,
1145 1200 1220 1271 erolus
1238 1215 1288 1272 po*

247 1313 290 1363 ter
308 1305 427 1360 leoninam
446 1303 539 1370 nescit,
560 1303 601 1356 eni
621 1299 709 1373 angeli
727 1301 857 1364 seruiunt,
876 1300 950 1369 sepius
968 1297 1184 1369 pulchritudinem
1202 1298 1244 1355 sol
1261 1305 1290 1355 et

248 1407 312 1462 luna
331 1407 472 1470 mirantur,
490 1403 565 1473 eujus
583 1417 648 1472 opes
667 1414 798 1472 nunquam
817 1399 954 1468 deheiunt,
979 1402 1053 1470 errius
1071 1417 1200 1473 rrorrqnam
1219 1400 1289 1455 diri-

248 1510 303 1562 tiae
321 1506 484 1570 decrescunt,
503 1503 578 1572 cujus
597 1499 680 1556 odore
697 1501 857 1558 reviviscunt
876 1501 979 1568 mortrui,
997 1503 1072 1571 eoJus
1090 1506 1161 1556 tacto
1180 1502 1287 1556 consor*

248 1613 338 1662 tarrtnr
354 1601 457 1666 inlirmi,
474 1603 550 1674 trojus
568 1616 641 1656 arnor
659 1600 768 1656 castitas
786 1604 842 1666 est,
860 1604 946 1654 taetus
963 1602 1105 1666 sauctitas,
1123 1602 1186 1656 unio
1204 1603 1288 1674 virgi-

249 1710 327 1763 nitas.
380 1703 451 1758 llaec
474 1707 559 1757 autern
585 1703 699 1773 quinque
724 1702 798 1773 ponit
823 1702 850 1754 in
874 1701 985 1771 sporadum
1005 1702 1163 1757 arectorltate
1181 1701 1287 1758 diceus:

248 1809 323 1880 cnjus
340 1803 506 1877 generositas
525 1801 636 1868 celsior,
664 1799 828 1872 possibilitas
848 1799 956 1867 ioutior,
984 1799 1124 1872 adspectus
1142 1800 1288 1874 pulchrior,

250 1923 323 1962 amor
341 1905 449 1960 suavior
468 1907 495 1957 et
514 1903 583 1956 emori
600 1903 689 1976 gratia
707 1901 876 1974 elegantiori
901 1899 1000 1956 lluhnle
1015 1902 1090 1972 ponit
1107 1905 1221 1975 quinque
1239 1902 1288 1959 be·

251 2005 360 2072 arsicia,
384 2017 451 2074 querc
470 2001 522 2056 sihi
540 2017 653 2072 sponsus
671 2005 780 2058 eontulit
798 2009 824 2058 et
843 2001 903 2056 aliis
922 2002 1027 2072 sponsis
1045 2002 1160 2069 eorrtert,
1185 2003 1289 2060 scilieet

251 2109 313 2178 qrria
336 2119 382 2160 eas
405 2101 466 2157 lidel
490 2100 586 2156 annrrlo
612 2101 749 2169 subarrat,
780 2101 916 2173 multiplici
941 2103 1064 2155 uirtutum
1088 2097 1217 2158 varietate
1240 2120 1288 2160 eas

251 2206 329 2262 uestit
346 2209 373 2259 et
390 2210 476 2269 ornat,
494 2203 628 2272 passionis
645 2217 709 2258 soree
728 2202 856 2276 sauguine
875 2215 921 2256 eas
938 2202 1073 2273 assignat,
1094 2202 1196 2258 uinculo
1214 2219 1287 2258 aoro-

250 2307 286 2363 ris
304 2318 351 2359 eas
369 2301 420 2356 sibi
438 2301 545 2372 copulat
562 2306 589 2357 et
606 2301 738 2357 thesarnis
756 2301 880 2357 coelestis
898 2300 1002 2372 gloriae
1022 2315 1069 2357 eas
1088 2301 1170 2360 ditat.
1191 2307 1230 2360 sie
1246 2305 1288 2360 di-

249 2419 326 2460 eens:
361 2404 405 2474 qni
422 2401 518 2456 anorulo
537 2416 585 2457 suo
609 2401 761 2458 subarravit
781 2401 899 2458 dextram
925 2416 1007 2457 meam
1035 2408 1062 2457 et
1084 2402 1179 2458 collum
1204 2421 1286 2461 meum

249 2505 330 2560 uirrxit
345 2501 478 2573 lapidibus
496 2504 636 2573 pretiosis,
661 2502 743 2557 induit
761 2517 800 2557 me
818 2501 919 2557 ciclade
937 2517 1002 2557 auro
1019 2507 1095 2557 texta
1111 2509 1139 2558 et
1154 2507 1288 2562 immensis

250 2602 388 2658 monilibus
413 2604 517 2656 ornarit
536 2618 590 2670 me,
627 2605 716 2674 posuit
734 2604 837 2674 signnm
854 2603 880 2656 ia
900 2600 992 2657 laciern
1011 2618 1110 2669 meam,
1146 2611 1173 2659 nt
1191 2606 1286 2661 nullum

249 2708 435 2776 praeteream
461 2708 603 2759 amatorem
630 2717 771 2771 assumam,
808 2707 835 2758 et
857 2703 967 2774 sanguis
993 2702 1050 2774 elus
1073 2707 1179 2760 ornauit
1202 2723 1287 2780 genas

249 2819 335 2870 oreas3
367 2804 422 2875 jam
441 2801 605 2872 amplexibus
623 2805 681 2876 eJos
698 2804 780 2857 rastis
799 2801 926 2858 adstricta
943 2819 1017 2868 sorus
1039 2804 1094 2874 jana
1113 2820 1209 2877 eorpus
1229 2808 1287 2879 ejus

247 2905 354 2976 corpori
373 2917 430 2958 meo
447 2905 575 2960 sociatum
593 2909 650 2969 est;
686 2901 803 2958 ostendit
819 2900 881 2957 milri
898 2901 1037 2958 thesauros
1057 2905 1286 2975 incomparabiles,

249 3018 315 3076 quos
334 3001 397 3056 mihi
413 3018 443 3057 se
463 3002 634 3068 aasumensi
654 3005 679 3058 in
698 3019 730 3058 oo
753 3017 969 3074 perseveravero,
988 3006 1146 3076 repromisit
1171 3005 1287 3062 hrudiens
1315 3075 1319 3083 Ι

249 3103 316 3160 haee
340 3106 448 3157 insanus
468 3105 574 3174 juvenis
599 3104 667 3161 leuto
694 3104 869 3174 prosternitur
891 3109 918 3158 et
942 3103 1011 3174 qrrod
1035 3119 1124 3162 amore
1154 3112 1287 3180 aegrotet,

249 3219 298 3276 per
315 3202 371 3258 elta
387 3204 504 3273 suspiria
521 3218 538 3258 a
554 3203 662 3260 medicis
679 3205 812 3276 operitur,
843 3218 952 3274 cumque
977 3208 1054 3274 pater
1071 3205 1178 3276 juvenis
1196 3205 1287 3263 eadem

250 3304 347 3376 virgini
364 3302 505 3374 replicaret
523 3310 549 3359 et
565 3303 614 3359 illa
630 3305 727 3376 prioris
744 3305 837 3374 sponsi
854 3302 963 3360 foedera
979 3321 1009 3360 sc
1028 3305 1128 3362 uiolare
1146 3322 1288 3380 nonposse

250 3409 398 3471 assereret,
423 3406 511 3475 coepit
528 3404 679 3477 praelectus
696 3403 843 3475 inquirere,
869 3407 928 3475 quis
946 3409 1018 3460 esset
1037 3404 1082 3462 ille
1099 3421 1229 3477 spamus,
1254 3408 1287 3464 de

249 3505 324 3576 euius
341 3519 371 3558 se
387 3503 637 3578 Agnospotestats
656 3507 781 3576 Jaetaret.
834 3505 897 3561 (ium
922 3519 988 3578 ergo
1013 3504 1117 3577 quidam
1143 3514 1286 3576 assereret,

250 3604 320 3677 quood
340 3605 469 3661 Christum
489 3619 613 3676 sponsum
635 3622 708 3661 suurn
737 3604 850 3672 diceret,
885 3603 990 3660 blandis
1015 3607 1088 3680 prius
1112 3607 1286 3678 sermonibus,

250 3705 350 3761 demum
368 3703 513 3760 terroribus
530 3720 588 3760 enm
606 3705 704 3777 pulsat.
740 3706 788 3761 Cui
805 3706 911 3779 Agnes:
935 3704 1061 3777 quidquid
1079 3709 1135 3772 ris,
1155 3723 1207 3780 age
1226 3711 1288 3780 qnia

250 3806 321 3880 quod
338 3807 454 3878 quaeris,
472 3821 524 3859 noo
542 3809 641 3876 poteris
661 3806 788 3861 obtinere.
824 3804 909 3876 Ipsum
926 3801 995 3862 euim
1015 3812 1155 3863 terrentem
1173 3814 1200 3863 et
1211 3805 1288 3863 blarr-

249 3905 362 3963 clientem
380 3906 500 3967 similitor
516 3904 661 3962 deridebat
714 3907 760 3962 Ceri
779 3906 940 3978 praelectus:
974 3923 1051 3962 onom
1069 3907 1117 3962 tibi
1135 3907 1168 3963 de
1186 3906 1289 3964 dnobus

250 4008 337 4080 elige,
371 4012 417 4062 aot
434 4020 490 4060 cunr
508 4006 653 4079 virginibus
670 4004 742 4063 Deae
759 4005 856 4062 h'estae
874 4007 1010 4075 sacrifiea,
1043 4010 1067 4063 si
1082 4004 1131 4061 tibi
1150 4009 1290 4081 virginitas

250 4108 352 4180 placet,
389 4113 434 4161 aot
451 4121 506 4161 cum
525 4107 704 4163 meretricibus
722 4105 891 4164 scortoberis.
932 4106 1000 4172 Quia
1019 4109 1086 4164 enim
1105 4107 1202 4163 nobilis
1221 4117 1288 4177 erat,

250 4211 300 4264 eim
320 4207 372 4263 sibi
390 4208 489 4264 inierre
505 4222 556 4260 oon
574 4213 680 4278 poterat
702 4213 729 4263 et
746 4207 807 4264 ideo
832 4206 934 4262 titulum
951 4207 1001 4262 sihi
1021 4208 1221 4264 christianitatis
1240 4224 1289 4279 op-

249 4311 345 4380 posuit.
396 4306 525 4364 cotillas
551 4323 599 4362 nec
618 4304 772 4363 sacrificabo
788 4307 845 4364 our
864 4309 933 4375 tuis,
960 4324 1008 4364 noc
1035 4306 1158 4364 sordibus
1183 4306 1290 4380 pollorar

249 4408 352 4476 alienis,
372 4423 467 4464 meeum
486 4408 553 4463 eninr
571 4407 658 4465 habeo
676 4405 809 4464 custodem
827 4412 947 4481 eorporis
966 4411 1025 4478 enei,
1044 4407 1165 4482 arrgeinnr
1180 4407 1287 4464 domiai.
