2842 5286
293 103 371 184 Cep.
391 101 482 166 ivri.
522 105 567 166 De
594 113 692 165 renero
713 105 874 166 Ambrosio.
1041 107 1101 173 253

54 263 207 321 tntroetu
227 264 403 336 retorqueri.
424 263 488 322 -Gni
504 263 675 322 intruetur:
693 262 862 333 obtutare,
884 263 1014 337 ripoboie,
1040 275 1103 342 quie

56 381 115 422 ποι
131 372 162 422 te
185 367 292 437 torquet
313 362 488 431 Antrotiut,
518 365 567 420 eet
593 371 640 420 tro
663 363 781 432 invidie,
810 367 874 437 poto
894 364 958 424 illue
982 369 1101 430 honines

57 462 231 520 adscendere
247 464 400 534 οοιίεῃίίίε,1
423 461 493 519 unte
509 469 539 519 tu
556 466 669 534 turpiter
687 465 825 532 oorruioti‚
862 481 921 524 nenr
944 467 1101 528 Autronius

58 561 270 620 renotentur.
310 563 347 617 Δί
371 561 417 620 tile
443 563 533 618 ttetin
561 561 758 620 obmotuit-
779 595 814 608 -
846 569 882 624 4.
909 563 1025 631 ssuttere
1043 573 1103 628 riee

60 677 122 719 ern
138 663 234 719 tator
252 661 408 718 Antroeioe
426 675 475 732 per
489 663 622 718 rtrtteton
640 669 780 736 pergeret,
798 664 903 735 quirion
921 681 986 724 otro
1008 668 1100 740 lrprro

62 768 107 820 ett
119 743 151 818 et
168 765 197 818 in
213 768 286 818 terro
301 767 437 833 potiretur
457 759 585 832 jocetur,
611 761 683 834 qood
699 762 790 819 vidone
809 763 986 822 oltorridere
1004 772 1100 840 eoepit.

61 861 114 918 Cet
124 863 296 920 intruetur:
313 867 340 916 et
353 867 391 928 tu,
406 861 451 932 qni
464 868 531 928 otae,
549 858 610 916 rite
625 876 660 916 ue
675 863 770 928 eedue3
786 878 837 934 qno
854 863 925 920 tinto
938 869 1027 922 etutiou
1042 869 1100 942 tep-

61 979 122 1018 ooor
141 961 227 1030 rtoiuit
242 976 333 1026 oron,
351 960 397 1032 qui
412 960 510 1017 riterttt
525 958 646 1016 ellenon.
682 960 798 1024 Quodam
818 964 896 1018 otium
918 966 975 1023 viee
989 969 1101 1023 Ambro-

61 1065 122 1119 sior
141 1061 175 1118 ut
194 1061 319 1131 putatione
343 1057 510 1126 tiuoedonit,
533 1060 654 1134 nepietri
672 1059 833 1129 umerorum,
860 1069 888 1116 ot
913 1079 962 1135 pru
987 1067 1100 1139 quoten

62 1161 258 1227 interoerieret‚
281 1161 366 1225 teuit,
390 1157 440 1216 ted
463 1173 520 1212 euru
539 1157 611 1215 toret
635 1159 740 1215 eiureet
758 1161 903 1218 inrroirret
920 1179 969 1220 neo
986 1167 1100 1224 toturn

61 1265 168 1334 eopinrr
186 1259 286 1315 iubere
305 1259 454 1328 potuisset,
484 1259 538 1314 ait:
566 1263 595 1314 et
617 1264 646 1313 tu
671 1259 775 1331 quiden
793 1260 883 1316 reuiee
908 1262 943 1318 eei
962 1265 1101 1322 uenteeienr

63 1373 93 1421 et
112 1379 175 1428 ,roe
197 1360 294 1416 einurtr
316 1358 407 1428 junuir
431 1357 553 1430 ingredi,
591 1356 641 1415 toti
669 1360 770 1430 apertio
791 1360 883 1430 jonuio
911 1377 964 1419 nou
987 1363 1100 1422 ruiebir.

62 1463 166 1536 Eiepoo
185 1459 274 1531 aliquo
292 1464 410 1528 tenpore
427 1462 545 1514 uetuere
563 1457 683 1518 ininioot
705 1455 880 1515 Mtoetoniuo
902 1460 936 1516 oei
961 1463 1101 1522 etuleriurn

63 1564 136 1636 tegit
155 1567 183 1618 et
198 1555 348 1630 potentibus
361 1556 453 1628 Juno'io
471 1555 570 1611 etitunr
588 1559 706 1629 reperire
728 1573 781 1614 nou
803 1561 896 1628 potuit
939 1559 1000 1616 Fuit
1023 1567 1100 1620 etiero

63 1669 157 1718 uotae
174 1660 366 1724 abstinentiae,
387 1656 458 1730 quod
477 1655 595 1728 quotidie
613 1657 666 1712 uiri
681 1657 709 1712 tr
726 1655 838 1715 eehbeto
865 1666 893 1716 et
909 1658 953 1716 die
971 1661 1101 1720 dorriuito

65 1775 93 1828 et
112 1766 190 1823 tertio
206 1761 356 1838 praeripuit
370 1757 520 1832 jeiunubut
556 1755 660 1812 Teutre
678 1757 756 1810 etium
774 1756 908 1830 targitatis
933 1768 1005 1828 eret,
1030 1762 1101 1836 quoi

65 1869 170 1933 onorio,
196 1875 265 1934 quoe
287 1857 388 1916 iubere
407 1862 523 1929 potent,
548 1854 672 1916 eoelestis
699 1861 727 1912 et
742 1858 903 1929 properiter
926 1859 965 1915 nii
981 1861 1032 1916 ribi
1056 1879 1100 1920 re-

65 1973 155 2026 tinent
175 1957 318 2019 tribuebat.
359 1957 463 2014 Tertor
489 1956 703 2034 conpassionis,
726 1961 767 2022 ot,
796 1971 852 2013 oure
877 1959 975 2033 uliquis
998 1961 1100 2032 lepsurn

66 2083 142 2127 euno
160 2063 214 2122 eibi
240 2055 430 2125 confitebatur,
448 2058 488 2112 tto
505 2056 668 2110 amarissime
686 2053 783 2123 flebat,
803 2055 874 2128 quoti
891 2059 963 2115 iiinur
980 2062 1103 2118 similiter

67 2171 132 2226 tere
152 2156 334 2234 oonpeiiebet
370 2155 474 2214 Tantae
491 2154 646 2211 humilitatis
665 2168 697 2209 oe
711 2152 829 2226 loboris,
853 2164 882 2212 ut
901 2157 1002 2230 iibroe,
1034 2177 1101 2234 quus

66 2261 202 2330 dictabat,
232 2260 341 2330 propriu
365 2273 441 2315 noenu
465 2253 614 2323 enitebat,
649 2255 702 2310 uiti
723 2269 781 2310 oure
805 2254 954 2315 toirnitote
981 2262 1100 2332 eorporis

66 2367 233 2436 μετείην.
268 2359 373 2416 Tantae
389 2366 476 2415 eutero
492 2355 601 2429 pietetit
619 2361 646 2411 et
664 2353 828 2436 riuloedinit‚
849 2363 893 2426 ut,
912 2373 970 2414 euru
987 2358 1101 2432 niieujut

66 2464 152 2518 oroett
169 2458 319 2516 reeordotie
336 2459 379 2515 rei
397 2458 516 2530 episcopt
534 2456 588 2512 ribi
605 2454 694 2538 obitur
717 2458 896 2523 nuntiaretur,
922 2459 963 2512 uio
989 2461 1102 2514 rorario-

66 2562 132 2616 eine
150 2559 249 2627 retur,
272 2564 302 2614 ut
324 2560 367 2614 rix
391 2558 525 2614 eoneoiari
546 2555 655 2612 ualeret
700 2552 762 2610 eun
780 2561 866 2611 ontenr
883 2557 1101 2632 interrogaretur,

67 2675 114 2716 our
132 2659 204 2714 riroe
221 2663 344 2724 renuet,
363 2659 410 2729 qui
426 2657 460 2713 eri
481 2657 594 2730 gloriere
611 2652 859 2731 proficiscebantur,
879 2655 1024 2726 ueneror,
1043 2659 1100 2729 eie-

68 2757 128 2814 tut:
149 2757 452 2830 reponerentur,
473 2754 543 2828 quod
561 2755 737 2820 moererint,
760 2753 809 2810 ted
833 2755 897 2826 quia
917 2771 959 2812 rre
975 2771 1101 2827 praecoe-

67 2863 158 2914 rerunt
177 2864 204 2913 et
226 2858 289 2928 oute
313 2855 422 2914 disicite
441 2857 588 2923 invenitur,
617 2855 662 2927 qui
678 2860 730 2908 tun
749 2852 847 2926 tignus
870 2854 930 2926 ejot
952 2855 1034 2912 oiioii
1051 2855 1100 2912 iro·

68 2955 169 3012 iretur.
204 2955 308 3012 Tertre
325 2958 402 3012 etieru
422 2955 587 3011 oouetentiee
603 2960 631 3009 et
648 2951 826 3020 tortitudinis,
846 2953 916 3026 quoti
934 2955 1101 3027 inperatorio

68 3055 106 3112 rei
123 3057 271 3126 prtooipunr
286 3056 351 3108 nitio
367 3069 420 3109 non
438 3051 580 3126 palpabat,
608 3049 656 3108 oet
682 3067 729 3109 eoo
747 3067 811 3109 vooo
837 3051 924 3110 iibere
941 3057 1100 3110 constantie-

69 3158 132 3212 eine
149 3154 288 3228 urguebat
324 3154 387 3211 Cure
404 3152 512 3226 quitari
531 3154 572 3209 etr
589 3150 719 3223 qnodriuur
737 3151 864 3225 flagitium
882 3158 1063 3224 perpetrasset
1075 3161 1102 3210 et

37 3267 41 3274 ’
69 3269 155 3312 tertre
180 3269 212 3308 eo
235 3253 363 3310 ottuotus
391 3253 502 3318 tuhoet,
530 3251 597 3307 dixit
620 3250 794 3308 Ambrosius:
818 3256 925 3322 oportet
943 3251 1015 3306 iiturn
1031 3253 1099 3307 troii

68 3354 200 3413 Settenee
220 3357 246 3410 in
263 3355 393 3409 iuteritun
412 3354 516 3418 terrie,
541 3367 574 3407 ne
591 3331 657 3408 tulit
673 3349 799 3421 teinoepu
823 3349 920 3408 uutout
937 3357 1099 3422 perpetrare.

68 3455 147 3518 Quen
168 3452 262 3508 eotern
279 3461 419 3518 rnorreoto,
437 3467 494 3506 euru
517 3449 605 3506 adhue
621 3465 707 3505 oornru
726 3454 806 3516 estet,
823 3463 895 3505 more
913 3449 971 3520 ejot
991 3450 1098 3506 inurun-

67 3553 115 3608 tre
124 3554 235 3625 epiritrt
246 3551 398 3620 titterpere
406 3550 495 3621 eoepit
509 3551 542 3620 ¹).
556 3577 630 3592 --
647 3547 883 3614 tt.Quedoruriee,
903 3555 931 3603 ut
939 3549 1023 3619 ajunt,
1041 3563 1100 3604 onor

67 3650 160 3708 booten
183 3649 339 3706 Antrooiue
360 3647 466 3704 ίίοίιιω
492 3655 617 3722 pergeret
648 3654 675 3704 et
698 3648 725 3700 iu
752 3645 863 3718 quatern
894 3647 959 3704 viiio
985 3645 1100 3704 Tusciae

66 3747 134 3820 apud
152 3749 281 3821 quendem
300 3747 428 3803 honinem
445 3748 550 3804 niruiurr
567 3746 724 3818 locupletem
739 3743 888 3816 inspiratus
907 3745 1009 3812 inisset,
1028 3746 1099 3800 ilion
1182 3810 1184 3814 Α

66 3847 195 3904 leoninerr
213 3863 295 3919 orpor
320 3853 390 3902 etttu
416 3860 465 3901 tuo
490 3846 605 3902 eoiiieite
631 3845 779 3918 requietrit
815 3839 863 3898 Coi
886 3843 931 3900 iiie
948 3843 1099 3916 reopondit:

114 4053 137 4102 ti
150 4050 236 4096 verber
251 4047 447 4104 conoquium
460 4047 507 4094 rir
520 4069 543 4082 -
558 4045 659 4102 eoepit
677 4042 817 4094 omittittd.
829 4048 863 4092 rr.
