2984 5316
292 455 355 516 4Ίο
512 459 584 539 Cep.
611 461 709 521 CXiii.
759 463 804 520 De
824 467 922 520 sancte
946 461 1109 520 Demirrico.

294 628 407 686 parcam·
444 616 555 680 Quidem
581 619 665 677 irater
689 624 786 688 minor,
814 624 859 692 qui
884 619 965 677 uiuite
990 628 1108 691 tenpore
1136 620 1225 674 secius
1249 619 1337 673 eenott

294 712 428 769 Francisci
453 721 599 784 exstiterat,
630 720 750 791 pleribus
778 719 910 775 iratribus·
934 719 968 775 de
997 719 1092 774 ordine
1123 716 1337 790 praedicatorum

294 814 425 869 ucrraxit:
460 829 516 870 conr
537 816 631 874 beatus
649 815 800 874 Dominicus
817 818 916 876 iinmee
940 834 988 889 pro
1012 801 1209 873 confirmatione
1227 817 1269 871 snt
1290 807 1356 870 er?

295 913 364 966 dinis
383 914 454 984 epod
473 931 568 988 pepern
587 918 714 986 instaret,
737 926 812 975 nocte
835 935 914 974 orans
940 917 1005 973 sidit
1032 919 1059 972 iri
1083 919 1177 987 spiritu
1203 915 1337 971 Christum

295 1014 322 1066 in
345 1019 407 1067 sire
433 1017 601 1071 exsistentem
625 1024 652 1072 et
673 1023 728 1074 tres
751 1019 858 1074 iunceus
884 1018 909 1072 ie
935 1031 1011 1072 ιιιιιιιι
1036 1021 1168 1072 terentem
1192 1021 1219 1071 et
1244 1019 1337 1069 contre

296 1111 416 1168 mauduni
441 1127 488 1169 eus
511 1117 667 1174 vibrantem.
705 1117 752 1172 cui
777 1117 905 1174 reieciter
928 1122 1012 1170 meter
1033 1127 1187 1181 occurrens,
1213 1111 1338 1184 quidnam

295 1211 378 1268 veiict
397 1211 502 1282 tacere,
529 1217 675 1287 inquisivit.
709 1215 744 1272 iit
762 1217 824 1271 iiie:
850 1231 913 1273 ecce
937 1221 1009 1270 totus
1027 1213 1136 1267 mundus
1159 1211 1247 1267 trihus
1266 1212 1339 1266 uitiis

296 1308 390 1381 piceus
409 1320 465 1378 est,
485 1314 587 1369 seiiinet
604 1315 745 1386 superbie,
769 1316 996 1386 coucupiscentia,
1020 1315 1148 1379 enuntia,
1173 1318 1199 1368 et
1217 1311 1278 1366 idee
1297 1310 1339 1365 itis

296 1409 381 1465 tribus
406 1411 505 1467 iunceis
532 1415 615 1486 tpsuur
643 1414 703 1470 noio
728 1416 866 1486 perimere.
901 1411 978 1471 Tunc
1003 1415 1082 1486 uirgo
1107 1410 1141 1466 ad
1169 1412 1227 1483 eius
1252 1422 1340 1482 genua

296 1510 436 1580 procidens
455 1514 507 1569 ait:
529 1513 565 1567 itt
582 1516 735 1581 carissime,
759 1517 885 1568 miserere
907 1519 934 1568 et
953 1520 1023 1569 tuam
1038 1503 1170 1586 justitium
1187 1509 1340 1564 misericor-

297 1609 343 1665 die
363 1618 490 1684 tempera.
527 1614 575 1670 Cui
598 1612 734 1668 Christus:
766 1629 852 1668 nonne
878 1612 968 1681 rides,
1002 1617 1116 1685 quanm
1140 1609 1203 1666 miii
1226 1607 1341 1681 injuriae

297 1713 473 1784 irrogentur?
507 1713 556 1768 Cei
573 1711 633 1766 iiie:
651 1719 783 1784 tempere,
803 1713 850 1778 iiii,
870 1712 984 1767 incerere
1004 1717 1032 1767 et
1051 1711 1188 1782 peciisper
1207 1713 1341 1779 suspects,

298 1810 384 1864 teneo
404 1812 471 1865 enirn
489 1810 591 1867 fidetem
609 1825 712 1866 serrnrn
732 1822 759 1868 et
777 1813 892 1885 pugilem
912 1818 1061 1876 strennuus,
1090 1813 1135 1882 qui
1160 1809 1260 1880 ubique
1286 1805 1342 1860 die·

297 1921 406 1964 currens
438 1903 557 1966 mnndum
589 1912 753 1984 expugnabit
781 1921 808 1967 et
839 1919 884 1967 tuo
910 1911 1025 1966 dominio
1051 1907 1215 1982 subjugabit.
1255 1905 1344 1962 Atium

299 2024 404 2080 quoque
424 2023 527 2065 serrum
547 2010 598 2064 sibi
619 2013 643 2064 in
662 2011 820 2082 adjutorium
838 2012 925 2080 daie,
949 2012 993 2084 qui
1012 2023 1100 2066 secum
1119 2007 1233 2063 ideiiter
1251 2005 1344 2062 decer-

298 2108 375 2164 tttbit.
411 2111 459 2164 Cui
485 2108 568 2164 iiiios:
593 2125 657 2165 ecee
670 2110 800 2181 'piaretur
824 2110 916 2166 tentem
935 2117 1006 2165 tuem
1028 2109 1156 2179 suscepi,
1181 2105 1228 2162 sed
1250 2104 1345 2160 retient

300 2221 352 2281 ego
374 2208 481 2274 ridere,
514 2225 580 2280 ques
601 2213 639 2264 cin
664 2209 698 2263 ed
723 2216 823 2265 tnrrturn
845 2210 974 2282 judicium
1006 2207 1149 2263 destinare.
1192 2205 1272 2260 Tunc
1298 2203 1345 2259 iiie

300 2307 406 2363 Christo
423 2315 540 2364 sanctum
560 2309 721 2364 iiourinicunr
741 2313 929 2380 praesentavit.
966 2307 1014 2362 Cui
1032 2305 1168 2361 Christus:
1186 2305 1346 2361 vereiouus

300 2415 328 2464 et
357 2414 479 2465 strennus
511 2409 585 2480 pogii
618 2411 669 2464 iste
693 2417 720 2464 et
742 2409 861 2465 studiose
886 2408 981 2476 iactet,
1015 2421 1084 2481 quae
1106 2405 1206 2460 dixisti.
1243 2403 1348 2460 obtuitu

301 2509 380 2564 etiam
399 2513 517 2562 sanctum
537 2507 703 2561 franciscum
725 2513 751 2562 et
769 2507 836 2562 inuno
856 2508 978 2564 Christus
997 2511 1065 2564 sicut
1083 2512 1110 2562 et
1122 2505 1349 2574 primumpariter

302 2605 500 2660 commendavit.
537 2605 648 2660 sanciris
673 2613 759 2660 notem
782 2605 935 2662 Dominicus
963 2608 1062 2662 socium
1085 2621 1159 2660 suum
1186 2605 1213 2658 in
1244 2604 1348 2658 risione

302 2705 446 2778 diiigenter
473 2705 661 2772 considerans,
690 2722 764 2778 quern
800 2713 862 2761 ante
885 2723 938 2761 non
965 2711 1090 2771 noverat,
1124 2705 1152 2758 iu
1178 2705 1297 2757 crustino
1321 2705 1347 2756 in

304 2804 418 2860 ecciesia
436 2808 567 2860 inventurn
588 2819 620 2858 ex
637 2805 696 2872 iris,
715 2821 783 2878 ques
801 2813 879 2862 nocte
897 2805 1015 2872 uiderat,
1034 2807 1091 2860 siue
1110 2802 1196 2858 indice
1215 2817 1348 2874 recogno·

305 2908 342 2960 rit
360 2912 386 2961 et
403 2908 430 2960 iu
446 2905 505 2975 ejus
522 2905 659 2976 ampiexus
680 2910 707 2960 et
723 2906 815 2962 osenia
834 2909 881 2978 pie
896 2921 975 2962 ruens
993 2907 1043 2960 ait:
1062 2912 1088 2959 tu
1108 2918 1137 2960 ns
1155 2903 1248 2957 socios
1265 2918 1349 2970 meus,

287 3014 333 3061 tu
353 3007 454 3078 pariter
471 3019 563 3061 curres
581 3021 696 3072 mecum,
711 3013 809 3061 stemus
828 3005 904 3061 simui
924 3012 951 3061 et
972 3003 1060 3060 nuiius
1078 3002 1250 3058 adversarius
1269 3017 1349 3073 prae·

305 3105 414 3162 vaiebit.
448 3104 583 3160 Visioncm
605 3121 710 3178 quoqne
735 3105 896 3175 praedictam
923 3104 976 3166 sibi
1004 3103 1193 3174 perordinem
1216 3105 1352 3157 enarravit

307 3213 334 3264 et
353 3213 449 3263 extunc
468 3204 563 3261 iectunn
583 3206 674 3259 estiis
693 3218 740 3258 our
757 3201 833 3258 unum
852 3211 879 3260 et
896 3206 982 3259 anima
999 3219 1051 3258 ιιιιι
1070 3205 1095 3258 in
1122 3202 1237 3257 demine.
1274 3199 1351 3264 Quod

308 3309 388 3364 et‘in
417 3305 535 3376 posteris
566 3303 757 3359 mandaverunt
783 3309 913 3376 perpetue
943 3303 1090 3360 obseruari.
1132 3305 1195 3358 Cum
1220 3299 1351 3380 quendam

306 3407 432 3464 novitium
460 3403 573 3478 Apulum
599 3403 633 3470 ed
656 3401 774 3458 ordinem
801 3406 965 3475 recepisset,
1000 3403 1123 3475 quiden,
1149 3401 1193 3473 qui
1220 3399 1351 3470 praedicti

307 3508 400 3563 neritii
426 3505 492 3558 socii
518 3505 639 3570 inerant,
665 3519 722 3558 eum
747 3503 816 3559 eden
843 3509 1042 3575 perverterunt,
1066 3501 1138 3574 quod
1162 3500 1197 3556 ad
1215 3500 1350 3556 saecuium

304 3611 361 3680 jem
380 3605 468 3662 redire
486 3603 638 3659 deliberans
661 3610 748 3659 restes
769 3619 832 3658 suas
851 3602 936 3659 modis
953 3603 1074 3658 omnihus
1089 3599 1239 3672 expetebat
1276 3598 1352 3663 Quod

308 3708 404 3763 beatus
428 3705 578 3760 Dominicut
601 3703 711 3759 audieus
735 3705 859 3759 continue
883 3704 998 3758 cretioni
1020 3717 1051 3757 ee
1073 3699 1155 3758 dedit.
1191 3698 1276 3773 igitur
1294 3713 1353 3754 cum

310 3807 406 3862 dictum
429 3809 551 3878 iuvenem
569 3807 625 3876 jem
648 3804 784 3878 religiosis
810 3802 929 3860 restibus
954 3801 1151 3873 exspoiiessent
1175 3801 1279 3872 etjam
1304 3811 1354 3855 sua

311 3907 421 3962 camisia
444 3905 605 3972 induissent,
632 3903 677 3960 iiie
701 3907 805 3977 magnis
828 3901 936 3958 rectius
959 3903 1074 3958 ciemere
1091 3903 1180 3973 coepit
1198 3914 1231 3954 ee
1248 3897 1353 3955 dicere:

313 4023 345 4063 en
363 4013 473 4074 aestuo,
501 4019 533 4059 en
558 4002 658 4070 ardeo,
681 4019 713 4060 eu
732 4009 803 4058 totos
822 4001 931 4069 exuroi3
957 4001 1105 4068 extrahite,
1129 3999 1260 4058 extrahite
1286 3998 1355 4053 irene

314 4108 448 4161 cenisium
473 4103 654 4169 maledictam,
686 4117 754 4175 quae
779 4119 820 4158 me
845 4108 926 4157 toturn
951 4104 1045 4157 exurit
1081 4100 1160 4158 Notio
1182 4115 1248 4172 erge
1275 4097 1356 4154 unedo

315 4206 452 4278 quiescere
470 4205 571 4274 potuit,
595 4217 733 4273 quousque
751 4209 845 4258 exutus
864 4204 998 4280 nennium
1017 4201 1153 4274 reiigiesie
1171 4197 1290 4256 restibus
1308 4199 1357 4253 de·

316 4320 368 4361 nuo
395 4311 435 4360 est
461 4302 567 4359 indotos
585 4310 611 4358 et
631 4301 665 4356 ed
685 4303 827 4358 cicestrum
845 4300 979 4356 reductus.
1015 4299 1153 4357 Exietente
1169 4299 1249 4356 bento
1267 4299 1358 4354 iiomi-

316 4407 375 4460 nicu
398 4401 533 4458 Bononiae
558 4416 614 4458 cum
640 4402 737 4458 iratres
758 4402 813 4474 jem
837 4400 871 4456 ad
890 4399 1070 4456 dormiendum
1091 4401 1218 4469 ivissent,
1251 4397 1358 4471 quidam
