2866 5310
270 492 340 571 Cep.
362 492 530 553 ccxxxii.
572 495 617 554 De
640 495 822 556 dedicatione
843 495 990 554 ecelesiae.
1082 493 1144 556 855

114 650 299 720 humilitatem,
320 668 389 723 quoe
408 651 456 707 luit
473 654 499 706 tn
518 653 624 725 Mopse,
648 657 804 726 sepientis·
823 661 850 711 et
866 654 1057 723 discretionem,
1077 670 1145 726 quse
1257 669 1258 672 ’

111 750 216 808 luerunt
229 754 253 806 in
267 753 416 820 Solomone,
432 767 510 808 seres
521 752 581 808 idei
596 757 810 822 commissionem,
820 769 889 826 quoe
900 755 925 809 in
937 753 1007 812 luds
1018 753 1144 828 derigue-

110 855 162 906 tur.
196 849 316 907 Secundo
340 851 477 907 ridendum
495 859 536 908 sst
554 852 587 908 de
598 857 796 912 consecratione
808 857 865 910 siue
877 854 1042 930 dedicatione
1053 856 1142 926 tenpii

110 950 273 1022 spiritunits,
297 951 367 1022 quod
385 952 507 1022 tenplum
524 969 613 1010 sunus
631 969 694 1022 nos,
718 953 821 1010 scillcet
838 957 1012 1028 cougregntio
1029 957 1142 1010 cnnlunu

85 1125 86 1128 Ἴ
111 1049 240 1118 fidelium,
260 1051 329 1124 quod
345 1054 506 1107 construitur
522 1069 555 1108 ex
569 1053 707 1126 ‘lapidibus
725 1055 808 1120 slsis,
833 1053 852 1110 l.
873 1053 942 1110 l'etr.
961 1053 997 1110 ll:
1019 1061 1142 1126 tenpueun

111 1149 214 1222 lapides
238 1154 291 1207 riri
314 1149 527 1223 superaedificati
552 1159 618 1220 etc:
646 1169 678 1210 ex
704 1153 838 1226 lapidibus
862 1155 967 1226 politis,
993 1155 1061 1210 node
1078 1170 1142 1212 euu-

109 1256 192 1306 tctur:
211 1252 376 1307 tunsionibus
394 1253 526 1322 pressuris
545 1253 653 1323 expoliti
671 1253 776 1325 lapidee
794 1261 859 1322 etc.;
876 1269 908 1310 cx
927 1253 1060 1326 lapidibus
1076 1270 1143 1327 que-

110 1351 180 1416 dris,
198 1359 310 1424 quatuor
329 1353 395 1410 cnlru
415 1353 501 1408 intere
518 1351 615 1424 lepidis
633 1355 779 1426 spiritualis
791 1353 935 1420 suntidos,
953 1368 1026 1425 sper,
1043 1357 1142 1410 ceritas

110 1457 137 1510 ct
154 1454 285 1522 operatio,
302 1467 370 1524 queo
387 1453 512 1525 eeqssiic
530 1459 599 1520 sont,
620 1456 689 1526 quin,
708 1460 736 1509 ut
756 1453 821 1509 dicit
841 1451 999 1527 Gregorius,
1018 1461 1141 1525 quuutusn

109 1551 211 1619 credis,
236 1559 333 1606 unium
357 1567 468 1624 sperus,
493 1559 616 1625 quantun
642 1553 729 1609 credis
748 1560 775 1610 ct
792 1569 900 1624 sperus,
924 1560 1022 1610 tuntum
1040 1553 1141 1626 diligis,

109 1651 821 1726 quantuncredis,sperusetdiligis,tentumopercrts.
841 1652 1141 1726 inlrocquiderntsurplo
1257 1652 1263 1662 '

108 1751 193 1808 nitere
210 1760 253 1808 est
270 1767 318 1808 cor
333 1759 465 1821 nostruin,
491 1768 572 1824 super
589 1751 659 1824 quod
676 1753 761 1808 altere
783 1755 834 1808 trin
853 1753 951 1808 debent
968 1752 1024 1808 lieo
1042 1751 1141 1808 ciicrri.

109 1851 219 1908 Prienen
238 1857 280 1907 ost
296 1853 367 1924 ignis
385 1850 536 1907 dilectionis
556 1859 715 1924 perpetuae,
733 1852 819 1909 Louit.
832 1851 881 1910 vt:
900 1855 970 1926 ignis
987 1853 1088 1908 scilicet
1099 1850 1141 1905 di-

108 1951 230 2007 lectionis
244 1953 295 2008 erit
308 1958 450 2022 perpetuus
465 1957 492 2006 et
502 1966 630 2023 nunquan
639 1951 726 2008 deicit
737 1954 762 2007 in
774 1952 852 2008 elteri
866 1951 1076 2018 scillcetcordis;
1095 1945 1142 2006 se?

108 2050 218 2106 condens
236 2053 368 2107 incensum
386 2053 515 2106 orationis
537 2050 705 2116 odortierne,
724 2049 745 2110 1.
766 2051 854 2109 Parui.
873 2049 918 2108 Vi:
942 2052 1032 2108 Aaron
1051 2058 1077 2107 et
1094 2050 1141 2106 ilii

108 2153 167 2222 ejus
184 2149 329 2206 adolebunt
353 2153 484 2207 incensurn
509 2167 590 2222 super
614 2151 698 2206 altore
717 2151 949 2208 holocaustomatis
977 2158 1004 2207 et
1026 2150 1139 2222 rip-ia-

109 2253 195 2308 nntis.
225 2249 343 2306 'l'srtiun
363 2257 403 2306 cst
420 2252 575 2306 sucrificium
590 2251 728 2322 justitiae,
754 2251 823 2324 quod
848 2250 1001 2308 sacrificium
1020 2250 1141 2305 consistit

108 2351 134 2404 iu
160 2348 296 2404 obiniioue
320 2352 498 2422 poenitentias
519 2359 546 2407 et
577 2351 602 2404 in
631 2347 786 2406 holocausto
816 2350 964 2407 dilectionis
995 2349 1140 2421 perlectus,

110 2455 136 2506 ct
159 2451 184 2503 in
210 2449 292 2504 uitulo
313 2452 400 2506 curnis
426 2448 612 2516 mortiioetne3
646 2449 679 2507 de
704 2449 745 2505 his
767 2449 877 2507 isnin:
906 2455 967 2505 tunc
988 2448 1140 2521 occeptelrls

108 2551 265 2604 secriicioru
295 2552 417 2622 justitias
450 2548 598 2606 obludcnes
633 2556 659 2605 et
699 2549 871 2618 holocauste,
913 2556 974 2605 tune
1007 2551 1142 2619 inponent

108 2665 189 2719 super
214 2648 299 2706 ultore
331 2657 401 2706 tuurn
439 2651 542 2707 uitulus.
595 2649 733 2722 Templum
764 2658 850 2706 eutero
879 2648 1032 2721 spirituale,
1067 2648 1138 2719 quod

108 2762 199 2803 sursus
218 2764 282 2817 uos,
308 2751 341 2806 sd
359 2751 662 2822 similitudinenuternpll
681 2751 824 2806 usterialis
842 2754 1019 2805 consecretur.
1052 2746 1138 2804 Prlno

108 2849 176 2904 enin
201 2863 314 2904 surnnsus
336 2851 470 2924 pontifex,
501 2852 604 2907 scilicet
626 2849 760 2918 Christus,
779 2851 883 2906 ustinus
912 2847 1001 2904 cordis
1023 2848 1139 2905 cinusuuu

109 2950 245 3006 inveniens
262 2956 302 3006 ter
321 2952 427 3018 circuit,
451 2951 510 3006 durs
529 2957 662 3023 peccutuur
682 2951 754 3018 oris,
774 2949 863 3006 cordis
881 2951 1014 3020 stuporis
1032 2948 1139 3006 edune-

108 3050 214 3104 rnorlcsn
235 3051 292 3122 ojus
310 3049 420 3107 reducit.
455 3050 494 3107 tto
512 3049 563 3107 luoo
578 3051 677 3124 triplici
695 3053 806 3110 circuitu
823 3050 918 3106 dicitur
929 3049 1025 3106 Ysslee
1036 3048 1139 3107 xxiii:

107 3164 179 3206 sune
197 3148 338 3218 citheron,
363 3167 415 3223 quo
438 3151 471 3206 nd
499 3155 624 3224 priunum,
651 3153 731 3208 circui
754 3149 1012 3219 ciultnterucordls,
1034 3150 1139 3207 scilicet

107 3265 158 3322 quo·
183 3248 216 3306 nd
239 3251 396 3320 secundun,
426 3255 550 3310 ueretris
578 3250 705 3309 obliuioni
732 3250 846 3318 unditus,
879 3266 931 3323 quo
960 3249 995 3306 sd
1023 3252 1138 3309 tertium.

107 3349 226 3406 Secundo
246 3353 329 3422 ipson
348 3355 441 3409 ostium
459 3353 547 3408 cordis
562 3353 676 3409 clausurn
690 3359 730 3407 tor
741 3353 861 3422 percutit,
879 3358 908 3407 ut
924 3349 977 3406 silui
994 3351 1139 3421 operietur.

107 3450 222 3507 l'ercutit
247 3454 312 3506 enirn
336 3453 420 3523 ipsun
448 3467 494 3508 ccr
520 3453 574 3514 ictu
595 3450 731 3518 beneficit,
766 3452 869 3506 consilii
899 3457 927 3507 et
956 3449 1065 3523 depelli.
1100 3448 1138 3505 De

107 3565 160 3623 qus
169 3551 264 3622 triplici
280 3554 450 3622 percussione
461 3553 558 3608 dicitur
572 3551 720 3612 Prorerb.l
739 3556 860 3623 qusntuun
873 3549 907 3606 ed
921 3551 1014 3618 nucius,
1033 3549 1138 3606 excudi

106 3670 207 3710 nonum
226 3669 307 3722 nesus
325 3659 375 3710 etr.
409 3651 463 3710 liuc
488 3655 612 3724 quantun
637 3650 670 3706 nd
693 3651 792 3707 collatu
813 3650 955 3720 bessicinp
976 3633 1137 3722 despexistis

106 3770 182 3810 corruo
198 3754 334 3810 sensilium
352 3769 444 3820 nesus,
462 3752 512 3808 lucc
530 3757 653 3823 nuenton
670 3750 704 3806 nd
724 3753 852 3824 inspirate
868 3751 993 3818 consilius
1010 3756 1038 3806 et
1051 3751 1137 3806 incre·
1206 3795 1207 3798 η

107 3855 228 3924 petionee
250 3869 321 3911 nece
343 3853 515 3927 neglexistis,
545 3852 595 3908 lucc
626 3858 749 3924 uoeuton
779 3851 813 3908 nd
842 3851 918 3908 illuto
938 3849 1055 3924 flagello.
1089 3849 1138 3920 Vel

106 3960 148 4010 ter
165 3957 292 4025 percutit,
317 3953 376 4009 duur
402 3953 556 4010 retlounicru
579 3959 667 4010 nrcset
689 3951 722 4008 nd
740 3944 842 4022 peccati
859 3953 1051 4024 cognitioncn,
1075 3963 1139 4006 con·

105 4054 285 4126 eupisoibiisrn
304 4053 337 4110 cd
355 4052 489 4120 dolorem,
514 4053 673 4109 irascibilem
700 4051 733 4108 od
758 4053 857 4123 pcccati
886 4049 1026 4106 uindictcru
1045 4055 1072 4106 et
1092 4049 1139 4106 de-

106 4153 282 4210 testationem.
317 4153 411 4211 Tertio
436 4158 519 4224 ipsusu
542 4152 664 4225 ternpluru
690 4151 828 4223 spirituale
851 4158 891 4208 ter
915 4164 986 4224 equo
1013 4152 1082 4206 tutus
1112 4157 1141 4206 et

105 4261 181 4310 estre
204 4252 284 4310 debet
309 4256 424 4328 irrigent.
459 4254 528 4310 llscc
553 4259 638 4310 eutero
663 4252 733 4308 trice
756 4251 878 4327 irrigatio
903 4258 945 4309 est
963 4251 1033 4308 trine
1051 4249 1137 4322 leorp-

105 4369 201 4412 neruuu
227 4357 376 4412 interiorum
401 4355 443 4413 sol
467 4354 609 4427 sliquundo
635 4355 792 4412 exteriorum
818 4351 923 4414 eiiusto.
966 4351 1043 4412 licus
1069 4352 1137 4408 euius
1206 4370 1207 4373 ¹
