2798 5302
309 500 350 563 ts
428 503 430 507 ’
543 504 615 582 Cap.
637 502 702 563 vti.
745 502 788 561 De
811 513 909 563 snuctn
932 505 1089 565 mastusia.

311 647 357 720 seul
369 666 477 736 pagani,
499 669 609 720 austro
629 677 677 718 ouo
693 659 819 718 l'antosts
837 661 981 720 cbrtstians
1000 671 1026 722 ot
1042 680 1059 720 a
1076 663 1156 722 beato
1172 663 1341 740 Chrysogono

310 763 385 820 idcnu
404 763 502 819 Christi
522 762 616 818 otloots
633 769 683 828 ost,
700 762 798 818 tradita
817 769 902 818 actoru
920 763 1013 820 Publio
1030 767 1058 822 lu
1075 781 1181 821 uxororu
1192 765 1341 838 languorem

310 864 435 918 simulans
462 878 567 933 scupos
594 878 625 918 so
648 861 681 916 ab
705 864 762 934 ojus
786 867 918 918 consortio
949 864 1106 921 abstinebat.
1159 865 1210 928 Qui
1236 865 1341 920 audinus

310 978 366 1019 can
383 961 439 1018 coru
464 976 516 1018 aua
537 968 637 1017 tantun
661 962 758 1018 ononis
782 966 808 1017 in
828 963 874 1019 rili
890 964 982 1019 babitu
1000 963 1205 1020 Christianorum
1225 979 1342 1020 carcenos

309 1066 420 1119 oirouirc
438 1068 464 1120 ct
481 1065 514 1116 iis
532 1064 683 1118 neccssaria
699 1065 863 1130 ministrare,
889 1063 951 1120 socii
967 1080 1024 1120 cam
1043 1066 1189 1120 arctissimo
1208 1063 1340 1120 custodiri.

309 1167 348 1218 ita
363 1168 393 1216 ut
410 1165 487 1218 otiam
506 1160 590 1217 nilons
609 1161 756 1216 alimoniam
774 1161 935 1236 iuungam,
952 1165 1043 1220 volens
1061 1170 1146 1219 auton
1165 1179 1223 1220 osnn
1242 1167 1281 1218 sio
1298 1180 1341 1235 po-

229 1297 233 1308 ·
310 1264 419 1326 riucro,
446 1269 474 1316 ut
492 1266 583 1332 posset
601 1263 627 1316 iu
646 1263 703 1331 ojus
720 1261 878 1333 largissimis
897 1262 1108 1335 possessionibus
1125 1263 1258 1320 lascivius.
1293 1263 1342 1319 Pu·

309 1369 370 1420 taus
389 1364 471 1435 igitur
486 1377 516 1416 sc
535 1365 599 1416 nuori
619 1359 758 1416 dolorosas
776 1362 904 1432 epistolas
923 1360 1095 1435 Chrysogono
1114 1363 1236 1419 nnittnlsat
1253 1371 1282 1422 ct
1299 1367 1341 1422 illc

310 1462 503 1519 consolatorios
522 1459 679 1516 remittebat.
730 1459 834 1517 lntcroo
853 1465 967 1534 rirojus
986 1465 1094 1518 moritur
1112 1469 1138 1517 ot
1156 1463 1203 1517 illa
1221 1479 1239 1518 a
1255 1479 1341 1520 carce-

311 1562 384 1617 ribus
400 1561 536 1616 liberatur.
571 1560 641 1617 llaco
659 1559 776 1622 lnabcbat
792 1568 846 1617 tros
865 1563 975 1617 ancillas
994 1561 1192 1633 pulcherrimas,
1204 1557 1281 1633 vquac
1300 1579 1341 1618 so-

312 1676 386 1718 noros
404 1667 492 1716 orani:
519 1675 627 1731 quarunt
645 1675 697 1715 una
715 1660 851 1715 dicebatur
867 1662 1003 1734 Agopoto,
1022 1660 1107 1717 altena
1124 1661 1241 1716 Tluionio
1260 1669 1286 1719 ot
1303 1662 1342 1717 al·

311 1769 371 1817 tora
385 1759 490 1816 ironia.
526 1760 600 1823 lluso
616 1775 672 1816 ouon
691 1759 851 1816 christianae
870 1767 959 1818 essent
977 1767 1003 1816 ot
1018 1761 1145 1832 procincti
1162 1764 1268 1817 monitis
1286 1763 1342 1816 uul-

310 1860 413 1917 latonus
431 1859 583 1926 obediront,
600 1863 626 1916 in
644 1859 788 1915 cubiculum
806 1874 853 1916 cos
870 1860 994 1928 noolosit,
1014 1861 1059 1915 ubi
1074 1865 1203 1932 coquinae
1221 1862 1343 1916 utensilia

310 1958 493 2016 servabantur.
544 1957 697 2016 Prsolootus
722 1967 807 2015 autnon
830 1962 855 2014 in
880 1975 968 2015 carum
992 1959 1088 2015 ardens
1112 1976 1227 2017 annornm
1245 1961 1279 2016 od
1297 1977 1341 2016 cao

311 2061 367 2127 init,
386 2065 415 2115 ut
431 2071 504 2115 sonno
522 2058 654 2116 libidiucon
671 2065 814 2116 oxomensi.
851 2060 901 2123 lloi
920 2062 1101 2116 insuentium
1120 2076 1228 2128 nonus,
1249 2069 1343 2133 putant

309 2178 340 2218 so
357 2166 471 2216 tractore
489 2162 621 2232 virgines,
646 2159 774 2227 cacabos.
800 2159 930 2231 pontu,
950 2161 1069 2216 calaris
1086 2167 1112 2218 ct
1129 2161 1228 2217 sinnilis
1244 2165 1342 2233 amplo-

310 2267 384 2318 otous
400 2259 584 2329 osculabatur,
612 2266 639 2314 ot
657 2276 714 2316 ou·
732 2276 765 2316 ou
782 2259 831 2314 lnoo
849 2261 961 2314 sauctus
980 2261 1089 2328 luisset,
1131 2260 1204 2316 loros
1221 2263 1287 2316 oxiit
1305 2263 1343 2316 nt-

310 2364 440 2435 gorrituus
457 2365 483 2415 ct
502 2359 626 2416 deformis
644 2367 672 2416 ot
687 2361 849 2416 rosssrucutis
867 2362 988 2422 concisis.
1024 2360 1104 2424 Quom
1122 2363 1203 2424 serui,
1222 2365 1268 2432 qui
1286 2377 1342 2417 ocu

310 2459 470 2533 prolorlbus
488 2465 714 2530 exspectauerant,
732 2462 771 2515 sic
787 2465 904 2530 optatum
923 2459 1050 2527 nitentes,
1067 2463 1215 2534 cogitantcs
1234 2461 1304 2532 quod
1317 2464 1343 2516 iu

311 2560 461 2616 dasuoucro
480 2575 575 2615 rossus.
589 2570 674 2628 osset,
699 2575 757 2616 curu
775 2557 928 2614 corbonibus
946 2559 1089 2616 olfecerunt
1105 2567 1132 2614 ct
1149 2559 1282 2633 lugioutos
1298 2577 1341 2616 so

311 2660 362 2716 loun
380 2660 550 2732 roliqnnrunt.
585 2661 700 2732 cunque
717 2662 900 2729 inperatorem
918 2657 1018 2728 odiret,
1037 2668 1066 2714 ut
1081 2660 1114 2716 dc
1127 2641 1181 2715 ¹luco
1197 2676 1342 2734 conquero-

215 2797 217 2804 ·
311 2769 399 2827 notar,
420 2759 465 2815 alil
485 2763 568 2833 ringis
586 2758 782 2832 percutiebant,
803 2759 849 2814 alii
867 2760 949 2814 lstnrn
960 2745 993 2816 ,ct
1010 2760 1142 2832 pulonem
1158 2763 1184 2815 in
1205 2777 1263 2817 curn
1280 2779 1342 2833 pro-

307 2861 450 2936 jiciebant,
468 2863 659 2931 mploantos,
689 2859 759 2932 quod
775 2861 802 2914 in
821 2859 914 2915 inrlsnn
932 2876 1023 2932 tonsus
1041 2867 1120 2916 osset.
1163 2859 1238 2916 Oculi
1256 2869 1342 2917 auton

311 2963 369 3035 ojus
386 2960 551 3028 tonwsntur,
570 2977 603 3016 no
622 2962 660 3016 sio
677 2974 707 3016 sc
725 2958 865 3015 doloroso
883 2959 992 3016 ridorot.
1045 2960 1213 3033 llunproptcr
1228 2960 1341 3016 nirabo·

309 3067 353 3118 tun
372 3061 517 3133 plurimum,
534 3076 591 3118 cuns
608 3063 648 3115 sic
665 3076 722 3116 ouun
742 3075 830 3115 onuuos
849 3059 1013 3128 loriniani,
1031 3075 1107 3131 quoru
1124 3059 1343 3117 intantobonore

311 3159 410 3226 laboro
426 3166 638 3232 oonsuonorsnt„
658 3159 803 3217 Videbatur
820 3161 887 3214 oninn
904 3163 939 3226 ni,
958 3158 1027 3231 qood
1045 3162 1103 3230 ipso
1122 3161 1149 3215 ol
1165 3175 1255 3216 omncs
1274 3159 1343 3216 olbis

312 3259 429 3317 nostibus
447 3266 535 3316 csscnt
551 3259 643 3316 inlini
678 3259 781 3315 Putans
794 3275 873 3326 roro,
891 3275 947 3314 curn
965 3261 1004 3313 sio
1022 3274 1051 3314 so
1068 3257 1210 3316 dolorosum
1228 3259 1262 3316 ab
1282 3260 1342 3315 aliis

310 3358 455 3427 didicisset,
474 3359 543 3431 quod
564 3358 668 3431 postico
687 3357 737 3415 sibl
757 3375 805 3432 por
822 3365 903 3416 srtom
920 3361 1048 3432 magicam
1067 3357 1117 3413 hoc
1135 3359 1269 3427 locisscut,
1282 3361 1341 3430 jus-

310 3461 345 3515 sit
361 3474 408 3516 nas
424 3473 512 3515 conani
529 3475 559 3516 sc
577 3459 731 3531 suspolisri,
751 3466 779 3514 ιιι
796 3474 843 3516 nas
860 3447 952 3516 salton
968 3458 1052 3514 nudas
1070 3461 1209 3530 aspiceret,
1228 3459 1276 3515 sod
1287 3467 1340 3515 stn-

273 3597 275 3601 -
309 3562 355 3616 tlnu
379 3575 469 3616 oarunn
491 3562 647 3616 uostinrcnts
670 3562 711 3615 sio
726 3560 881 3631 torporibus
900 3558 1092 3627 adhaeserunt,
1108 3607 1110 3610 .
1128 3566 1157 3614 ot
1174 3559 1245 3614 nollo
1264 3559 1342 3614 nodo

309 3662 370 3716 exui
386 3659 513 3716 ndsront.
565 3658 718 3717 Praoicctus
743 3665 829 3715 sutoro
851 3675 916 3733 orno
933 3658 1105 3716 admiratione
1129 3661 1168 3715 ita
1185 3657 1344 3714 obdonnlnit

309 3765 438 3828 surinus,
474 3758 544 3832 quod
562 3761 641 3816 otiam
661 3773 678 3814 a
693 3758 858 3830 pulsantibus
875 3770 927 3814 nou
950 3765 1056 3831 poterat
1071 3759 1188 3816 cxcitorl.
1224 3757 1342 3814 Tsnlon

310 3861 426 3935 virgines
457 3862 576 3916 nsrtlrio
600 3863 759 3915 coronantur
783 3865 810 3913 ot
833 3860 976 3914 Anastasia
997 3857 1031 3914 sb
1054 3862 1212 3931 inpensiore
1238 3857 1341 3914 ouidsun

310 3961 444 4034 nnsrlooto
461 3960 590 4029 traditur,
625 3965 653 4014 ut
677 3963 700 4014 st
725 3973 782 4014 oann
805 3958 953 4014 sooriioarc
980 3959 1094 4026 iscorot,
1130 3947 1293 4031 postmodnm
1316 3960 1342 4012 in

311 4075 418 4117 usoronn
436 4077 492 4116 osru
513 4058 630 4117 iabonot.
667 4059 782 4131 Cumque
800 4073 857 4114 orno
874 4061 901 4114 in
919 4057 1059 4113 tiolsnnunn
1077 4056 1223 4113 induxisset
1240 4063 1267 4113 ot
1285 4072 1343 4113 satu

311 4157 456 4230 auuplouari
477 4147 570 4228 uellet,
605 4163 692 4216 statim
710 4175 804 4216 caccus
824 4159 932 4215 ollootus
950 4165 998 4215 cst.
1033 4157 1103 4214 lloos
1120 4156 1186 4212 adiit
1203 4171 1342 4229 quociens,

310 4258 334 4311 tl
354 4261 468 4320 onodoro
487 4265 585 4331 possct.
638 4259 838 4331 liospontlorunt
855 4259 981 4314 dicontos:
1016 4260 1078 4330 quia
1096 4264 1211 4312 sanctaun
1228 4257 1342 4312 Anasta

313 4365 378 4418 siano
396 4363 572 4424 contristasti,
609 4359 686 4416 nobis
708 4359 820 4416 traditus
844 4375 873 4416 os
892 4367 918 4415 ot
937 4357 1030 4414 amodo
1049 4372 1153 4430 compos
1169 4353 1304 4412 nobisconu
1319 4359 1344 4410 io
