2984 5302
319 481 383 556 deo
524 483 751 566 canenti.
797 487 841 545 De
863 499 963 548 soncto
985 486 1155 568 Augustino.

322 651 417 718 speetu
437 652 518 718 utque
541 645 634 704 snitu
656 659 726 704 enno
750 647 846 704 musis
863 660 929 705 suns
945 644 1082 714 Lllliilll.
1109 649 1281 719 spisospntns
1300 663 1366 703 sero

319 745 369 804 xi.
392 759 481 803 eornm
507 747 602 817 positis
627 745 754 802 inuitus
784 753 812 803 st
837 746 976 804 urentibus
1004 748 1130 819 nigrestt
1155 745 1191 802 sd
1220 744 1366 803 domiuum.

320 843 1366 917 Testamentunnuilnmlenit,qulnundelnosrst,psuperlsristluoulsnbnit.

319 942 422 1002 floruit
444 946 517 1000 uiros
540 959 625 1002 unnos
647 944 747 1006 donini
769 945 866 1004 0000.
899 943 991 1018 ltaque
1015 944 1181 1018 Augustinus
1211 945 1366 1016 supientiae

320 1043 408 1102 lumen
425 1043 621 1118 perfulgidus,
644 1045 871 1118 propugnaculum
895 1047 1017 1102 redistis
1038 1052 1071 1102 ¹st
1093 1043 1154 1100 lulri
1179 1047 1366 1104 munimentum

319 1157 410 1200 omnes
434 1142 564 1201 omission
589 1143 714 1200 duotores
737 1150 791 1198 tnn
816 1146 924 1217 ingenio
948 1160 1025 1218 quun
1049 1145 1163 1200 solentis
1180 1147 1244 1201 sinit
1263 1147 1367 1200 ineun-

319 1240 492 1314 sumtiliter,
516 1241 614 1302 Hortus
637 1248 690 1298 tnm
715 1243 845 1314 exemplis
871 1245 994 1300 virtutum
1012 1257 1088 1317 quun
1106 1243 1243 1302 nldssntis
1260 1244 1365 1302 dosui-

320 1358 420 1400 nnsusn.
453 1339 528 1398 llndo
553 1347 580 1398 st
605 1341 699 1400 nesus
725 1339 861 1414 Remigius
885 1341 1067 1414 Hieronymum
1096 1349 1123 1399 et
1146 1343 1275 1416 quosdam
1293 1344 1366 1400 ulios

320 1441 445 1498 doutores
462 1454 667 1497 nomannorum
686 1442 725 1496 sin
741 1440 887 1498 sussionis:
905 1439 955 1496 isos
973 1457 1065 1498 omnes
1076 1443 1241 1516 Augustinus
1254 1446 1366 1518 ingenis

320 1547 348 1598 et
371 1543 484 1599 solentis
506 1553 557 1596 suu
580 1540 658 1612 sicit,
685 1554 746 1596 nnn
770 1540 835 1596 lieet
858 1539 1029 1612 Hieronymus
1055 1539 1089 1598 vi
1119 1541 1203 1598 utitis
1231 1542 1367 1600 ieiunius

319 1640 446 1714 origenis
464 1638 614 1712 selegisse
632 1637 762 1705 iniustus,
785 1640 837 1694 iste
853 1646 941 1695 tanen
958 1643 1033 1695 snntn
1050 1643 1174 1712 scripsit,
1199 1650 1229 1698 ut
1246 1658 1299 1698 non
1318 1657 1366 1698 so-

318 1739 371 1796 lum
390 1738 486 1796 diebus
501 1751 537 1793 uo
553 1736 676 1796 nuutilrus
696 1737 814 1794 seribere
838 1735 922 1792 libros
947 1739 1006 1811 rjus
1036 1741 1096 1812 quis
1114 1755 1166 1796 non
1184 1743 1288 1812 possit,
1313 1741 1365 1800 sed

319 1854 368 1895 usn
391 1838 486 1910 legere
511 1834 615 1910 quidem
640 1843 771 1892 ounurrat
807 1836 969 1894 Volusianus
993 1845 1095 1905 autern,
1125 1841 1169 1896 uni
1196 1841 1365 1915 Augustinus

319 1936 460 2009 epistolum
478 1936 604 2007 scripsit,
628 1936 669 1990 siu
692 1935 726 1992 ds
744 1951 776 1992 oo
795 1935 873 1992 siluit:
899 1937 955 2009 legi
973 1936 1023 1993 Hei
1040 1936 1135 2006 deest,
1158 1938 1286 2012 quidquid
1306 1941 1365 1998 An-

318 2039 428 2110 gustino
442 2035 587 2106 eontigerit
604 2037 737 2106 ignorum.
770 2034 942 2108 Hieronymus
959 2053 1065 2109 quoquo
1077 2038 1104 2092 in
1118 2036 1229 2110 quadum
1246 2039 1365 2110 epistula

318 2134 438 2192 resiliens
456 2133 607 2206 Augustino
626 2136 679 2189 nit:
703 2133 807 2190 duobus
830 2133 931 2190 libellis
957 2137 1010 2190 iuis
1035 2135 1220 2192 eruditissimis
1246 2141 1364 2195 sionni

320 2233 487 2306 eloquentius
505 2230 648 2303 splendore
667 2231 829 2303 fulgentibus
847 2232 1010 2303 respondero
1027 2249 1079 2290 nun
1097 2238 1180 2306 potui,
1198 2242 1270 2292 rests
1282 2237 1362 2310 qnid·

319 2333 383 2406 quid
397 2332 449 2388 diei
463 2332 550 2402 potuit
564 2337 592 2386 nt
604 2334 701 2386 nssnmi
715 2333 822 2404 ingenio
836 2339 862 2388 et
875 2333 909 2390 do
922 2336 1111 2406 seripturnrnm
1120 2333 1220 2389 lsansiri
1230 2334 1361 2400 lontibus,

317 2439 386 2490 ste
409 2433 523 2502 positum
549 2435 629 2501 nique
651 2429 778 2486 disertum
796 2437 853 2499 est,
878 2432 927 2489 nod
950 2447 1051 2505 quasso
1076 2434 1251 2490 ssssronusn
1276 2439 1359 2502 tunm,

315 2546 458 2604 perennes
480 2531 594 2602 patioris
616 2543 657 2585 mn
683 2534 754 2584 tuum
779 2529 890 2587 lsudure
911 2533 1053 2604 ingenium.
1088 2529 1260 2604 Hieronymus
1277 2536 1359 2590 etism

316 2635 345 2688 is
362 2630 432 2686 libro
451 2627 484 2684 de
501 2626 551 2682 llll
567 2627 721 2686 durioribus
739 2629 829 2686 siu-de
847 2645 879 2686 so
897 2630 1004 2686 scribit:
1032 2629 1197 2704 Augustinus
1215 2632 1359 2704 episeopus

316 2731 409 2788 volsus
433 2743 490 2803 per
504 2729 629 2783 montium
653 2731 790 2784 seruulus
811 2730 890 2800 qussi
911 2728 1003 2800 equilis
1028 2736 1055 2785 et
1080 2745 1126 2798 en,
1151 2746 1220 2804 quus
1241 2739 1305 2787 snut
1329 2719 1381 2788 iss'

315 2832 440 2888 nostium
459 2826 603 2891 redirilsus,
619 2841 672 2881 non
688 2825 859 2883 eonsidrrsns
870 2827 1093 2884 mulinuoelomm
1106 2831 1195 2901 suntin
1210 2835 1357 2886 terrerum-

315 2931 452 3003 quesitus
470 2933 498 2984 et
516 2940 643 2998 nqussuus
662 2926 786 2981 oirsniusn
804 2926 877 2982 eluro
896 2942 1016 2984 ursione
1039 2930 1200 3000 pronuntiet
1234 2927 1358 3002 lienique

313 3030 342 3084 in
367 3033 468 3102 omnis
491 3041 549 3084 nnn
572 3028 724 3082 mssmntie
746 3032 775 3082 st
796 3024 938 3082 dilectione
956 3024 1128 3098 Hieronymus
1147 3026 1256 3096 lslnH,
1280 3035 1358 3098 putet

313 3125 496 3198 immisione,
518 3139 586 3197 quus
610 3122 696 3180 sidens
722 3125 806 3192 nisis,
831 3125 990 3196 inquorum
1014 3140 1067 3180 nnn
1083 3126 1124 3182 sin
1142 3125 1218 3180 dieii:
1242 3126 1356 3183 Domino

313 3232 407 3280 sennto
431 3223 638 3280 minutissimo
666 3237 754 3294 pupae
782 3222 964 3294 Hieronymus.
998 3223 1074 3280 Omni
1103 3223 1207 3296 quiden
1233 3230 1355 3296 tempore

312 3321 502 3380 beatitudinem
521 3328 593 3378 tunm
611 3337 659 3389 so,
683 3338 735 3394 nuo
753 3320 844 3388 deret,
869 3322 972 3379 lionore
997 3329 1138 3381 sonentur
1156 3339 1212 3379 sun
1230 3331 1259 3378 st
1275 3324 1354 3380 inii-

311 3427 411 3477 tnntrn
429 3424 456 3476 in
476 3428 503 3476 te
520 3421 603 3477 diluti
620 3421 752 3476 dominum
771 3421 945 3490 spissiorem,
970 3421 1019 3478 sed
1037 3437 1120 3489 nunc,
1139 3423 1163 3476 si
1181 3420 1236 3477 ieri
1255 3429 1354 3494 potest,

223 3537 225 3542 ·
311 3519 415 3576 oumulo
442 3519 541 3592 aliquid
567 3520 687 3576 addimus
713 3524 740 3576 et
763 3519 843 3590 plens
866 3520 1041 3592 muniemus,
1068 3527 1097 3576 ut
1120 3520 1223 3593 sisque
1239 3523 1353 3576 noninis

312 3619 350 3674 usi
368 3620 499 3675 mentione
516 3635 549 3675 ns
566 3633 643 3674 unum
662 3617 753 3675 liorsn
772 3618 876 3690 quiden
899 3621 1046 3691 praeterire
1069 3621 1209 3691 potiamur.
1234 3617 1306 3675 idem
1326 3623 1355 3676 iu

312 3717 367 3773 ulle
384 3719 500 3789 epistulis
517 3717 551 3773 nd
570 3717 694 3774 eunden:
718 3717 908 3785 abstinuistis,
935 3724 965 3773 ut
982 3717 1124 3790 quidquam
1142 3717 1176 3774 de
1192 3717 1268 3773 libris
1287 3717 1353 3775 bes-

310 3815 432 3872 titudinis
451 3823 512 3872 tune
532 3819 663 3888 attingus
681 3815 802 3884 undenso,
819 3817 918 3873 sufficit
930 3819 997 3872 enim
1011 3803 1071 3873 ssen
1088 3816 1204 3890 proluens
1220 3823 1248 3873 et
1264 3817 1354 3874 siieus

310 3931 363 3970 nun
381 3931 500 3987 surpere.
535 3914 680 3988 Gregorius
698 3931 803 3987 quoquo
821 3917 847 3970 in
864 3916 980 3988 epistole
996 3916 1030 3971 sd
1048 3915 1227 3972 lnnuoentiun
1243 3915 1353 3972 Airiose

310 4013 474 4084 praelectum
498 4012 531 4069 de
549 4015 608 4086 ojus
634 4013 711 4069 libris
735 4014 776 4068 sio
800 4017 855 4068 nit:
878 4013 951 4086 qnod
976 4017 1168 4086 expositionem
1192 4017 1278 4071 sensti
1300 4014 1352 4072 lois

310 4111 387 4167 solis
406 4113 549 4168 trsnsmltti
567 4111 703 4179 uoluistis,
729 4117 818 4169 rostro
837 4113 925 4168 studio
942 4112 1153 4186 oongsndeuus,
1175 4113 1225 4169 sed
1242 4116 1266 4168 si
1283 4113 1353 4168 dell·

310 4213 385 4266 closo
409 4214 505 4282 cupitis
527 4209 627 4280 pulsulo
650 4213 786 4284 saginari,
810 4211 883 4266 besti
900 4213 1043 4284 Augustini
1061 4212 1252 4284 onmpstrlotue
1270 4215 1355 4268 rostri

310 4310 440 4380 opuseuln
456 4312 539 4382 legite
556 4315 584 4366 et
601 4307 635 4364 nd
653 4311 876 4382 conparationem
893 4311 966 4366 iilius
983 4311 1143 4384 similsgiuis
1162 4316 1279 4366 nostrum
1297 4309 1354 4365 lur-

310 4408 393 4465 l'ursnr
422 4426 473 4465 non
497 4413 640 4482 quaeretis.
675 4408 745 4466 Iden
771 4426 876 4481 quoque
901 4413 927 4465 ln
950 4411 1065 4483 registro
1090 4412 1129 4466 sie
1160 4413 1213 4465 sii:
1243 4409 1351 4482 legitur,
