2866 5310
188 481 262 560 Cap.
284 480 389 542 txltt.
434 481 479 540 De
500 490 599 538 sancto
625 479 709 538 Petro
732 478 857 536 martire.
982 475 1043 540 283

31 640 132 694 uiuitur
149 647 210 694 suut
228 652 368 706 mensor,
388 641 450 710 quta
467 640 623 694 couveniens
641 639 717 692 uiuuis
735 642 808 702 erat,
829 640 858 690 ot
874 637 919 706 quil
937 638 999 707 igne
1018 643 1045 689 ct

30 740 101 794 uiue
119 738 182 792 lidei
199 737 359 795 excellenter
377 739 524 806 claruerat,
547 737 682 810 singulare
700 737 732 792 de
752 738 810 807 lpse
832 736 902 808 lgnle
921 751 952 790 ac
969 736 1045 790 lurot-

29 837 216 892 smireeuluur
235 847 384 910 appareret
420 839 531 903 Quidam
549 844 651 906 eutem,
669 851 725 890 cunr
745 842 894 891 vesceretur
910 851 965 889 cunr
984 835 1045 890 aliis

28 979 29 986 ,
56 937 118 1008 ejus
141 939 307 993 sanctitatem
329 945 355 994 et
376 938 502 994 rutraeule
527 937 696 1008 depravaret,
722 941 807 990 conto
828 934 973 1006 ¹)quodaur
997 934 1045 989 soh

28 1039 185 1094 electatione
201 1038 334 1104 moriello,
353 1039 463 1108 *lquere
482 1053 539 1092 criu
556 1053 608 1092 nou
627 1041 728 1107 penset,
743 1035 790 1091 red
807 1037 878 1089 eirea
894 1034 946 1090 hoe
961 1035 1046 1090 detin-

28 1145 110 1204 ueret,
130 1138 319 1210 transglutire,
335 1139 419 1192 sensit
437 1152 497 1192 mon
515 1139 599 1206 ipsum
620 1138 660 1190 eto
678 1138 779 1207 gutturi
797 1133 990 1202 inhaerentem,
1020 1143 1048 1190 ut

28 1237 77 1291 luru
107 1238 232 1294 iuducere
259 1237 300 1294 rel
326 1237 437 1293 educere
455 1253 506 1292 ueu
525 1235 635 1294 ualent.
672 1236 759 1299 Quare
776 1236 847 1290 tllieo
867 1237 1004 1306 poenitens
1022 1243 1049 1291 et

28 1355 59 1392 un
79 1339 167 1393 rultuc
195 1343 292 1392 uiolato
318 1337 422 1402 colore,
448 1339 511 1410 quta
533 1339 651 1392 sentiens
674 1337 784 1391 ricinum
809 1339 900 1390 mortio
929 1343 1048 1390 eventurn

28 1444 78 1492 icto
98 1441 169 1492 lutra
187 1452 216 1494 ce
236 1445 313 1504 reto,
333 1437 404 1509 quod
422 1436 588 1508 tinguendo
607 1444 713 1491 caetero
732 1435 765 1489 ad
784 1435 851 1490 talla
867 1451 919 1490 nou
936 1435 1048 1501 laxaret,

28 1539 56 1592 ult
75 1539 199 1610 protluue
216 1537 263 1593 tllo
279 1540 394 1593 evomito
411 1536 549 1593 liberates.
587 1534 768 1607 ⁸)llpdroplco
780 1533 906 1606 quaedam
921 1535 954 1590 ad
965 1536 1050 1590 loourn

28 1641 144 1694 usionis
162 1639 221 1709 ejus
238 1636 337 1692 auxillo
357 1639 406 1693 utri
423 1639 464 1692 sul
482 1637 638 1708 perveniens
657 1636 716 1689 lusa
742 1635 780 1689 ihi
804 1638 923 1691 eratione
948 1638 1050 1690 sanita-

28 1754 58 1790 ιω
77 1739 209 1809 integrare
225 1753 286 1793 uror
303 1740 411 1807 recepit.
447 1736 614 1792 obsessura
633 1734 805 1790 duemouihue
820 1738 912 1790 mauttr
924 1737 983 1808 lpse
1003 1736 1051 1790 de·

28 1840 85 1892 lette
106 1837 163 1892 tttts
180 1853 238 1892 eune
255 1838 335 1891 multo
354 1839 492 1910 sanguinis
513 1839 609 1893 uomitu
628 1837 660 1892 de
681 1836 837 1908 corporibus
858 1836 992 1905 liberauit,
1010 1837 1051 1892 le·
1147 1887 1152 1894 .

28 1951 70 1992 ree
85 1935 199 2008 expulit,
218 1937 362 2008 languores
379 1951 455 2007 quarn
470 1937 597 2009 pluriores
616 1940 718 1992 curauit
735 1943 761 1992 et
778 1933 907 1992 diuersos.
943 1935 1051 1990 Culduuu

28 2039 138 2092 iulstrae
162 2017 254 2092 manue
279 2037 393 2108 digitum
417 2052 451 2092 ox
473 2038 565 2092 morbo
590 2037 693 2092 fistulae
711 2036 879 2107 plurimorum
899 2035 1051 2090 loranlnuru

28 2137 180 2192 encarltate
204 2135 337 2192 delossum
363 2139 429 2191 entra
457 2137 638 2192 consolatione
662 2137 774 2190 cenauit.
810 2134 920 2198 Quidam
946 2137 1054 2207 lucoper

28 2252 77 2290 uer
97 2251 132 2291 ex
152 2250 215 2291 caso
233 2235 390 2307 grauissimo
409 2237 448 2290 sle
465 2252 625 2307 oppressus,
650 2241 677 2290 ut
702 2241 773 2289 oiotu
799 2241 825 2290 et
848 2250 927 2289 seusu
949 2238 1052 2306 pertitus

28 2335 155 2389 estttutue
171 2343 302 2408 tanquam
318 2343 436 2390 mortuos
453 2335 612 2404 dederetur,
638 2351 698 2391 eron
722 2336 847 2406 apposita
865 2332 899 2390 de
915 2341 987 2389 terre
1005 2349 1054 2390 sno

29 2437 115 2489 eutort
146 2451 223 2490 caere
249 2436 308 2507 ejus
332 2437 448 2490 martlrls
473 2451 566 2492 cruore
593 2443 715 2491 contecta
738 2435 873 2490 incolumis
900 2437 1054 2490 reeunexlt.

28 2534 238 2596 tuaedaruetiaur
254 2536 356 2602 mutter,
376 2537 451 2607 eujus
469 2550 572 2591 caruere
591 2551 685 2592 cancer
701 2536 770 2592 relax
790 2533 885 2591 sedula
901 2536 1056 2591 corrosione
1098 2541 1103 2550 '

30 2635 142 2702 orabat,
171 2634 254 2691 linitio
280 2634 428 2706 hujusmodi
446 2642 518 2691 terra
536 2636 689 2692 uulneribus
709 2643 750 2692 eet
768 2641 868 2690 curata.
903 2635 958 2690 Alit
977 2637 1055 2691 etlam

28 2735 130 2790 llrerels
155 2734 349 2789 inhr'ruitatlhue
369 2737 505 2805 occupatl,
531 2737 576 2805 qul
603 2735 768 2807 sepulchrum
793 2737 852 2806 ejus
877 2737 904 2790 tu
930 2735 1057 2792 uehiculis

28 2840 42 2888 ιι
60 2835 123 2888 alite
139 2836 327 2890 sustentaculis
346 2833 484 2902 atterunt,
509 2834 603 2890 exindo
627 2836 790 2907 postmodum
817 2836 895 2906 plena
920 2837 1058 2891 lncelorut-

27 2939 70 2991 ete
88 2940 198 3006 recepta
217 2937 273 2991 elue
292 2934 426 3007 ultquthoe
444 2933 572 2992 euhstdttc
592 2935 705 2992 rediere.
719 2967 753 2977 -
767 2967 801 2978 -
814 2967 849 2978 -
869 2943 907 2998 o.
927 2937 989 2991 Cum
1010 2951 1057 2992 au·

27 3051 68 3090 eun
85 3048 201 3090 tuumne
219 3035 340 3106 pontifex
356 3035 521 3092 luneeenttuo
540 3043 650 3109 quartus
667 3039 771 3092 beatum
788 3036 892 3093 Petrum
910 3044 1059 3092 uanetoruur

28 3135 142 3208 ataloge
160 3135 364 3206 edeeripstssot,
384 3136 481 3193 iratres
500 3136 570 3207 npud
587 3135 766 3191 hledloluuurn
783 3137 817 3191 nd
835 3136 976 3207 cepttulutu
995 3151 1059 3192 con-

28 3242 159 3291 iecerunt:
175 3235 297 3291 volenter
315 3243 402 3292 autern
420 3237 479 3307 ejus
497 3251 593 3306 eorpus
611 3235 646 3289 ad
664 3235 784 3307 altiorem
803 3235 888 3290 locunt
906 3235 1059 3304 trauelerre,
1129 3227 1159 3266 '³⁸'

28 3351 75 3390 nun
93 3334 154 3406 plue
171 3349 248 3406 quan
266 3351 316 3405 per
332 3349 424 3390 annun
442 3335 490 3389 enh
508 3340 582 3389 terra
596 3334 743 3406 jacuisset,
771 3336 807 3390 tta
833 3351 924 3391 sanun
946 3343 973 3392 et
992 3338 1059 3392 lute-

28 3453 94 3507 grum
112 3449 143 3489 ac
161 3435 219 3489 clune
237 3433 351 3506 alicujus
370 3435 539 3491 exhalatione
557 3435 669 3490 foetoris
686 3442 818 3506 repertum
836 3442 891 3504 est,
919 3451 954 3491 ac
971 3438 996 3491 el
1014 3451 1061 3492 ea-

28 3535 80 3590 leuu
105 3534 149 3591 die
173 3534 303 3607 sepulturi
330 3535 434 3592 luisset.
468 3533 574 3590 Fratres
600 3537 683 3608 igitur
700 3552 780 3607 cuper
797 3553 915 3610 maguum
934 3535 1061 3607 pulpttrur

28 3639 96 3694 inula
112 3637 228 3708 plateam
246 3651 342 3706 conius
361 3638 420 3708 ejus
438 3651 494 3691 eum
510 3649 606 3707 magua
623 3639 773 3692 reuerentia
789 3637 953 3693 deduxerunt
969 3643 996 3692 ct
1009 3636 1062 3691 thl-

28 3735 79 3791 leru
98 3737 138 3792 cle
154 3751 247 3792 eunoun
267 3743 295 3792 et
311 3739 441 3810 integrum
460 3751 547 3791 corum
566 3737 637 3789 eruut
654 3735 752 3806 populo
771 3742 813 3790 est
831 3743 964 3792 ostensura
982 3744 1009 3793 et
1028 3738 1063 3794 eh

28 3851 54 3890 ro
72 3835 228 3907 suppliciter
245 3837 391 3898 adoratum.
427 3837 456 3908 ¹)
464 3836 574 3892 Praeter
590 3835 717 3890 miracula
739 3849 820 3906 cupra
838 3836 908 3890 dtetn
924 3837 952 3889 lu
967 3837 1063 3894 lttterte

28 3937 115 3991 ruunt
134 3935 266 4008 pontificio
284 3939 375 4009 posita
392 3937 505 4010 plurima
523 3936 577 3992 olio
596 3942 657 3991 eunt
673 3942 815 4007 comporta
850 3933 916 3990 uam
928 3950 1009 4006 cuper
1022 3936 1064 3991 lo·

74 4175 96 4227 l)
108 4172 151 4218 td
162 4177 196 4218 l’r.
207 4171 279 4216 mule:
295 4171 412 4226 qurldaur
426 4171 655 4220 oblectationis.
711 4175 733 4228 2)
746 4178 838 4222 tteerut.
849 4188 896 4219 neu
907 4173 1066 4226 riuulelegunlu

28 4240 72 4296 {ui
91 4255 155 4284 euru
174 4249 362 4296 ueupoeeet,
381 4241 778 4296 eicireeheedelinqueret.
854 4243 877 4295 3)
891 4242 1066 4296 conuenienti·

28 4308 132 4354 norietur
149 4306 180 4351 de
199 4308 314 4353 miraculis
334 4310 394 4354 t‘etri
412 4310 465 4354 iude
489 4309 599 4354 nuerhie
623 4310 793 4366 ltydropieu
812 4333 836 4346 ι-
856 4310 1003 4356 eubeidiie
1021 4324 1068 4354 re·

28 4378 109 4422 llere
127 4375 210 4422 deerunt
229 4376 252 4420 in
266 4377 308 4422 lul.
321 4383 354 4422 t’r.
419 4379 441 4433 t)
460 4376 580 4432 Sequuentiu
593 4376 647 4422 iude
661 4394 673 4423 u
687 4380 777 4426 verbine
790 4385 909 4426 l'reeter
922 4403 944 4415 -
958 4377 1067 4426 tertuli

28 4453 94 4492 tunt
107 4445 190 4491 deeuut
203 4445 227 4491 in
239 4445 281 4494 cd.
296 4453 328 4492 t'u
