2902 5310
348 465 422 545 Cep.
444 463 545 525 clxi,
587 461 633 524 De
655 470 755 522 saucio
775 459 941 522 Eustochio.
1104 459 1168 526 'llo

128 626 231 682 leonem
241 640 349 697 puerum
363 629 448 684 risun
462 629 620 698 portensem,
634 639 692 680 earn
708 637 766 679 carn
783 621 892 678 canibus
905 625 1018 678 insecuti
1029 628 1098 680 sant.
1116 624 1168 684 l'er

129 725 245 780 rlinloaur
256 732 341 782 autera
356 727 579 798 dispensationem
591 725 634 780 leo
648 738 757 794 onerosa
769 722 891 778 illaesam
901 721 1031 794 abjiciens
1044 717 1168 786 ncessl'l.

130 823 240 888 llullanr
266 827 375 898 iusuper
399 831 520 882 aratores
549 830 613 896 post
633 823 721 893 lupum
750 822 923 877 inclamantes
952 823 1032 878 sliam
1059 838 1168 895 puerum

129 923 164 980 rle
182 925 240 996 ojus
259 923 380 980 lancibus
395 924 551 980 incolumem
568 923 725 989 liberarunt,
742 923 847 992 utrique
864 937 938 988 sero,
956 921 1060 979 scillcet
1077 929 1170 994 pasto·

131 1037 173 1079 res
192 1029 219 1080 el
235 1029 365 1092 scalores,
383 1023 416 1078 rtr
435 1039 487 1078 uno
506 1024 564 1080 sico
584 1022 689 1076 inerant
705 1027 733 1076 et
749 1035 830 1091 penes
847 1035 877 1075 so
895 1035 993 1090 noeros
1013 1023 1170 1080 nutriemnt.

130 1121 186 1179 llos
215 1137 280 1179 sero
310 1121 471 1178 Eustachius
500 1121 650 1188 assuebat,
685 1119 735 1176 ssi
766 1134 887 1174 moerens
919 1133 951 1174 ac
980 1120 1089 1191 plorans
1113 1121 1170 1178 ibst

132 1220 240 1278 dicens:
257 1221 308 1278 iren
325 1221 406 1290 mibi,
430 1223 492 1293 quia
510 1227 588 1287 onte,
605 1226 635 1275 at
652 1217 749 1286 arbor,
773 1217 922 1290 pollebam,
951 1217 999 1275 secl
1022 1219 1100 1276 modo
1122 1237 1170 1293 po·

131 1323 202 1376 nitus
219 1338 277 1378 sum
298 1321 426 1378 nudatusl
461 1321 516 1376 ileu
533 1335 594 1388 nce,
611 1320 656 1392 qui
670 1332 689 1373 a
704 1318 870 1374 multitudine
887 1319 996 1374 militans
1011 1319 1171 1376 circumdari

131 1419 265 1490 solebam,
283 1423 331 1478 serl
348 1437 415 1477 nunc
433 1421 507 1476 solus
525 1433 664 1477 remanens
681 1432 731 1474 nec
747 1416 817 1474 lilios
834 1433 889 1475 sun
903 1432 1045 1475 concessas
1057 1418 1171 1476 bebere!

130 1520 255 1589 bieurlol,
278 1521 398 1588 domiue,
421 1527 448 1577 to
475 1517 538 1575 milri
562 1518 681 1586 ciuisse,
707 1520 772 1591 quis
796 1524 903 1589 oportet
924 1524 952 1574 te
978 1497 1075 1574 laniari
1090 1521 1171 1577 'sicut

132 1621 199 1688 lun,
228 1622 276 1677 scd
294 1636 356 1677 ecoe
373 1619 433 1693 pius
450 1618 552 1690 aliqnirl
570 1620 597 1674 lu
612 1633 652 1674 ms
669 1615 726 1674 beri
747 1616 840 1685 eliso,
859 1617 906 1672 illc
923 1620 1010 1686 enlm,
1036 1619 1087 1675 etsi
1108 1633 1173 1690 pos-

132 1720 298 1778 sessionibus
315 1721 429 1776 anduno
446 1717 536 1786 inerit,
552 1724 641 1774 tamen
656 1724 761 1774 stercus
778 1715 880 1784 babuli,
898 1731 979 1788 super
990 1716 1061 1789 quod
1077 1717 1173 1776 sedere

132 1821 232 1891 pulait,
258 1819 322 1874 milri
347 1825 433 1874 autom
459 1818 495 1872 nll
518 1816 616 1873 borum
637 1819 776 1880 renunciis
800 1816 845 1872 ille
872 1819 971 1874 amicos
990 1815 1043 1873 sibi
1065 1832 1173 1889 compa·

131 1921 229 1984 tientes
253 1918 362 1986 babuli,
392 1934 444 1991 rgo
468 1919 580 1972 inmites
610 1916 683 1972 ieras
705 1915 802 1984 babai,
834 1930 903 1989 quse
928 1931 1002 1972 meos
1028 1913 1098 1973 ilios
1125 1931 1171 1973 ra·

133 2023 260 2088 pucmntr
292 2017 331 2072 illi
354 2033 420 2072 uxor
444 2025 486 2074 est
507 2017 616 2084 sclicla,
650 2030 731 2071 aare
755 2031 819 2071 reso
848 2014 954 2082 ablats3
985 2015 1020 2070 da
1045 2017 1172 2088 requiem,

133 2117 252 2184 lomina,
275 2115 489 2172 tribulationibus
515 2119 580 2172 meis
604 2121 632 2172 el
658 2130 728 2187 pons
745 2114 891 2171 sustollam
910 2117 952 2168 orl
968 2129 1042 2184 meo,
1068 2130 1103 2171 ne
1124 2114 1173 2172 rle-

132 2215 212 2272 clinet
230 2231 277 2272 cor
296 2232 379 2272 meam
399 2218 427 2272 lu
444 2215 526 2272 rerba
543 2215 658 2272 amittas
676 2221 703 2271 cl
721 2216 815 2288 ejiciar
839 2229 857 2270 a
878 2213 947 2270 lacis
964 2221 1020 2272 tua.
1055 2211 1089 2270 iit
1104 2213 1174 2271 liaeo

133 2313 224 2372 diceus
242 2331 299 2371 onor
318 2315 440 2388 lacrumis
457 2315 492 2371 art
510 2314 639 2388 quendam
659 2316 740 2370 sicum
758 2314 826 2369 abiit
849 2318 876 2369 rt
899 2313 962 2368 dats
980 2311 1034 2368 sibl
1052 2313 1173 2372 mercede

132 2428 215 2488 agros
232 2415 337 2472 illorum
354 2415 484 2471 bominum
503 2431 551 2486 per
567 2428 652 2469 sanos
674 2411 725 2470 XV
747 2413 905 2482 custodivit,
929 2411 977 2469 ilii
1001 2420 1089 2469 autem
1113 2417 1173 2484 ejas

132 2518 162 2570 ln
184 2516 271 2572 altero
293 2517 351 2571 sicu
371 2514 475 2570 elacati
496 2521 557 2568 sual
574 2528 622 2569 aec
640 2529 671 2569 ss
688 2527 749 2571 esse
766 2512 865 2569 iratres
882 2513 1011 2572 sciebant.
1044 2512 1173 2568 ilomlaas

132 2619 220 2670 autem
237 2630 345 2669 uxoren
362 2611 499 2668 Eustachii
516 2609 683 2669 conservarit
699 2627 749 2669 nec
767 2612 837 2667 illam
850 2611 895 2668 ille
907 2613 1059 2687 alienigenas
1070 2627 1172 2688 cogno·

132 2713 187 2780 sil,
214 2711 263 2769 sed
289 2715 379 2785 notius
403 2727 461 2768 earn
483 2715 607 2768 intactam
632 2711 765 2768 dlmltlsus
791 2714 871 2768 sitam
893 2710 986 2768 bniril.
1026 2711 1175 2785 imporotor

133 2817 221 2868 sutem
244 2819 272 2870 et
293 2811 408 2884 populus
428 2811 561 2868 liousaous
583 2811 719 2883 plurimum
745 2811 780 2866 ab
798 2810 921 2867 hostibus
938 2812 1129 2870 molestabatur
1146 2819 1175 2870 et
1293 2823 1294 2828 ’

133 2910 289 2968 recordatos
312 2910 426 2980 Placidi,
453 2911 499 2984 qul
521 2917 627 2967 strenus
651 2918 743 2967 conire
767 2912 841 2982 ipsos
859 2909 951 2968 basiae
969 2915 1076 2984 caspius
1095 2913 1174 2970 ilasi-

135 3017 239 3079 cusos,
264 3009 297 3067 ‹ls
320 3013 380 3084 ejas
404 3011 494 3067 subito
518 3013 662 3067 mutatione
687 3009 824 3082 plurimum
843 3011 1003 3068 tristabatur·
1024 3013 1174 3086 direxitque

134 3110 230 3166 mullos
247 3111 345 3167 milites
362 3127 412 3183 per
428 3109 550 3168 diversas
568 3109 654 3166 nrrrli
672 3116 777 3182 parles,
795 3114 949 3182 promittens
968 3111 1103 3180 omnibus,
1128 3115 1173 3186 qul

135 3226 194 3266 cunr
212 3213 383 3279 inussissent,
402 3211 497 3266 multas
516 3210 622 3267 cliritlas
641 3219 667 3268 el
686 3211 811 3267 bonores.
846 3207 904 3266 Duo
922 3217 1008 3267 autc·
1030 3227 1063 3268 es
1082 3211 1188 3270 militi»

133 3308 202 3377 bus,
227 3311 273 3380 qui
295 3309 440 3381 aliquande
460 3309 569 3367 Placido
593 3313 822 3376 ministraverant,
848 3307 883 3365 ari
906 3312 992 3381 ipsum
1020 3313 1118 3380 nlosra,
1145 3311 1175 3390 ¹¹¹.

135 3423 187 3479 quo
211 3406 342 3480 legebat,
372 3416 506 3466 uenerunt.
542 3409 615 3474 Quos
638 3409 762 3466 Placirlus
786 3409 819 3466 do
834 3424 912 3483 ,agro
936 3411 1025 3466 senice
1048 3410 1173 3468 conside·

73 3521 74 3526 ¹
135 3522 208 3574 rans,
233 3523 281 3562 ecs
298 3523 332 3563 ex
354 3510 459 3564 incessu
479 3511 599 3580 protinus
622 3513 778 3582 recognovit
800 3515 827 3565 si
850 3511 958 3566 sonions
978 3511 1006 3564 ln
1023 3512 1173 3568 messoriane

135 3605 274 3680 dignitatis
297 3621 362 3663 sues
387 3605 536 3678 psmrrlnrl
559 3611 649 3680 ooeplt
671 3625 704 3665 ao
729 3610 832 3666 elicere:
853 3608 973 3677 domine,
1000 3611 1069 3664 elcut
1094 3611 1172 3677 istos,

84 3701 85 3706 ’
135 3707 181 3778 qul
200 3704 343 3778 aliquando
362 3721 461 3763 orccnnr
480 3706 599 3776 inerunt,
624 3716 730 3779 praeter
747 3725 821 3781 spem
839 3709 911 3776 virli,
933 3709 975 3763 slo
997 3708 1048 3776 ds,
1074 3713 1103 3764 nt
1120 3707 1174 3764 ali·

135 3804 243 3877 qnando
264 3807 404 3878 conjugem
427 3821 510 3862 meam
532 3807 623 3864 silero
645 3810 761 3878 possiam
788 3823 846 3864 nam
870 3808 903 3865 ile
920 3805 983 3864 iliis
1000 3807 1074 3876 scio,
1102 3808 1173 3880 quod

135 3920 153 3961 s
178 3905 243 3961 ieris
266 3906 378 3961 comati
400 3911 469 3962 suut.
503 3905 582 3964 Venit
604 3913 690 3962 aumas
715 3906 754 3962 ad‘
775 3924 832 3964 cnm
858 3924 910 3963 nox
933 3905 1037 3963 rllceus:
1060 3905 1172 3977 coriis,

134 4003 277 4074 Euslncbl,
304 4006 368 4077 qais
393 4005 446 4060 cllo
469 4002 594 4062 bonorem
613 4013 682 4064 tuum
701 4007 872 4079 rucupmabis
889 4010 917 4062 sl
935 4004 1005 4062 ilios
1023 4011 1172 4064 clusorem

134 4107 258 4176 recipies.
293 4105 356 4162 Cum
374 4105 456 4179 igitar
473 4106 600 4164 militibus
617 4106 766 4174 obviasset,
791 4108 844 4176 ipsi
867 4121 925 4162 eum
945 4107 1050 4163 minime
1071 4121 1172 4179 cogno-

133 4211 242 4274 verunt,
260 4220 370 4276 cunque
390 4221 447 4262 ean
465 4205 641 4274 salutassent,
664 4206 850 4278 quaesierant,
872 4208 897 4260 sl
919 4205 1034 4278 aliquan
1050 4208 1173 4279 peregrl-

135 4320 194 4360 nam
213 4308 316 4363 nominc
334 4303 467 4364 Placidum
486 4321 543 4364 carn
562 4321 645 4362 uxore
663 4311 690 4363 el
708 4303 812 4361 duobus
830 4303 891 4361 iliis
909 4311 1090 4378 cognosceret
1124 4304 1173 4360 llls

135 4410 221 4460 aulem
239 4421 269 4464 se
287 4407 390 4463 nescito
406 4406 547 4478 proiossus
565 4415 614 4464 cst.
648 4405 690 4463 ari
709 4419 802 4479 praece
822 4409 909 4462 tauron
928 4406 987 4477 ejus
1012 4405 1039 4464 in
1056 4405 1173 4476 bospitio
