2842 5286
321 463 382 526 216
513 463 583 541 Cap.
608 463 655 521 Ll.
699 461 743 520 De
764 463 980 522 annuntiatione
1001 461 1152 522 dominica.
1189 486 1194 498 ·

321 635 410 676 aonuu
427 619 519 675 doruru
537 625 602 674 ulra
618 619 735 674 suauitas
755 617 901 686 redolebat,
922 623 950 675 at
963 633 1024 676 oooa
1043 616 1096 674 duo
1112 617 1233 688 apeoloul
1248 617 1356 688 tarenta

324 721 349 776 el
370 725 554 790 apparuerunt,
572 719 619 789 qul
636 719 720 789 lpauu
738 716 873 790 usquead
891 717 1020 791 quandam
1038 719 1171 773 oiritatouu
1188 715 1356 786 apoolorinrt-

325 833 392 874 nnana
418 833 451 874 ox
475 832 540 873 auro
567 822 594 874 et
619 819 729 889 gourula
755 816 913 874 mirabiliter
935 816 1083 872 rutilantem
1106 815 1305 887 perduxerunt,
1327 813 1357 870 de

324 919 400 990 nujus
419 923 497 988 porta
511 915 580 971 odor
589 915 718 971 mirabilia
731 915 878 978 emanabat,
897 917 942 988 qul
959 916 1030 970 llluur
1043 915 1111 972 adeo
1127 916 1276 976 noooearit.
1293 913 1358 985 quod

324 1016 421 1074 uulluru
440 1015 556 1074 dolorem
585 1015 627 1070 uel
653 1016 779 1072 loutorero
806 1016 925 1070 nanniano
946 1015 1100 1082 ridebatur,
1132 1013 1309 1084 dixeruntque
1328 1016 1358 1082 ei,

324 1113 395 1188 qnod
414 1115 461 1170 illa
486 1116 579 1170 oirltae
604 1115 744 1186 paradisus
771 1121 850 1170 earet.
890 1113 920 1170 ln
939 1130 1015 1187 quern
1039 1129 1094 1170 nun
1118 1112 1246 1168 llioolaua
1267 1113 1359 1167 intrare

322 1214 413 1280 uellet,
432 1213 553 1270 dixerunt
570 1217 595 1270 oi
612 1212 741 1286 praedioli
755 1214 876 1284 junones,
894 1211 965 1285 quod
981 1215 1064 1284 primo
1083 1213 1116 1267 ad
1137 1228 1203 1267 ouon
1220 1211 1321 1268 rediret
1336 1218 1360 1267 et

325 1330 374 1386 per
389 1313 459 1378 loon,
479 1319 751 1386 perdomuerat,
770 1328 826 1369 eum
846 1311 933 1368 redire
952 1318 1095 1384 oporteret,
1113 1312 1258 1366 daemones
1278 1318 1358 1367 tanen

326 1428 384 1468 enen
402 1429 455 1468 non
471 1413 623 1480 laederent,
652 1411 701 1468 aed
726 1428 757 1468 oo
777 1414 833 1468 riso
851 1412 937 1467 territt
959 1411 1083 1483 lugerent
1100 1419 1126 1467 et
1143 1410 1215 1482 quod
1232 1417 1297 1482 poet
1316 1413 1355 1466 tri-

324 1513 400 1586 ginta
426 1511 484 1567 diae
507 1515 534 1567 iu
561 1527 626 1583 paon
651 1513 800 1583 quiesceret
827 1517 854 1567 ot
877 1519 939 1566 tuna
962 1510 1033 1566 illam
1059 1511 1190 1578 civitatem
1215 1511 1284 1564 ciria
1301 1526 1359 1581 per·

323 1612 556 1681 petuueintroiret.
576 1609 785 1666 lunellioolaue
803 1608 865 1667 inde
881 1610 1028 1666 ascendens
1048 1611 1109 1680 ¹)lu
1129 1607 1200 1674 loon,
1219 1624 1270 1681 per
1287 1625 1358 1680 quen

325 1708 460 1775 aseendit,
487 1723 518 1765 oo
536 1713 684 1767 reatitutnu
701 1712 800 1768 inuenit
818 1716 845 1766 ot
865 1712 953 1766 omnia
976 1709 1111 1776 oroullrun,
1140 1723 1210 1780 quae
1227 1707 1281 1762 nihi
1298 1723 1356 1764 ouu-

326 1809 455 1882 ugerae,
480 1824 591 1865 namna
608 1816 671 1881 post
686 1811 796 1884 triginta
813 1809 872 1866 dieo
891 1811 917 1864 in
936 1807 1041 1866 donnino
1059 1808 1173 1866 ieliolter
1188 1809 1328 1880 nequierit

740 2055 944 2074 ψ

681 2399 775 2498 tlt.
800 2397 853 2496 ll.
881 2397 996 2500 (ιιι).

468 2553 543 2622 lte
565 2547 935 2621 annuntiatione
957 2547 1209 2622 dominloa·

389 2715 419 2771 Ι.
445 2711 614 2774 Annuutlatlo
640 2711 771 2767 dominico
790 2711 901 2779 di‘oitnr,
933 2713 997 2783 quia
1022 2712 1047 2766 ln
1071 2711 1120 2766 tali
1139 2710 1184 2768 dle
1206 2709 1241 2766 ab
1264 2709 1359 2784 angelo

324 2809 452 2865 adventuo
470 2809 516 2865 llll
532 2810 583 2867 Ilei
604 2814 632 2867 ln
651 2826 754 2868 munero
773 2810 823 2865 luit
845 2811 1027 2878 annuntiatus,
1052 2826 1195 2884 oongruuru
1214 2811 1283 2867 enim
1304 2808 1360 2875 luit,

324 2915 354 2963 ut
371 2911 575 2966 incarnationem
593 2911 765 2982 praeoederet
787 2909 910 2981 angeline
927 2911 1104 2976 annuntiatio,
1132 2909 1231 2980 lrtplicl
1250 2911 1360 2963 ratione.

325 3005 532 3064 Primonallono
550 3009 651 3064 ordinis
669 3007 844 3074 connotandi,
869 3015 897 3062 ιιι
915 3009 1018 3063 scilieet
1040 3008 1106 3062 ordo
1124 3009 1301 3079 reparationis
1320 3021 1361 3062 re-

324 3106 469 3177 apnndoret
484 3107 571 3162 ordini
588 3105 831 3180 praevaricatioulo.
866 3104 939 3162 llnde
949 3108 1021 3162 siout
1038 3105 1166 3178 dyabolus
1183 3109 1294 3162 tenurit
1308 3122 1361 3160 uu-

324 3192 432 3272 liuram,
451 3212 480 3261 ul
498 3222 553 3264 eam
572 3206 737 3279 pertraheret
754 3204 787 3260 ad
807 3205 995 3261 dubitationem
1013 3210 1040 3260 et
1056 3221 1105 3276 par
1119 3204 1311 3260 dultutlonou
1329 3202 1362 3260 ad

326 3318 482 3361 oonaennurn
501 3312 528 3362 et
543 3321 592 3377 per
611 3321 766 3362 muraneum
788 3303 822 3360 ad
840 3305 955 3375 lapauur,
978 3306 1016 3360 eiu
1035 3303 1147 3377 angelus
1164 3305 1293 3358 nuntiavit
1309 3305 1362 3360 rtr-

325 3404 391 3476 ginl‚
411 3410 440 3458 ιιι
457 3402 600 3460 nuntlaudo
620 3405 749 3461 exaltaret
764 3404 800 3460 ed
821 3401 895 3459 ddum
915 3410 943 3459 et
958 3419 1007 3474 par
1024 3401 1100 3459 ldeu
1118 3403 1152 3459 ad
1170 3417 1327 3460 oonoonauru
1338 3406 1364 3458 et

325 3519 374 3574 per
400 3517 554 3558 murenarum
573 3502 608 3558 ad
632 3504 831 3575 concipiendum
849 3503 897 3558 llel
923 3500 1011 3558 ilion.
1055 3500 1177 3558 Secundo
1197 3503 1301 3558 melone
1315 3503 1362 3556 rni-

324 3580 429 3657 uiaterii
446 3601 575 3674 angelini,
601 3603 664 3674 quia
686 3605 754 3657 ouiru
773 3603 885 3676 augelus
909 3607 951 3658 ont
969 3601 1019 3658 Del
1038 3603 1157 3657 ululatur
1183 3608 1210 3656 et
1228 3614 1322 3657 aeruna
1340 3603 1366 3655 et

324 3699 488 3772 beatauirgo
501 3699 587 3756 oleata
596 3708 662 3764 erat.
681 3709 709 3755 ut
720 3700 849 3757 osaotltei
861 3706 952 3766 mator,
973 3707 1152 3773 eloongruuu
1165 3705 1206 3756 ael
1221 3701 1364 3754 ministrum

327 3800 448 3855 dominae
473 3799 607 3865 tumulari,
631 3801 789 3855 conveniens
807 3798 874 3866 lull,
904 3805 933 3853 ιιι
958 3799 1053 3856 beatae
1078 3801 1174 3872 virgini
1202 3799 1365 3854 annuntiatio

325 3915 374 3971 per
388 3897 509 3970 angelum
527 3897 610 3954 ieret.
646 3899 738 3954 Tertio
755 3901 857 3954 rationo
876 3899 967 3968 lapeuo
986 3900 1101 3970 argolici
1119 3896 1268 3970 reparandi.
1299 3894 1367 3960 Quia

326 4000 393 4054 enim
413 3998 559 4052 lnoarnatio
578 4013 630 4052 non
655 4005 751 4053 tantun
771 3998 886 4054 iaciebat
910 3997 944 4052 ad
964 3999 1155 4068 reparationem
1182 3995 1289 4051 hunaul
1308 3995 1364 4066 lap

325 4113 387 4164 uus,
406 4095 454 4151 aed
476 4098 551 4152 etiam
571 4095 605 4150 ad
623 4099 815 4167 raparationem
836 4098 927 4153 ruinae
945 4097 1098 4168 angelicae,
1125 4094 1186 4152 ideo
1205 4094 1295 4167 angeli
1315 4078 1366 4149 non

324 4195 471 4251 debuerunt
489 4195 603 4252 exoluti.
624 4193 698 4251 Unde
709 4198 778 4250 eleut
795 4211 873 4251 nexae
891 4196 1008 4251 mulieris
1026 4211 1077 4250 uon
1098 4194 1248 4250 excluditur
1266 4209 1283 4249 a
1301 4209 1363 4270 eog-

320 4330 721 4346 ψ

377 4415 398 4467 l)
412 4417 502 4462 toccu.
515 4413 612 4458 muluatu
625 4424 715 4468 aupra
728 4425 847 4468 puteum
861 4425 891 4457 ae
906 4415 972 4456 reat.
985 4416 1028 4458 elo.
