2984 5316
280 475 351 558 Cap.
374 475 476 537 xcvi.
518 476 564 539 De
591 489 689 538 sancta
715 478 807 538 hiscis
829 479 1012 558 Magdalena.
1100 480 1161 542 tiu

115 637 183 710 jugo
201 641 228 692 et
245 650 328 708 puero
348 637 434 696 narius
452 634 539 695 lactus
558 639 712 697 conscendit
729 645 756 696 et
775 638 854 712 paulo
867 645 929 712 post
941 637 1081 698 blasoiliae
1098 658 1159 713 por·

118 739 189 793 tibus
207 735 390 808 applicuerunt
407 741 435 792 et
453 739 569 812 ingressi
587 741 742 796 tnrencrunt
766 739 870 796 beatam
888 738 1001 796 blaciam
1018 737 1159 813 Magdalc·

118 852 178 892 nam
195 851 253 892 cum
271 838 326 892 suls
345 835 482 908 discipulis
500 838 705 909 praedicantem,
726 845 751 895 et
769 841 827 911 ejus
845 838 957 911 podibus
970 855 1027 895 cum
1040 839 1161 912 lacrymis

119 937 253 1009 provoluti
270 937 366 1004 omnia,
386 951 454 1009 quac
472 939 507 992 ils
527 938 688 1006 acciderant,
705 947 878 996 rnurrarcruut
897 945 924 996 et
941 955 958 994 a
974 939 1055 995 beato
1072 940 1159 997 Mani-

119 1039 188 1092 rninc
208 1051 311 1092 sacrans
329 1035 461 1108 baptisma
477 1045 659 1109 susceperunt.
694 1038 770 1094 Tunc
787 1042 813 1095 io
831 1040 939 1096 civitate
952 1038 1090 1096 hlassiiiae
1105 1056 1160 1096 om

118 1139 187 1192 niuno
210 1135 347 1208 ydolorum
372 1136 470 1208 templa
493 1137 659 1198 destruentes
685 1137 784 1196 Christi
806 1139 935 1195 ccclesias
960 1147 1162 1196 construxerant

119 1236 266 1310 athenium
283 1234 412 1290 Lazarum
430 1239 457 1291 in
475 1237 591 1308 ciusdem
609 1237 725 1292 ciuitatis
749 1241 901 1310 episcopum
922 1242 1080 1296 unanimiter
1104 1238 1158 1296 ele-

119 1343 222 1410 gerant.
257 1335 376 1392 Tandem
402 1333 491 1391 divino
516 1343 580 1391 nutu
603 1337 637 1392 ad
662 1338 810 1409 hquecsem
834 1341 967 1396 ciuitatem
990 1345 1118 1395 uenerunt
1133 1347 1161 1397 et

118 1436 242 1509 populum
259 1436 331 1491 iilum
353 1435 387 1491 ad
406 1435 483 1491 idem
503 1435 600 1491 Christi
619 1409 766 1508 permulto
783 1437 910 1493 nirnccin
921 1439 1095 1508 adduxerunt,
1114 1441 1161 1498 ubl

120 1539 197 1592 ctiam
216 1536 309 1592 beatus
327 1537 486 1592 niaximinns
499 1539 533 1591 in
551 1539 703 1608 episcopatu
722 1542 763 1592 cst
780 1536 926 1596 ordinatus.
960 1537 1065 1600 intona
1081 1539 1161 1598 beata

118 1635 206 1692 narro
222 1635 386 1710 Magdalona
404 1651 536 1708 supernae
556 1636 784 1707 contemplationis
803 1637 884 1693 arida
908 1642 1080 1712 asperrimum
1099 1657 1159 1697 ere·

118 1752 184 1792 onum
204 1739 280 1807 petiit
298 1742 325 1793 et
342 1737 370 1790 in
387 1737 446 1792 loco
463 1735 592 1810 angelicis
610 1735 730 1792 nauibus
747 1744 908 1808 praeparato
925 1755 974 1810 per
983 1738 1059 1804 xxx
1074 1754 1160 1795 annos

117 1838 255 1910 incognita
271 1839 375 1892 mansit
410 1835 440 1892 ln
457 1851 509 1910 quo
526 1836 630 1908 qnide'on
650 1835 709 1892 loco
727 1852 776 1894 nec
793 1853 919 1911 aquarum
936 1838 1035 1894 fluenta
1047 1854 1097 1894 nco
1115 1854 1159 1896 ar-

118 1937 209 1992 borum
228 1952 276 1992 uec
293 1935 433 1992 herbarum
452 1941 528 1992 eraut
547 1935 657 2004 solatia,
672 1944 701 1992 ut
718 1951 751 1992 eu
770 1936 821 1993 hoc
839 1939 1067 2006 manifestaretur,
1087 1939 1159 2012 qnod

117 2036 251 2095 redemtor
266 2042 358 2094 noster
375 2039 460 2108 ipsum
474 2051 527 2092 non
544 2038 657 2091 terrenis
675 2037 881 2105 reiectionibna,
904 2037 954 2094 sed
977 2044 1077 2095 tanturn
1094 2054 1157 2095 coo-

117 2135 230 2194 lestibus
255 2135 341 2208 epulis
373 2135 543 2208 disposuerat
567 2138 677 2191 satiare.
713 2135 838 2202 Qualibet
864 2144 952 2194 anteon
982 2139 1027 2196 olis
1057 2146 1159 2212 septem

118 2235 192 2292 horis
223 2237 356 2292 cononicis
386 2234 421 2290 ab
451 2235 556 2310 angelis
587 2237 613 2292 ln
643 2234 753 2293 sonora
777 2235 932 2294 elevabatur
955 2245 982 2295 at
1004 2238 1158 2294 coelestium

118 2338 249 2410 Quinum
267 2335 402 2410 gloriosos
421 2341 565 2391 concentus
589 2339 667 2394 citum
684 2336 868 2408 corporalibus
892 2337 1001 2395 auribus
1024 2338 1159 2408 audiebat,

117 2436 187 2494 unde
208 2436 302 2492 dlehns
327 2435 441 2510 singulis
464 2434 507 2491 his
532 2437 700 2492 suavissimis
723 2437 836 2510 dapibus
861 2441 961 2494 satiata
986 2443 1014 2495 ct
1030 2437 1093 2494 indo
1110 2455 1160 2511 per

117 2537 224 2594 eosdem
241 2534 353 2610 angelos
374 2535 409 2591 ad
426 2534 510 2591 locum
529 2539 663 2608 proprium
682 2544 807 2594 rcroona
823 2539 1008 2610 corporalibus
1027 2539 1159 2596 alimentis

116 2635 266 2692 nullatenus
301 2635 448 2708 indigebat.
485 2636 618 2693 Sacerdos
646 2644 734 2694 autem
768 2637 873 2710 quidam
904 2637 1050 2694 solitariam
1078 2641 1158 2694 ritarn

117 2752 198 2811 ugera
218 2735 372 2791 desiderans
389 2735 424 2790 ad
441 2733 579 2792 duodecino
597 2736 686 2791 stadia
704 2737 763 2793 loco
781 2737 987 2794 eidem'rlciuann
999 2738 1050 2795 sihi
1064 2739 1157 2795 cellam

115 2838 221 2895 locarit.
255 2835 305 2892 Die
336 2837 418 2910 igitur
447 2835 559 2909 quadam
590 2834 710 2892 dominus
742 2838 872 2909 prostituti
896 2839 1043 2894 sacerdotis
1065 2839 1158 2895 oculos

116 2927 221 3010 speruit
239 2942 266 2993 et
285 2939 421 3007 corporeis
441 2935 525 2992 oculis
545 2936 683 2992 euidenter
704 2937 844 3010 adspexit,
869 2939 984 3010 qualiter
1009 2939 1098 3012 angeli
1123 2938 1159 2993 ad

116 3029 278 3112 praedictum
297 3037 399 3106 locum,
424 3038 451 3092 ln
476 3051 527 3110 qno
544 3034 626 3093 beata
644 3035 732 3092 illaria
749 3038 917 3106 morabatur,
941 3036 1114 3094 discedebant
1131 3044 1159 3094 et

116 3155 174 3195 cam
197 3140 224 3193 ln
250 3137 361 3194 aethera
384 3135 559 3192 sublevabant
577 3141 682 3208 etpost
699 3136 781 3193 horae
799 3140 913 3208 spatians
931 3137 964 3192 ad
988 3135 1098 3193 eundem
1116 3136 1158 3192 lo-

115 3254 173 3295 cunn
191 3252 247 3293 cum
266 3237 363 3292 diuinis
380 3234 506 3293 laudibus
521 3227 690 3292 revocabant.
725 3235 824 3293 Valens
848 3243 935 3292 anteon
960 3236 1085 3293 sacerdos
1104 3243 1157 3292 mro

115 3336 280 3416 admirsbilis
302 3337 413 3394 cisionis
442 3337 578 3392 ueritatem
604 3349 750 3410 agnoscere
776 3337 892 3392 creatori
915 3352 963 3392 suo
983 3336 1108 3409 precibus
1126 3352 1157 3391 se

114 3437 297 3493 commendans
329 3436 364 3491 ad
397 3435 558 3507 praedictum
584 3435 670 3490 locum
699 3436 792 3491 audaci
816 3434 957 3491 deuotione
984 3435 1156 3507 properabat,

115 3553 225 3610 cumque
250 3537 284 3592 ad
307 3539 383 3593 unius
404 3535 627 3607 jactnmlapidis
653 3539 895 3609 appropinquaret,
928 3541 1073 3606 coeperunt
1097 3535 1156 3607 elna

113 3653 192 3693 crura
208 3637 308 3694 resolui
326 3642 353 3693 ct
366 3639 460 3692 timore
478 3635 567 3692 udicio
585 3635 669 3706 ipsius
687 3635 844 3708 praecordia
858 3633 1007 3691 medullitus
1020 3633 1155 3698 anhelare,

113 3752 225 3810 cunque
250 3743 321 3794 retro
345 3735 461 3802 rediret,
485 3733 638 3791 ambulandi
663 3751 737 3791 usum
762 3750 840 3794 crura
860 3732 924 3790 -cunn
948 3732 1061 3806 patlibus
1079 3734 1156 3788 simul

114 3834 293 3908 praebebant,
322 3834 370 3892 aed
396 3838 419 3890 ai
443 3851 520 3890 uerso
544 3839 649 3892 tramite
673 3833 708 3890 ad
729 3836 893 3907 praedictum
918 3835 1002 3889 locunt
1028 3832 1156 3889 accedere

113 3941 268 4003 conaretur,
292 3938 389 3991 uticus
415 3951 472 3991 eunt
496 3935 611 4008 languor
628 3937 748 4006 corporis
766 3942 793 3991 et
809 3934 940 3991 hebetudo
958 3935 1052 3988 nentis
1070 3933 1155 3988 modis

114 4034 236 4091 omuibus
259 4033 444 4108 prohibebant.
477 4019 611 4090 lntellonit
633 4035 717 4108 igitur
740 4037 782 4091 uir
804 4033 853 4090 Ilei
878 4031 942 4088 lllud
961 4032 1052 4104 procul
1073 4030 1153 4088 clablo

112 4123 230 4192 coeleste
248 4150 310 4191 esse
326 4142 525 4202 sacramentum,
545 4130 580 4188 ad
598 4133 670 4206 qaod
685 4132 812 4190 accedere
826 4130 963 4187 homanum
980 4137 1154 4203 conpeteret

113 4237 326 4308 experimentum.
360 4231 484 4290 inuocato
501 4233 584 4306 igitur
600 4231 743 4289 saluatoris
756 4233 858 4288 nornine
869 4229 1038 4287 exclamauit:
1056 4230 1163 4301 adjuro·

111 4340 139 4391 te
161 4351 210 4407 per
231 4335 380 4404 dominam,
405 4339 448 4401 ut,
474 4333 499 4388 si
523 4331 600 4387 homo
625 4347 655 4388 cs
680 4330 722 4388 rel
746 4329 838 4404 aliquo
859 4329 997 4387 rationalis
1019 4335 1150 4396 creatura,

112 4449 180 4507 quae
199 4437 226 4490 in
243 4435 291 4492 illo
307 4434 432 4508 spelunca
450 4433 572 4501 habitas,
590 4431 652 4488 mihi
671 4429 833 4504 respondean
852 4435 878 4486 et
896 4431 934 4486 tui
954 4426 1088 4487 edisseras
1102 4443 1148 4485 re·
