2902 5310
312 465 374 530 708
416 468 490 547 Cap.
514 465 614 525 citit.
662 466 707 523 De
729 464 834 523 sanctis
855 463 981 542 Symooe
1003 473 1032 523 et
1053 461 1134 522 Joda
1157 454 1311 543 apostoiis.

311 635 362 684 teor
381 627 490 696 renepit.
507 655 541 668 -
558 656 592 667 -
611 653 645 664 -
674 629 706 684 ἱ.
730 621 814 680 iudas
835 629 920 680 nutent
940 628 1035 694 postea
1055 625 1083 678 in
1107 621 1314 694 Mesopotamia
1335 626 1358 676 et

311 727 396 784 Ponto
421 724 599 797 praedicarit,
624 722 720 795 Syneon
738 739 802 780 rero
828 725 854 777 in
877 722 1009 794 Aegypto.
1043 721 1150 778 Deinde
1173 725 1202 777 in
1229 722 1356 778 Peraidrn

312 826 390 883 arnbo
410 830 538 881 venerunt
556 830 581 880 ei
600 821 696 879 ibidem
714 821 780 878 duos
799 838 908 897 magos,
935 821 1038 880 Zaroen
1063 829 1090 880 et
1107 823 1274 895 hrphaaat,
1298 837 1357 894 qnos

311 925 465 983 Matthaeus
491 923 524 979 de
548 922 692 993 Aethiopia
719 922 874 996 rogaverat,
906 924 1074 979 invenerunt.
1109 921 1192 978 Tune
1210 921 1358 988 Baradani,

312 1026 365 1081 dnn
385 1025 458 1098 regis
476 1023 649 1094 Babyloniae,
667 1030 760 1078 eontra
776 1020 855 1078 indos
875 1022 909 1078 ad
927 1022 1055 1094 proeiinrn
1071 1023 1248 1093 proiecturus
1268 1022 1358 1078 nuiiru

313 1141 330 1181 a
353 1124 411 1181 biis
434 1126 491 1179 suis
509 1125 595 1194 potuit
612 1122 712 1178 habere
730 1137 895 1194 responsum.
928 1122 1075 1194 Pergentes
1099 1130 1190 1178 autern
1216 1123 1255 1178 ad
1279 1124 1359 1178 ianm

312 1227 450 1297 proximae
481 1225 596 1280 oiritatis
626 1221 723 1278 ibidem
754 1221 903 1278 habuerunt
935 1237 1106 1293 responsum,
1145 1222 1219 1294 quod
1257 1229 1360 1295 propter

314 1323 467 1396 apostotos,
492 1325 537 1395 qui
562 1329 702 1390 venerunt,
728 1321 771 1378 iiii
795 1322 957 1394 respondere
982 1338 1032 1377 non
1051 1329 1175 1394 possent.
1213 1321 1297 1378 Tune
1314 1321 1360 1376 dur

316 1442 363 1481 eos
387 1423 486 1496 inquiri
509 1423 573 1478 ieoit
596 1431 624 1478 et
646 1424 783 1490 invenior,
808 1427 913 1495 qrrtnarn
938 1429 1029 1479 esseut
1052 1422 1093 1478 rei
1121 1438 1176 1495 qna
1202 1422 1238 1479 de
1265 1439 1295 1479 re
1320 1439 1360 1478 re-

316 1527 432 1592 bisseni,
456 1524 600 1596 iniqnisiuii.
636 1522 685 1586 Qui
711 1523 914 1597 responderunt:
944 1526 969 1578 si
993 1538 1076 1597 genus
1095 1524 1222 1595 quaeris,
1253 1523 1362 1578 hebraei

315 1640 416 1690 somus,
436 1625 460 1679 si
479 1622 664 1690 conditionem,
683 1639 776 1680 serres
795 1623 893 1679 Christi
911 1639 959 1678 noa
978 1639 1038 1679 esse
1057 1623 1181 1690 fatemur,
1200 1626 1225 1680 si
1244 1639 1361 1688 masaa

316 1725 412 1782 eaiuiis
430 1731 535 1780 restrae
546 1739 628 1780 eausa
642 1723 694 1780 hoo
706 1726 832 1780 venimus.
868 1723 968 1787 Quibus
983 1723 1034 1778 dox
1049 1724 1204 1794 respondit:
1226 1740 1288 1780 oum
1302 1723 1361 1780 ieiir

316 1842 440 1884 reversus
460 1825 551 1892 tuero,
576 1822 682 1880 andiaru
701 1839 756 1880 ros.
793 1823 839 1880 Cui
858 1823 986 1895 apostoli:
1011 1823 1088 1879 nodo
1108 1826 1197 1896 onogia
1216 1840 1361 1898 congenea

317 1933 374 1992 est,
398 1931 426 1982 te
444 1939 606 1998 eognoscere
625 1925 712 1991 iiiunr,
737 1924 812 1997 oujos
836 1939 888 1995 ope
907 1926 1012 1980 rineere
1030 1925 1136 1994 possis,
1163 1925 1304 1981 reinerio
1322 1941 1362 1980 re·

316 2026 403 2082 beiiea
421 2027 607 2096 paratissimos
627 2026 753 2080 invenire.
790 2023 890 2087 Quibus
910 2024 975 2079 dux:
1000 2025 1056 2081 iiiis
1076 2026 1175 2080 nostris
1195 2029 1362 2098 potentiores

316 2141 366 2182 vos
389 2124 481 2192 rideo,
504 2124 579 2180 boen
598 2125 662 2182 beiii
686 2124 778 2193 nobis,
803 2142 885 2199 rogo,
910 2124 1064 2197 praediuite.
1100 2123 1149 2180 Cui
1172 2127 1312 2196 apostoii:
1335 2132 1362 2182 at

318 2227 391 2285 Deos
414 2233 476 2281 tuos
502 2224 641 2281 mendaoes
666 2241 727 2283 asse
751 2241 916 2298 eognoseas,
942 2225 1065 2297 jabenus
1091 2223 1154 2279 iiior
1178 2225 1215 2280 ad
1239 2231 1363 2299 quaesita

318 2327 382 2382 dare
401 2341 546 2397 responsa,
575 2332 619 2393 ut,
645 2324 704 2380 doru
730 2324 863 2395 dixerint,
887 2342 955 2399 quae
979 2329 1118 2398 ignorant,
1145 2328 1294 2397 probemus
1317 2343 1362 2384 eoa

318 2445 367 2500 per
392 2428 480 2481 ornnia
505 2441 566 2482 esse
589 2427 721 2481 mentitos.
757 2425 834 2481 Tune
859 2426 1018 2498 phantastici
1045 2425 1147 2499 grande
1166 2425 1267 2484 beiiunr
1287 2428 1360 2483 dire·

318 2535 380 2583 runt
398 2527 509 2582 iutorurn
528 2533 555 2581 st
574 2525 679 2581 moitnnr
700 2524 824 2597 popuinro
843 2525 903 2583 hino
922 2526 984 2582 inde
1002 2527 1104 2598 proeiio
1117 2529 1257 2587 ruiturum.
1286 2528 1360 2584 Tuus

319 2630 434 2702 apostoli
453 2628 541 2684 ridere
562 2633 715 2699 ooopernnt
748 2626 821 2681 iiioit
838 2628 870 2681 iis
891 2627 957 2682 dun:
982 2643 1023 2682 nne
1041 2629 1118 2682 tirnor
1137 2629 1247 2696 inuasit,
1268 2635 1297 2685 et
1315 2643 1359 2683 ros

319 2729 436 2786 ridetis?
471 2727 518 2784 Cui
536 2727 668 2799 apostoii:
695 2727 750 2782 noii
768 2729 874 2796 timere,
898 2730 961 2801 quia
979 2743 1030 2798 pax
1047 2727 1100 2784 bno
1117 2729 1256 2785 nobiaeunr
1276 2730 1359 2784 intra-

319 2833 369 2899 rit,
394 2838 421 2886 et
445 2844 505 2884 eras
531 2827 599 2882 bora
621 2827 675 2883 diei
699 2829 778 2883 tertia
795 2828 879 2900 iegati
896 2828 1017 2885 iodorunr
1035 2829 1068 2884 nd
1086 2835 1113 2884 te
1130 2831 1238 2886 venient
1255 2837 1283 2886 et
1301 2835 1361 2887 tuas

319 2948 349 2988 ae
383 2933 508 3001 potestati
540 2944 596 2982 oon
627 2941 694 2998 pane
722 2927 873 3000 subjicient.
909 2929 986 2986 Tono
1010 2928 1149 3001 pontihoes
1173 2931 1255 2985 risun
1282 2931 1361 2986 etiarn

318 3033 473 3089 iuraverunt
491 3036 518 3085 et
534 3028 593 3084 dori
613 3026 747 3084 dixerunt:
765 3027 799 3083 ad
819 3003 932 3084 hoe'isti
951 3036 978 3086 to
996 3045 1115 3086 seoororn
1132 3029 1247 3086 reddero
1260 3029 1360 3096 rotant,

219 3155 221 3164 ¹
317 3139 361 3202 nt,
386 3130 445 3186 duro
468 3133 590 3185 ineantur
614 3129 711 3196 inieris,
735 3128 769 3183 ab
796 3127 960 3186 adversariis
978 3132 1124 3202 occuperis.
1159 3129 1208 3185 tini
1226 3131 1361 3202 apostoii:

319 3249 370 3288 non
391 3230 504 3285 dixirous
521 3228 585 3296 tibi,
604 3235 731 3300 ansperto
748 3245 826 3284 unuor
846 3247 974 3297 anensem,
992 3230 1041 3288 sed
1059 3247 1136 3286 unum
1155 3231 1234 3297 dieat,
1255 3239 1282 3286 et
1300 3245 1360 3288 oras

319 3334 346 3388 in
364 3346 430 3403 paee
449 3331 666 3385 rintoroxsiates.
702 3327 779 3384 Troe
792 3329 844 3385 don
857 3339 984 3405 utrosque
998 3332 1124 3388 custodiri
1139 3331 1211 3398 ieoit,
1230 3339 1259 3387 ut
1272 3348 1307 3388 ex
1322 3334 1362 3389 rei

320 3435 391 3488 exitu
420 3444 530 3487 rennues
555 3429 749 3484 honorarentur
772 3437 799 3486 et
822 3432 961 3489 naudaeus
986 3449 1034 3505 pro
1059 3435 1165 3488 erimine
1193 3435 1360 3504 punirentur.

319 3533 383 3590 curn
407 3547 473 3604 ergo
498 3532 700 3596 incrastinum,
723 3531 795 3602 quod
812 3533 927 3604 apostuii
947 3534 1149 3605 praedixerant,
1175 3536 1313 3591 euenisset
1335 3543 1362 3592 et

319 3633 371 3688 dur
388 3631 530 3687 incendere
548 3630 677 3685 roiuiseot
703 3631 855 3701 pontifices,
880 3632 1070 3705 prohibuerunt
1091 3633 1220 3704 apostati,
1247 3651 1282 3690 ne
1310 3635 1362 3691 hue

319 3733 410 3801 heret,
442 3746 498 3787 eun
524 3733 576 3801 ipsi
601 3745 653 3785 non
676 3732 796 3788 rirentes
824 3733 960 3800 ooeidere,
993 3733 1042 3789 sed
1076 3741 1192 3788 nonnos
1223 3735 1362 3793 ririieare

319 3835 392 3889 nrisri
412 3837 511 3890 essent
545 3828 621 3886 Tune
639 3830 691 3886 dun
710 3831 788 3888 raide
806 3836 930 3902 nniratue,
956 3833 1026 3908 qnod
1052 3849 1099 3890 eos
1122 3833 1204 3889 oooidi
1223 3849 1279 3890 oon
1296 3853 1363 3908 per-

318 3935 452 3989 mitterent
468 3936 495 3987 et
512 3933 576 4002 qnia
592 3930 625 3986 ds
643 3930 720 3986 bonis
739 3931 841 3988 iiioroot
860 3934 961 4007 aiiqnid
985 3936 1102 4007 recipere
1120 3933 1235 4001 noiient,
1255 3950 1304 3990 eos
1325 3937 1363 3992 ad

319 4047 408 4106 regern
426 4030 502 4086 duxit
514 4029 622 4087 dieena:
643 4032 697 4099 isti,
715 4047 773 4100 rex,
792 4040 853 4090 sont
870 4034 911 4090 iiii
932 4035 1045 4091 intentes
1065 4033 1092 4088 in
1109 4032 1200 4107 eiigie
1215 4032 1362 4092 hominurn.

319 4133 435 4203 Curaque
455 4129 510 4185 sibi
531 4132 619 4186 onnia
642 4130 828 4202 praesentibus
853 4135 996 4204 praedietis
1014 4135 1100 4207 nugis
1117 4140 1271 4201 narrasset,
1298 4137 1362 4192 zeiu

317 4231 434 4288 invidias
452 4231 522 4302 nragi
539 4232 660 4285 commoti
679 4230 802 4288 dtrernnt
819 4249 867 4290 eus
883 4235 1015 4306 naiigooa
1032 4249 1093 4290 osse
1105 4240 1132 4290 et
1143 4239 1235 4289 eontra
1246 4249 1362 4308 regnu

318 4331 453 4388 subtiliter
471 4331 600 4402 cogitare.
626 4329 698 4384 Dixit
717 4331 750 4386 iis
768 4332 836 4391 dnn:
859 4333 884 4391 si
901 4335 1022 4402 audetis,
1047 4349 1102 4391 eun
1122 4336 1156 4391 iis
1176 4334 1361 4408 ¹)ouniiigite.

368 4450 389 4504 i)
403 4447 443 4497 Ed.
456 4454 490 4494 i'r.
503 4447 664 4502 eoniiieere
678 4447 748 4497 oii'ert⁴
