2842 5286
301 430 363 492 232
538 433 610 510 Cup.
634 431 709 489 ΙΙΙΙ.
752 429 796 486 De
817 428 952 508 passione
974 425 1092 484 domini.

301 590 375 659 poris
393 596 451 643 erat
468 587 566 643 iiomse
584 585 653 640 iiiios
675 584 910 659 reginhardus,
930 598 1006 656 quem
1025 580 1151 635 sintiiter
1171 594 1219 633 rex
1239 579 1344 634 miseret

301 685 406 742 tionum
425 703 473 757 pro
493 686 614 739 tributis:
632 682 693 738 ionic
710 683 817 756 Pplntus
834 684 985 738 associatus
1002 695 1059 735 cun
1078 695 1109 735 sc
1123 679 1158 735 ab
1179 693 1212 734 eo
1229 679 1342 733 mentm

301 790 329 840 et
343 784 473 838 industrio
490 781 618 853 pracceiii
636 780 753 849 videret,
786 798 843 840 curn
867 779 984 834 invidiae
1003 777 1116 834 siimniis
1133 779 1256 850 agitatus
1274 779 1341 831 ocei-

302 881 349 936 dit.
385 881 513 936 Sericum
532 877 655 946 iionrcni,
681 879 744 951 quid
768 878 803 933 de
826 895 859 935 eo
883 877 1030 933 iaciendum
1055 882 1144 942 essct,
1172 877 1343 947 inquirerent,

303 979 441 1035 dixerunt:
468 979 513 1033 iric
531 979 553 1032 si
575 979 766 1048 supervixerit,
791 980 835 1051 qui
854 977 961 1032 iratrern
979 978 1098 1042 necavit,
1123 974 1248 1029 obsidem
1262 976 1341 1048 jugu-

303 1076 377 1144 isuit,
390 1078 554 1150 reipublicae
573 1075 793 1150 plurimumutiiis
808 1078 858 1131 erit
875 1075 901 1131 ei
913 1075 984 1130 coiis
999 1074 1125 1130 ferocium
1137 1074 1256 1130 hostium
1271 1074 1341 1130 ieros

304 1178 364 1246 ipse
380 1175 503 1231 domabit
543 1176 672 1231 Direrunt
688 1189 769 1246 ergo:
792 1190 848 1229 curn
869 1190 929 1229 reus
946 1176 1038 1228 mortis
1056 1171 1202 1240 iubemur,
1230 1175 1258 1228 in
1277 1175 1340 1231 Pon-

303 1281 348 1328 tos
364 1273 475 1328 insulsus
500 1275 624 1348 gentibus
648 1272 717 1339 iilis,
742 1288 810 1345 quae
827 1273 925 1328 mutium
950 1274 1084 1344 patiuntur
1104 1271 1241 1343 iudicem,
1263 1273 1342 1344 juder

304 1372 490 1444 praeficiatur,
513 1375 537 1427 si
556 1372 626 1428 torto
652 1373 711 1444 ojus
734 1372 853 1443 nequitia
875 1373 992 1442 ipsorum
1011 1372 1177 1424 contumacis
1201 1371 1341 1440 edomctm,

306 1472 330 1524 si
346 1487 414 1538 non,
438 1470 509 1542 quod
533 1473 640 1537 memit,
670 1473 794 1542 potiatur.
829 1468 930 1525 Missus
955 1471 1037 1542 igitur
1055 1468 1161 1539 Ppinius
1188 1469 1222 1523 ad
1242 1479 1342 1543 gentem

307 1568 422 1624 ferocem
441 1575 467 1624 et
484 1585 589 1624 suornm
606 1569 723 1642 indicum
742 1569 922 1640 percunteicom
942 1585 994 1624 non
1014 1569 1122 1633 inscius,
1141 1567 1177 1620 ad
1195 1585 1266 1640 qnos
1284 1575 1341 1625 mn-

305 1682 353 1721 sns
375 1670 410 1721 sit
435 1674 462 1723 ct
485 1683 561 1740 quarn
590 1666 706 1739 pendula
732 1669 804 1722 vitoe
826 1681 892 1722 suae
910 1669 1057 1736 sententia,
1084 1668 1164 1720 tacite
1183 1682 1238 1748 rem
1258 1671 1343 1723 oonsi-

306 1766 403 1822 dernns
421 1769 499 1820 vitum
517 1782 591 1821 suaso
610 1781 719 1821 serare
742 1765 825 1820 votuit
843 1771 869 1820 et
892 1771 997 1838 gentem
1015 1779 1126 1835 nequam
1145 1765 1205 1834 ipse
1225 1768 1303 1820 urinis
1321 1775 1344 1822 ei

306 1867 461 1933 promissis,
485 1864 614 1935 supplicio
640 1870 667 1919 ot
682 1865 770 1935 pretio
789 1865 894 1934 penitus
917 1863 1081 1935 subjugavit
1123 1862 1173 1924 Qui
1195 1863 1280 1934 igitur
1297 1872 1343 1919 tem

306 1964 389 2018 durae
405 1965 494 2036 gentis
513 1964 597 2016 uictor
612 1965 729 2029 exstitit,
748 1961 876 2017 aPontos
894 1961 981 2016 insuia
997 1961 1105 2015 Pontius
1128 1959 1237 2030 Psiatos
1254 1978 1344 2018 nomen

306 2064 416 2132 uocepii
451 2058 570 2117 iicrodes
594 2065 681 2114 autem
698 2057 811 2114 hominis
835 2059 907 2113 titius
924 2058 1077 2112 industriam
1095 2064 1124 2113 ut
1143 2058 1263 2124 audivit,
1288 2077 1344 2115 rer-

306 2162 385 2215 sutiis
402 2161 460 2232 eJus
477 2155 647 2230 congaudens
663 2161 722 2228 ipse
739 2165 860 2213 versutus
881 2173 938 2212 enm
950 2158 985 2211 nd
1004 2171 1034 2212 se
1048 2157 1200 2211 muneribus
1220 2164 1248 2212 et
1265 2160 1344 2214 inter-

306 2261 404 2314 nuntiis
423 2258 544 2313 inuitertt
561 2263 588 2312 et
605 2271 686 2326 super
703 2255 831 2312 Judaoorn
846 2263 872 2312 ct
884 2253 1031 2313 Jerusalem
1045 2261 1203 2327 potostctem
1222 2260 1249 2308 et
1267 2259 1345 2312 rice·

307 2373 380 2412 suam
396 2359 420 2414 ei
430 2355 549 2410 tradidit.
573 2354 623 2417 Qui
641 2369 696 2408 oum
708 2357 843 2424 pecuniam
855 2355 1068 2409 innumerabilem
1080 2361 1284 2426 congregasset,
1301 2371 1345 2411 ne-

307 2457 407 2511 sciente
425 2452 528 2508 iicrode
545 2451 652 2508 Romam
668 2451 736 2506 odiit
752 2458 779 2507 et
795 2451 919 2506 infinitam
944 2455 1079 2524 pecuniam
1097 2451 1215 2522 Tyberio
1234 2455 1346 2523 impora-

307 2554 360 2606 tori
377 2552 475 2607 obtulit
491 2559 518 2607 et
537 2549 570 2605 ab
590 2565 622 2605 eo
640 2548 694 2604 sibi
711 2549 779 2616 dari,
800 2549 870 2622 qnod
886 2552 919 2605 ab
940 2550 1044 2606 iierodc
1062 2550 1178 2614 tenebat,
1197 2552 1348 2614 muneribus

307 2652 465 2722 inpetrauit.
506 2647 693 2720 Huduscencdi
710 2661 794 2702 consa
812 2648 876 2702 iacti
895 2656 955 2703 sunt
976 2651 1071 2704 inimici
1094 2649 1201 2719 Ppiatus
1221 2659 1248 2706 et
1265 2651 1348 2707 itero-

309 2751 373 2816 des,
401 2747 574 2820 quoadusque
599 2753 719 2816 tempore
736 2749 869 2818 passionis
890 2746 988 2802 domini
1012 2761 1069 2803 eun
1086 2746 1139 2802 siit
1156 2751 1348 2816 reconciliarit,

309 2866 341 2903 eo
356 2847 426 2919 quod
446 2845 576 2901 dominun
595 2844 630 2900 ad
649 2861 679 2900 se
697 2847 777 2900 misit.
804 2846 866 2901 „iiic
883 2848 1134 2902 caussinimicitiae
1151 2849 1350 2920 assignaturus

309 2946 429 3017 hystoria
445 2945 613 3000 scholastico,
649 2942 762 3006 Quidam
778 2947 845 2998 eninr
865 2962 895 3000 se
914 2944 995 2999 itinn
1012 2944 1061 2998 iiei
1082 2944 1184 3000 inciens
1202 2937 1299 3001 multos
1318 2947 1351 3002 dc

310 3043 439 3100 Guiiiaets
453 3043 604 3109 seduxerat,
624 3057 690 3114 qnos
708 3056 764 3096 cunr
782 3044 808 3097 in
819 3035 932 3098 Gerizim
952 3042 1115 3108 deduxisset,
1132 3045 1178 3098 utri
1196 3042 1303 3101 dixerut
1321 3063 1351 3104 ss

310 3143 496 3199 conscensurum
513 3143 542 3196 tu
563 3140 678 3204 codun,
704 3143 893 3210 superveniens
918 3140 1024 3211 i’pintus
1042 3135 1127 3210 ipsum
1150 3155 1207 3197 cun
1231 3143 1352 3202 ennius

310 3240 409 3296 oceidit
428 3241 538 3306 timens,
563 3256 598 3295 ne
620 3239 742 3294 similitor
759 3239 875 3295 iudaeos
895 3239 1043 3294 seduceret.
1079 3239 1119 3296 0b
1140 3239 1191 3294 iroc
1210 3240 1275 3296 iacti
1293 3250 1354 3299 suut

310 3339 424 3404 inimici,
451 3340 513 3411 quia
532 3337 652 3392 Herodes
670 3335 840 3408 praesidebat
857 3337 997 3403 Gaiiiaeis,
1021 3344 1048 3392 et
1067 3344 1179 3409 utraque
1202 3353 1287 3394 consu
1303 3357 1353 3411 po·

311 3438 361 3490 tuit
378 3451 438 3491 esse
457 3451 527 3491 vera
563 3435 625 3490 Cum
643 3442 728 3491 auten
748 3435 854 3506 Ppiatus
873 3437 1002 3490 dominum
1022 3435 1132 3491 Jndnois
1148 3437 1354 3509 crucifigendum

311 3531 483 3599 tradidisset,
510 3535 604 3590 timens
628 3539 715 3589 nmen
736 3535 863 3590 oiionssm
881 3533 989 3605 Tuberti
1008 3532 1127 3588 Caesarii
1150 3549 1182 3588 eo
1201 3536 1271 3605 quod
1290 3551 1353 3591 oon-

312 3632 464 3686 dcmnasset
481 3635 633 3712 sanguinem
655 3633 830 3699 innocentem,
852 3630 980 3704 quendam
999 3631 1051 3686 sibi
1070 3631 1224 3686 ismiiinren
1244 3650 1292 3704 pro
1312 3637 1355 3690 sui

313 3731 483 3785 excusatione
506 3728 540 3784 ad
559 3729 699 3785 Caesarem
720 3729 870 3785 destinavit.
911 3729 1017 3784 interes
1033 3743 1088 3788 cnm
1112 3729 1243 3801 Tubertus
1262 3733 1356 3787 norbo

312 3829 387 3899 graui
406 3833 548 3892 teneretur,
567 3830 702 3883 nuntietur
718 3829 811 3886 eidem.
831 3827 901 3901 quod
913 3827 1095 3882 iiierosoiimis
1114 3829 1218 3899 quidam
1237 3829 1358 3884 medicus

314 3931 394 3990 essct,
412 3926 457 3996 qni
468 3941 557 3980 omues
568 3925 674 3980 morbos
694 3926 752 3980 scio
771 3927 852 3982 uerbo
872 3933 985 3992 coronet,
1004 3929 1127 3980 nesciens
1141 3925 1211 3996 qnod
1231 3943 1289 3981 euru
1303 3927 1356 3998 Pp·-

312 4025 382 4078 iatns
404 4029 432 4078 ot
453 4022 550 4079 Judsei
573 4023 741 4079 occidissent.
785 4024 858 4078 Dixit
881 4025 970 4095 itique
990 4023 1134 4079 t'oiusinno
1162 4023 1213 4078 sibi
1236 4026 1358 4094 priuato:

312 4123 389 4176 citios
408 4122 475 4177 vade
493 4127 565 4177 nans
585 4127 675 4192 portes
692 4124 806 4177 marinus
824 4121 950 4193 dicesque
966 4121 1072 4193 Pyicto,
1097 4129 1126 4176 ut
1142 4120 1212 4176 iuunc
1229 4121 1358 4177 medionon

313 4220 376 4275 nitri
394 4222 493 4286 mittet,
516 4221 561 4291 qui
578 4235 619 4273 mo
637 4222 765 4291 pristinae
783 4223 889 4275 sanitati
906 4222 1036 4276 mutuat.
1074 4220 1136 4275 Cum
1153 4225 1238 4274 nutem
1258 4219 1306 4274 iiie
1324 4220 1358 4273 nd

314 4317 429 4388 Pyiciuur
454 4319 571 4375 uenisset
590 4324 618 4373 et
634 4318 782 4374 mnndaiun
801 4321 967 4390 inperatoris
987 4321 1156 4391 exposuisset
1173 4317 1277 4384 eidem,
1303 4323 1359 4372 ter-
