2918 5302
298 481 361 544 olis
473 481 548 562 Cap.
571 477 686 538 cxiii.
726 478 772 537 Da
795 487 894 540 sauots
916 477 1029 538 lustina
1052 477 1170 558 uirgine.

300 639 408 711 peribus
433 642 461 694 ei
485 637 605 694 eoelestis
631 644 771 710 erogaret,
796 634 926 710 quendam
946 635 1119 707 presbiterum
1138 637 1228 704 misit,
1247 641 1276 691 ut
1295 635 1351 690 sibl

303 737 335 794 do
353 743 531 794 sacrosanctis
555 739 670 808 ipsorum
695 739 815 808 reliquiis
840 740 1000 808 asportaret.
1038 733 1124 807 ¹)Qoi
1149 750 1206 790 oum
1226 735 1352 807 reliquiis

303 839 452 908 impetratis
471 835 591 904 rediens,
617 834 676 890 dmm
695 837 770 893 uaris
789 845 847 890 oria
867 841 1023 908 tempestato
1042 837 1069 890 iu
1087 833 1145 890 laon
1162 834 1351 890 Laosaeuensi

306 939 420 1008 periret,
438 950 545 1007 oapaam
563 951 620 990 oum
640 935 759 1007 reliquiis
777 935 900 990 looiiirus
920 937 1046 1006 opposuit
1063 940 1090 990 et
1109 949 1169 989 rnou
1187 941 1283 990 secuta
1300 933 1353 988 ielt

305 1036 483 1108 tranquillitas
502 1047 608 1107 magna.
629 1065 659 1076 -
672 1065 711 1077 -
729 1065 764 1078 -
784 1039 823 1096 4.
843 1035 918 1091 inno
941 1033 1038 1088 domiui
1057 1030 1268 1098 mccccixiii,
1292 1047 1352 1088 eum

306 1135 412 1204 quidam
430 1133 549 1188 nouaolrl
571 1134 681 1189 obtorto
698 1133 788 1190 carnii
806 1148 824 1189 a
842 1134 953 1189 iiiooiao
973 1147 1045 1204 papa
1060 1147 1177 1204 corpora
1194 1134 1282 1188 sanoii
1299 1130 1352 1188 lir-

307 1233 369 1288 iraui
396 1249 481 1304 papae
505 1241 533 1288 ei
557 1235 643 1287 saneti
668 1232 785 1288 Tiberiii
807 1235 923 1288 muniris
947 1234 1132 1302 impetrassent
1156 1236 1183 1286 el
1206 1231 1352 1290 redeuutes

308 1340 457 1388 sanatorum
475 1335 608 1388 martirum
627 1333 766 1388 oooiesirm
787 1334 954 1398 visitassent,
980 1331 1013 1386 air
1040 1331 1138 1386 abbata
1160 1336 1186 1386 ei
1211 1331 1353 1387 monaoiie

309 1433 497 1502 impetrarunt,
522 1437 550 1487 rt
575 1446 671 1502 eorpus
694 1435 779 1486 sauoti
795 1430 916 1486 Maurilii
941 1439 968 1486 et
993 1437 1072 1502 sapui
1096 1431 1180 1485 senoil
1203 1429 1353 1486 innocentii

308 1530 380 1602 apud
405 1525 617 1586 autissiodorum
640 1533 665 1584 ir
689 1531 819 1597 eooiosia,
848 1545 925 1602 quam
952 1536 1060 1586 sauotus
1082 1525 1229 1585 Germanus
1252 1530 1354 1586 eisdem

310 1630 462 1686 mnitibus
480 1628 576 1685 dudum
596 1628 779 1696 dedicaverat,
806 1635 1026 1701 transportarent
1048 1659 1077 1672 -·
1098 1657 1128 1672 ·-
1146 1657 1183 1670 -
1204 1633 1241 1690 ὅ.
1261 1627 1354 1686 Refert

308 1727 403 1786 Petrus
423 1731 558 1792 Damiaui,
583 1729 653 1802 quod
672 1731 698 1783 iu
714 1728 869 1802 Burgundio
886 1735 943 1784 erat
960 1728 1066 1801 quitiam
1086 1729 1200 1784 olerlorm
1217 1730 1353 1800 superbae

311 1834 339 1884 et
355 1828 530 1890 ambitiosus,
563 1830 608 1899 qui
634 1832 763 1899 quandam
783 1829 921 1885 eooiesianr
952 1831 1037 1884 sauoti
1060 1827 1178 1885 Maurliii
1203 1828 1256 1883 riti
1275 1845 1356 1885 usur·

310 1936 437 2001 pareret,
466 1925 579 1998 quodam
611 1932 717 1997 potente
741 1928 824 1985 millis
848 1927 902 1983 sliri
927 1929 1063 1999 plurinum
1089 1927 1246 1984 obsistente.
1288 1929 1354 1985 iiam

311 2036 398 2084 autem
417 2027 528 2096 quadam
547 2027 591 2082 dio
611 2028 693 2082 misse
715 2033 867 2082 cantaretur
884 2036 911 2083 et
930 2029 956 2082 iu
975 2027 1025 2083 ine
1045 2025 1178 2099 euangelii
1204 2027 1356 2086 diceretur:

312 2129 414 2195 omnis,
436 2118 484 2198 'qui
507 2141 536 2181 so
562 2125 674 2191 exaltat,
702 2125 897 2188 humiliabitur,
922 2125 1016 2181 derisit
1036 2128 1118 2180 miser
1135 2135 1161 2180 et
1178 2128 1230 2180 ali:
1259 2126 1356 2184 laisum

311 2231 371 2292 est,
388 2240 448 2281 nam
466 2229 490 2280 si
508 2241 559 2299 ego
578 2227 643 2280 ruris
661 2223 782 2280 hostibus
801 2241 841 2280 ure
860 2224 1054 2292 humiliassem,
1079 2231 1120 2278 tot
1144 2223 1224 2280 lrodie
1246 2227 1358 2284 divitias

313 2327 444 2380 eooiesiao
471 2340 523 2380 non
548 2322 680 2380 haberem.
715 2323 747 2379 Ei
771 2339 833 2380 ecoe
858 2324 957 2379 fulmen
978 2325 1065 2380 instar
1085 2323 1170 2397 gladii
1189 2325 1214 2378 in
1235 2340 1268 2379 os
1287 2328 1358 2398 elue,

313 2439 361 2494 per
393 2424 462 2495 quod
494 2422 672 2495 blasphemias
703 2423 785 2479 rerba
815 2426 944 2490 euomuit,
974 2425 1094 2478 introivit
1122 2429 1150 2479 st
1177 2422 1267 2479 seirlto
1299 2441 1357 2482 eum

314 2524 449 2580 exstinxit

640 3014 736 3111 iii.
770 3013 895 3114 iiiii.
926 3017 1040 3116 (iit.)

471 3166 547 3237 lio
579 3167 748 3236 annoto
774 3165 976 3240 sustine
995 3165 1202 3260 virgine.

381 3329 486 3386 lustina
505 3333 641 3404 ajusiliia
659 3333 732 3387 diota
748 3337 808 3397 ost,
832 3333 892 3401 ipsa
908 3333 976 3387 erim
994 3348 1044 3404 per
1057 3333 1188 3404 justiliam
1208 3331 1361 3402 uniruique,

316 3429 386 3499 qood
406 3445 480 3484 suurn
500 3437 549 3494 ost,
571 3431 702 3498 reddidit;
720 3431 824 3486 soiiioot
841 3429 897 3486 ileo
915 3428 1105 3502 obedientiam,
1126 3430 1259 3502 superiori
1277 3443 1361 3500 prae-

315 3527 371 3582 lato
393 3530 582 3597 reuerentiam,
610 3532 667 3598 pari
693 3530 876 3597 oonoordism,
901 3529 1022 3586 interiori
1040 3530 1222 3601 disciplinam,
1246 3529 1361 3584 ininiols

314 3627 479 3698 patientiam,
498 3629 602 3684 miserie
616 3637 642 3684 ot
655 3627 763 3683 aldionis
777 3630 1012 3700 ¹)oompaseiousm
1032 3644 1182 3701 operosam,
1196 3626 1247 3681 sliri
1259 3620 1362 3682 assoti-

315 3728 427 3783 moulem
447 3733 473 3781 et
491 3727 617 3797 proximis
635 3729 780 3784 uanitatem.

381 3825 487 3883 iastius
511 3830 586 3899 virgo
609 3825 642 3880 de
661 3827 767 3882 olritato
784 3826 951 3894 Antioohiae,
976 3825 1030 3883 iiia
1049 3827 1198 3883 saooedotis
1212 3825 1362 3896 ydolorum,

316 3923 435 3994 quotidie
452 3925 487 3982 sd
506 3924 647 3980 leuostrarn
667 3925 764 3980 sedens
782 3923 900 3981 Proolum
921 3925 1063 3997 dyaoouem
1081 3925 1247 3998 evangelium
1265 3926 1362 3998 legen·

316 4031 367 4078 iem
387 4023 528 4090 audiebat,
552 4039 569 4079 a
592 4039 644 4096 quo
671 4023 774 4078 taudem
792 4039 921 4081 oaorem
937 4032 986 4081 est.
1023 4022 1098 4088 lluod
1115 4039 1173 4080 onor
1190 4032 1275 4081 mater
1291 4028 1362 4096 patri

317 4123 343 4177 in
362 4122 431 4180 laeto
450 4122 588 4178 retulisset
606 4120 729 4178 etauio
748 4123 949 4192 dormivisseri,
975 4123 1096 4180 Cirrirtre
1114 4139 1171 4180 oum
1190 4123 1295 4196 angelis
1313 4140 1361 4196 ep·

316 4221 404 4293 paruit
427 4223 462 4277 iis
485 4221 590 4278 dioensr
614 4223 701 4276 senile
727 4221 759 4276 sd
783 4237 823 4279 ms
848 4229 875 4278 et
899 4223 968 4278 dairo
994 4223 1071 4281 robis
1091 4239 1199 4297 reguum
1217 4224 1362 4284 coelorum.

365 4371 442 4428 istd.
457 4375 502 4418 Pur
521 4383 602 4425 quern
617 4385 636 4416 o,
651 4385 669 4416 r.
684 4368 857 4425 impetrans.
921 4371 998 4424 titii.
1012 4377 1048 4416 i’r.
1062 4371 1288 4418 eonoessioneur
1308 4371 1363 4425 iqir

315 4444 338 4484 ei
353 4450 421 4484 rores
436 4435 527 4484 ullinras
541 4444 569 4484 et
584 4461 605 4473 -
621 4437 784 4484 eeritaiem
798 4438 889 4486 amitiit.
