2842 5286
333 461 394 525 228
569 465 643 542 Cap.
664 462 737 521 Lttt.
781 463 824 519 De
849 461 983 540 passione
1004 458 1125 516 donnini.

335 631 384 678 tom
404 619 576 685 commendat,
594 616 770 674 obedientiam
789 616 888 689 inplet,
907 618 1041 672 caritate·
1059 612 1172 686 nerdoit.
1204 608 1235 666 lu
1249 609 1292 664 iris
1303 623 1364 664 aea·

332 737 367 792 pe
383 723 506 775 uirtutum
529 719 638 790 gemmis
658 723 770 789 quatuor
792 717 879 771 omnis
904 729 1004 770 corsua
1022 720 1151 769 ornantur
1175 717 1205 766 et
1230 709 1364 778 superem-

333 822 438 874 nentior
454 820 568 884 caritas,
595 831 612 871 a
636 816 739 871 dextris
765 813 933 878 obediontia,
958 815 1107 868 asinistrta
1130 809 1278 882 patientta,
1302 805 1365 860 rudia

334 919 447 973 omniunt
463 917 586 970 uirtutum
602 913 736 969 ltumilitaa
754 917 780 968 irs
797 911 937 983 profundo.
962 911 1032 966 ilaue
1049 913 1147 975 omnia,
1166 923 1239 979 quae
1259 903 1366 960 canses

334 1030 430 1087 passm
448 1022 498 1080 est,
515 1011 666 1068 Bernartius
682 1011 800 1066 breviter
819 1009 952 1083 recolligit
969 1008 1075 1064 dioens:
1092 1023 1195 1063 memor
1209 1021 1269 1072 ero,
1287 1018 1365 1076 quau·

334 1113 503 1179 dissiluere,
522 1111 656 1176 laborum,
676 1125 743 1182 quos
761 1109 868 1180 pomulit
887 1111 914 1162 in
931 1106 1124 1179 praedicando,
1145 1107 1331 1177 latigatlonun
1345 1105 1366 1156 ir

333 1210 516 1276 ditourrerrdo,
535 1209 682 1283 vigiliarum
694 1210 720 1262 in
732 1206 842 1273 orando,
857 1209 1029 1262 tentationum
1042 1207 1066 1258 in
1076 1203 1238 1276 jejunando,
1250 1204 1367 1273 lacrym-
1420 1191 1421 1208 ¹

334 1329 390 1368 rum
406 1314 432 1366 to
450 1307 649 1381 dementiendo,
668 1305 821 1361 insidiam·
838 1308 865 1360 tu
883 1302 1067 1376 oolioqueudo,
1085 1308 1223 1374 poemiae
1244 1301 1367 1356 eourioio·

335 1427 399 1476 rum,
418 1417 562 1480 sputorum,
580 1404 758 1476 colaphorum,
775 1404 1016 1469 subsaanatlooaru,
1030 1401 1175 1468 olarorrrur,
1188 1399 1367 1472 oupmbratio·

334 1525 402 1564 auur.
428 1507 622 1578 Tertiopassio
633 1507 691 1576 ejus
704 1503 754 1559 luit
771 1503 887 1559 utilitato
904 1500 1043 1572 multipiici
1062 1499 1209 1565 fructuosa,
1231 1499 1308 1571 eolus
1324 1499 1368 1552 utl-

333 1608 396 1663 titas
412 1613 501 1678 potest
518 1619 578 1660 aare
596 1603 702 1674 triplex,
718 1601 819 1658 seiltoet
835 1609 1001 1674 poeoniorum
1017 1603 1150 1666 mnissio,
1168 1601 1279 1673 gratias
1295 1596 1368 1652 rollo

333 1708 372 1760 tio
391 1712 418 1760 et
438 1704 542 1776 gloriae
559 1700 700 1764 exhibitio,
719 1707 746 1757 et
763 1700 830 1756 isaeo
847 1702 901 1756 tria
917 1707 1041 1757 notantur
1058 1703 1086 1756 im
1100 1700 1181 1755 titulo
1200 1700 1300 1762 eneis,
1317 1698 1369 1768 quia

332 1803 412 1860 lesus
429 1818 481 1874 quo
498 1801 533 1856 ad
550 1802 668 1872 primurn,
686 1798 838 1855 Nararsuus
856 1817 907 1873 quo
926 1800 962 1854 ad
974 1799 1126 1866 seeundum,
1146 1814 1195 1854 reu
1207 1797 1369 1860 tuomum,
1406 1801 1407 1814 ¹

334 1918 386 1974 quo
403 1902 438 1957 ad
455 1902 568 1963 tortium,
587 1899 650 1968 qula
665 1896 703 1950 ihi
722 1899 818 1952 sriuua
836 1913 925 1953 omnes
944 1914 1032 1971 regas.
1067 1897 1107 1953 lle
1123 1898 1184 1968 ejus
1201 1896 1319 1951 utilitate
1334 1893 1367 1948 dl-

333 2002 370 2056 eit
391 1999 569 2072 Augustinus:
596 1995 698 2067 eulpam
727 1996 827 2051 delerit
851 1996 972 2052 Christus
993 2003 1177 2067 praesentem,
1204 1997 1366 2066 amemrttau

334 2106 362 2154 et
375 2097 497 2164 laturam,
512 2095 655 2166 praeterita
671 2100 781 2163 poeonia
797 2095 859 2149 tulit
875 2108 908 2151 ea
926 2094 1097 2160 remittendo,
1114 2097 1274 2166 praesentia
1293 2093 1367 2148 ioui-

335 2212 382 2251 nes
400 2195 433 2250 ait
445 2197 479 2249 iis
490 2194 660 2260 retrahendo,
677 2194 766 2249 lutura
777 2196 898 2265 gratiam,
915 2209 968 2266 qua
978 2197 1129 2261 vitarentur,
1144 2192 1317 2250 conterendo.
1334 2189 1366 2246 tte

334 2297 392 2366 ejas
403 2296 482 2348 etiam
491 2293 605 2348 utilitate
616 2292 681 2347 dieit
688 2293 869 2376 Augustiana:
888 2291 1054 2361 admirentur,
1069 2293 1241 2366 gratulemur,
1252 2305 1366 2352 amum,

334 2391 478 2457 laudemus,
496 2391 645 2456 adoremus,
659 2393 780 2462 quoniam
791 2407 839 2461 per
850 2390 1007 2446 redemtoris
1018 2395 1102 2448 nostri
1119 2399 1229 2447 mortem
1249 2390 1285 2446 de
1301 2398 1366 2444 teue-
1420 2389 1421 2400 ¹

333 2491 390 2545 luris
408 2488 442 2543 ad
459 2489 558 2556 luoerr,
577 2489 611 2544 de
629 2495 714 2544 ruorte
730 2488 765 2542 ad
782 2489 880 2556 ulmus,
905 2489 939 2544 de
956 2493 1124 2564 corruptions
1142 2489 1177 2545 ad
1195 2490 1366 2558 incorruptio·

334 2604 408 2652 noro,
433 2587 466 2643 do
486 2587 582 2643 exsilio
602 2587 635 2642 ad
655 2589 782 2658 patriam,
815 2585 849 2642 de
872 2587 943 2642 iaetu
965 2587 999 2644 atl
1024 2589 1148 2661 gaudium
1168 2591 1258 2644 roeutt
1278 2600 1366 2643 sura.

334 2686 416 2749 Quam
435 2685 508 2741 utilia
526 2695 612 2742 autem
630 2685 722 2740 modna
741 2692 849 2741 neutrae
868 2686 1038 2743 redemtionis
1058 2687 1146 2755 tuerit,
1163 2694 1239 2760 patet
1257 2703 1291 2743 ex
1309 2699 1367 2758 quu-

332 2793 393 2840 tuor
420 2785 580 2850 rationibus,
618 2784 744 2839 uidelicet
766 2786 829 2856 qnia
856 2783 906 2839 luit
931 2787 1132 2855 acceptissimus
1156 2785 1192 2841 ad
1218 2784 1367 2856 placanda!

333 2884 431 2951 ileum,
458 2886 710 2956 oongruenttssimus
735 2883 770 2938 ad
793 2883 936 2938 rorandum
958 2884 1090 2951 morbum,
1113 2884 1315 2941 efficacissimus
1338 2883 1368 2938 ad

333 2982 515 3039 attrahendum
533 2997 618 3056 genus
636 2981 790 3047 humanum,
815 2980 1035 3054 prudentissimus
1054 2983 1089 3037 ad
1106 2983 1309 3055 expugnandum
1324 2984 1367 3038 irr-

331 3083 402 3137 uraui
418 3083 526 3155 geraris
545 3081 683 3136 iniustorum.
727 3079 813 3135 Prlno
831 3096 896 3153 ergo
914 3079 964 3134 luit
980 3083 1180 3152 nocentissimus
1206 3082 1239 3137 ad
1264 3081 1368 3153 placau-

332 3179 391 3234 durr
411 3187 439 3234 et
456 3177 675 3235 reoonriitandurr
692 3178 791 3245 Beum,
825 3163 888 3250 qaia
904 3180 974 3233 sient
997 3177 1060 3234 dteit
1077 3180 1218 3236 dusslum
1242 3183 1271 3236 iu
1289 3179 1369 3236 libret

331 3291 379 3332 oar
394 3277 467 3333 lless
484 3276 579 3340 hono,
609 3275 675 3331 nihil
701 3279 824 3347 aspertus
843 3282 870 3332 ot
897 3275 1032 3332 difficilius
1058 3285 1146 3349 potest
1162 3278 1241 3334 hono
1265 3284 1321 3351 pati
1338 3277 1370 3334 ad

332 3373 457 3431 honorem
477 3374 528 3432 Ilei
546 3382 640 3445 sponte
658 3382 685 3430 et
703 3391 755 3429 uorr
772 3391 805 3430 eu
823 3374 914 3430 debito
932 3391 1009 3448 quam
1027 3382 1146 3443 morton,
1165 3384 1192 3434 et
1208 3393 1371 3450 nequaquan

332 3475 418 3546 aragia
443 3471 521 3527 lrosao
546 3478 638 3544 potest
660 3489 690 3528 se
711 3472 777 3528 dare
795 3489 871 3544 quam
895 3489 952 3529 oure
977 3490 1007 3530 se
1031 3478 1108 3530 nortl
1127 3474 1208 3531 tradit
1226 3475 1261 3532 ad
1288 3477 1370 3533 lrouo·

332 3583 387 3628 rem
404 3572 498 3642 ipsius.
543 3568 577 3625 Et
599 3569 649 3626 hoo
675 3578 730 3637 est,
757 3572 827 3644 quod
852 3572 949 3628 dieitur
971 3571 1069 3644 Epiros.
1093 3572 1130 3628 l':
1155 3573 1268 3630 tradidit
1290 3582 1371 3632 senet

332 3671 417 3740 ipsura
442 3667 603 3724 oblatione·
632 3677 659 3724 et
682 3669 795 3725 hostiam
813 3671 869 3726 ileo
892 3673 918 3725 io
937 3670 1045 3727 odorere
1072 3669 1219 3728 suauitatis.
1255 3673 1372 3737 Qualiter

333 3773 420 3822 uuum
438 3765 489 3820 luit
505 3765 662 3823 sacrificium
679 3783 729 3822 nos
745 3769 802 3824 lino
820 3769 930 3840 planans
947 3777 975 3825 st
991 3771 1179 3836 reoouollians,
1198 3772 1265 3826 dieit
1281 3771 1372 3844 ,lugu-

321 3866 418 3920 vattuua
436 3866 463 3919 iu
479 3865 550 3920 lituro
567 3865 602 3921 de
617 3867 750 3921 minitata:
779 3867 841 3939 quid
866 3875 917 3922 tam
936 3875 1014 3941 grate
1039 3870 1138 3939 soaeipt
1163 3876 1273 3940 posset,
1297 3885 1372 3941 qua·

335 3978 397 4019 earo
416 3961 541 4018 saerilrolt
558 3967 641 4019 nostri
658 3979 754 4035 eorpus
773 3965 892 4020 ellectum
912 3966 1061 4023 sacerdotis
1079 3969 1184 4022 nostrii
1201 3965 1234 4022 llt
1250 3973 1373 4040 quonian

334 4067 449 4134 quatuor
464 4062 665 4118 oonsiderautur
682 4065 709 4118 in
726 4064 797 4118 oront
814 4061 962 4118 sacrificio:
981 4067 1022 4120 ool
1039 4065 1174 4133 odoratur,
1193 4068 1257 4138 qnid
1275 4068 1374 4123 odera·

333 4165 391 4226 tur,
416 4175 465 4232 pro
483 4159 578 4232 qulbus
598 4161 736 4224 odoratur,
763 4168 790 4216 et
808 4163 868 4232 quia
886 4161 996 4230 oderat,
1024 4163 1093 4220 iden
1111 4166 1169 4236 ipse
1187 4181 1254 4220 unus
1274 4167 1374 4221 utrius-

335 4273 386 4329 que
406 4257 536 4313 mediator
552 4273 600 4328 per
624 4257 780 4314 sauritioium
799 4262 873 4331 panis
897 4261 1073 4317 roeoneiilamr
1091 4279 1140 4318 nou
1157 4262 1214 4319 lieo
1239 4279 1297 4318 oum
1314 4266 1375 4335 ipso

334 4360 467 4421 manent,
492 4357 536 4409 out
554 4355 698 4424 olteroluat,
722 4374 798 4414 unum
816 4359 842 4413 in
861 4373 892 4412 se
909 4358 1028 4424 laoorot,
1055 4375 1103 4430 nro
1122 4361 1217 4433 quibus
1235 4361 1375 4426 sommas,
