2866 5310
286 426 348 490 790
483 433 556 512 Cep.
581 432 725 494 ccxiiii.
766 435 812 494 De
833 442 932 494 sancte
954 431 1120 496 contortos.

287 601 364 659 quen
379 601 510 660 cooperer
523 592 557 648 ni
569 591 755 650 ntexrnirten
769 601 940 660 convocaret,
959 599 988 648 ot
999 591 1086 666 yioiis
1098 588 1284 656 immolarent,
1301 597 1331 646 st

288 685 448 745 christianos
461 691 595 748 innoiere
605 692 725 752 nolentes
743 697 857 766 puniret,
875 693 1026 761 Gstlerino,
1043 708 1099 748 euno
1113 698 1329 749 essetenuonuss

290 785 379 844 lecese
398 793 425 845 nt
436 797 495 845 octo
510 799 536 848 et
550 794 577 848 in
586 792 687 864 peletio
701 793 800 851 iieitiis
817 802 845 852 et
861 795 950 868 pueris
969 793 1049 866 pleno
1065 793 1125 848 sois
1143 792 1329 856 rensuslsssi,

289 887 401 946 audieus
417 892 566 949 sninsiionu
584 892 749 950 diversorum
768 899 884 969 nngitns
902 901 930 952 et
945 896 1102 951 cantantium
1118 893 1227 966 nicusus
1242 891 1331 970 nisso

289 987 353 1046 iiiuc
374 993 465 1046 nuntio
489 994 586 1065 inquiri
606 995 689 1066 jussit
715 994 854 1063 celeriter,
883 992 946 1068 quil
970 994 1022 1051 iuoo
1045 1001 1125 1052 esset
1166 991 1243 1058 Quot
1269 1007 1328 1048 ou·

289 1088 441 1172 didicisset,
465 1095 591 1149 sssontis
612 1093 744 1167 aliquibus
768 1094 801 1151 ule
823 1097 925 1168 nsietin
948 1099 1026 1171 signo
1046 1095 1133 1151 crocis
1157 1109 1187 1150 ss
1207 1094 1330 1150 nonieos

290 1189 354 1247 illuc
373 1195 487 1248 emensis
502 1193 592 1267 ibique
608 1193 703 1250 nultos
717 1193 877 1252 christianos
892 1203 961 1253 nuein
971 1199 1062 1252 nortis
1075 1195 1109 1252 ui
1120 1194 1251 1251 sscniicis
1266 1191 1330 1249 loci

291 1294 437 1361 conspexit.
475 1292 548 1357 Quae
568 1293 713 1351 vehensnti
733 1293 826 1353 dolone
841 1296 930 1352 coriis
951 1299 1071 1352 suocieto
1088 1295 1122 1351 oi
1140 1298 1328 1366 inpensiore·

291 1389 420 1448 euiucter
429 1407 460 1448 se
471 1394 587 1468 ingessit
599 1401 626 1450 et
638 1395 677 1449 sic
687 1399 738 1452 site
757 1395 942 1455 ssiutetioosn
961 1397 1010 1452 tibi
1023 1395 1153 1467 prolerre,
1171 1397 1330 1466 impensior,

292 1497 320 1546 et
335 1489 437 1548 ordinis
456 1492 573 1566 digniter
590 1501 618 1552 et
636 1497 747 1553 notionis
766 1499 810 1553 ets
828 1497 1031 1569 nroenuoucisst,
1055 1499 1077 1552 si
1099 1501 1246 1553 cccccccccc
1265 1509 1331 1552 soe·

293 1587 377 1648 lorosu
392 1591 554 1667 agnosceres
566 1599 592 1650 ot
605 1608 622 1649 u
634 1593 692 1650 iliis
706 1599 819 1653 solmon
831 1611 978 1654 reuocaret.
1001 1597 1135 1670 Stansque
1147 1601 1210 1651 unte
1219 1597 1331 1670 isone·

289 1693 379 1766 tempii
403 1709 452 1766 per
469 1696 558 1751 uerius
575 1695 757 1753 conclusiones
774 1697 985 1772 syllogismorum
1002 1697 1148 1772 oiiegouice
1165 1701 1193 1751 et
1213 1697 1333 1768 ‘insis-

294 1793 424 1866 plorios‚
447 1793 547 1852 diserte
565 1802 593 1853 et
609 1799 717 1870 mystico
733 1798 815 1854 multu
833 1813 889 1855 cusu
909 1797 1023 1860 Cessero
1041 1797 1194 1869 disputavit.
1229 1795 1334 1854 neinle

293 1895 402 1952 ruilione
420 1896 456 1953 el
473 1911 607 1952 ooroououe
624 1896 783 1970 ooiioquiun
808 1898 889 1954 elisit:
914 1899 983 1955 insse
1002 1898 1051 1953 ttici
1073 1904 1197 1970 mouere
1214 1898 1333 1969 sepienti

292 1997 415 2067 prolerre
441 1997 547 2064 cursui,
575 2012 645 2053 nunc
676 2006 762 2056 auteur
792 2014 874 2070 querc
905 2001 1036 2054 incesset·
1062 1999 1237 2075 congregssti
1263 1995 1336 2052 isne

292 2096 483 2155 multitudinem
502 2097 537 2153 uti
556 2096 694 2155 colonien
713 2099 849 2156 stultitiam
866 2098 1023 2170 ydolorum?
1056 2097 1166 2156 liiiruuis
1189 2096 1241 2152 iuoo
1265 2101 1334 2152 tenu-

295 2195 364 2267 piuuo
385 2211 462 2253 nuno
481 2198 606 2254 criticum
625 2205 778 2270 coensium,
801 2200 906 2254 uolueris
933 2203 1086 2255 ornsneoiu
1105 2198 1247 2269 pretiose,
1265 2211 1336 2269 quse

293 2296 366 2353 uelut
396 2295 482 2370 puluis
509 2305 570 2355 ente
602 2297 695 2356 iscis·
726 2299 798 2354 renti
821 2304 906 2356 erunt.
946 2297 1048 2355 iiiirere
1070 2298 1157 2369 potius
1178 2294 1282 2352 coelun
1309 2303 1337 2352 et

295 2405 410 2466 teneor,
436 2411 507 2456 nere
533 2403 560 2456 et
577 2401 678 2466 otonis,
701 2413 768 2472 ques
787 2401 813 2454 in
832 2401 865 2453 iis
883 2404 959 2463 sunt,
982 2402 1079 2454 ninere
1100 2403 1254 2454 nmenents
1272 2412 1337 2454 coe·

294 2495 396 2565 inmun,
415 2498 498 2555 soleto
517 2496 641 2555 vilelicet
656 2507 684 2555 et
694 2498 781 2556 isnesn
795 2497 944 2572 etstsiiss;
961 2501 1058 2555 nirsre
1071 2496 1221 2553 ienuiutuus
1233 2511 1336 2566 corun,

295 2599 410 2671 qusiiter
427 2615 444 2654 s
460 2599 547 2656 nonii
566 2599 642 2654 initio
657 2581 786 2675 unquenti
802 2598 877 2655 insto
891 2605 968 2655 nocte
982 2603 1009 2654 et
1022 2597 1066 2654 tile
1088 2603 1196 2654 currunt
1212 2597 1248 2653 sei
1264 2600 1338 2654 ucci-

297 2697 402 2756 elenteus
419 2706 446 2755 et
464 2696 575 2756 reiennt
588 2695 622 2754 etl
637 2702 763 2756 orientem
776 2713 824 2756 osc
836 2713 947 2770 uoquoou
967 2698 1127 2772 inligentur,
1146 2703 1173 2754 et
1192 2712 1249 2754 cun
1269 2697 1338 2756 iussn

297 2799 531 2868 animadverteris,
555 2802 691 2874 interrege
710 2807 737 2857 st
753 2799 843 2866 itone,
870 2800 929 2870 quis
948 2801 983 2854 sit
1000 2804 1089 2856 soron
1106 2802 1255 2869 potentiore
1280 2815 1336 2854 oon

297 2907 382 2957 sntcun
402 2902 486 2973 insutu
506 2903 565 2973 ipso
583 2899 698 2958 dononio
717 2900 880 2956 intellexeris
900 2914 948 2955 uro
964 2899 1074 2956 siniioun
1094 2898 1132 2953 iiii
1151 2901 1271 2956 iuvenire
1289 2915 1337 2956 rs·

297 3001 395 3066 lucris,
420 3003 504 3071 ipsun
524 3000 623 3068 ulons,
645 3003 730 3074 ineunt
749 2999 885 3074 glorifice,
909 3001 968 3070 ipse
991 2999 1058 3055 enin
1075 2998 1204 3056 ereneus
1223 2998 1336 3056 ilem

299 3107 326 3158 et
336 3100 458 3158 lestines
470 3099 665 3160 loninsoiinn.
701 3100 815 3173 cunque
827 3099 861 3156 tie
873 3098 921 3155 titt
932 3101 1113 3155 internetione
1124 3101 1262 3171 supienter
1277 3099 1336 3172 pio-

301 3203 367 3259 rinuu
385 3201 566 3272 disputsssei,
584 3191 747 3273 stopslcctus
766 3201 866 3256 linem
882 3216 935 3256 nou
952 3199 1036 3256 veluit
1053 3198 1088 3254 ed
1103 3198 1154 3255 luoc
1166 3199 1339 3272 respondere,

301 3301 405 3358 tunieu
431 3299 467 3356 ei
491 3317 521 3363 se
545 3318 667 3358 resonos
691 3301 759 3356 dixit
781 3298 815 3356 ul
842 3314 912 3358 een:
939 3301 1012 3365 sioe,
1038 3313 1054 3354 o
1079 3297 1185 3368 nouiter,
1212 3301 1272 3356 sion
1289 3314 1339 3356 sss

301 3403 377 3458 linire
399 3401 555 3458 sseriloiuou
582 3409 608 3460 et
632 3409 694 3474 post
721 3401 773 3457 iuoc
796 3401 846 3464 tibi
869 3398 1169 3471 responsonslleouus.
1199 3398 1342 3474 i‘rueespit

302 3505 401 3576 igitur,
420 3519 477 3560 esus
495 3503 530 3559 ssi
551 3502 678 3575 peletiunu
696 3503 754 3558 duci
773 3510 800 3557 et
819 3517 876 3556 onus
894 3500 1034 3572 diligentis
1051 3498 1189 3566 emoliri,
1204 3499 1341 3556 sinimus

301 3607 406 3660 ninnionu
417 3607 475 3676 ejus
487 3603 650 3675 punienttnn
662 3610 688 3660 st
698 3603 816 3674 corporis
824 3599 1050 3673 pulchritudinem.
1067 3597 1133 3658 Enet
1143 3603 1209 3657 enirn
1217 3603 1344 3672 coenoso

303 3703 420 3764 enitent
431 3704 582 3762 incredibili
600 3701 795 3775 pulchritudino
812 3703 923 3758 omniurn
944 3701 1027 3758 oculis
1044 3699 1211 3757 sdntirshilis
1230 3700 1342 3756 riuiels·

302 3816 346 3862 tor
360 3812 387 3862 et
400 3809 529 3878 gratiose.
564 3804 779 3876 Veniens'igiton
788 3801 889 3860 cteser
901 3801 935 3858 ui
946 3802 1073 3875 'pristinus
1088 3801 1157 3857 elisit
1169 3799 1342 3858 Cntlerinue:

301 3906 450 3962 sniielnus
468 3905 734 3978 toeuu'eioqueotietn
754 3911 781 3960 et
798 3906 884 3960 ninii
902 3919 991 3960 sununs
1007 3901 1077 3959 tusus
1097 3899 1276 3974 patentius.
1293 3900 1343 3958 seui

303 4009 330 4062 io
356 4005 471 4064 lieorusu
495 4005 633 4062 sscriiclts
658 3985 781 4078 oocupni
798 4005 886 4060 otunltt
901 3989 980 4075 piens
997 4004 1149 4076 intelligere
1165 4003 1343 4074 concinnus,

303 4122 370 4162 ouon
397 4113 481 4162 nutent
507 4107 541 4162 eb
569 4109 644 4162 initio
670 4108 823 4179 progeniosi
842 4113 911 4162 toonu
930 4107 1093 4178 neqotnines.
1128 4102 1161 4161 Bt
1176 4112 1271 4162 sonno
1290 4103 1343 4161 ils-

303 4205 408 4263 tiueriou
430 4206 466 4262 ei
492 4204 556 4262 luce:
581 4209 705 4279 scriptun
724 4211 781 4276 est,
804 4221 854 4264 oeo
872 4212 898 4264 ts
915 4205 1053 4262 colisuuiet
1074 4219 1124 4264 uec
1147 4213 1174 4263 ts
1192 4207 1344 4280 misereris

352 4429 375 4482 i)
387 4427 446 4472 sitta
459 4427 649 4482 metonymice
663 4427 746 4482 losoni.
