2828 5302
176 469 252 544 Cap.
274 464 488 524 ccxxxvut.
531 464 577 522 De
598 473 697 522 sancto
720 463 854 524 Anselmo
876 464 1025 544 episcopo.
1068 462 1127 527 951

89 625 136 670 sed
149 623 219 668 ultrix
230 634 311 667 mersus
324 620 413 666 domini
425 622 469 665 hoo
482 620 618 678 impunitum
631 635 677 666 non
690 620 796 677 pertulit,
809 636 862 666 nnus
874 635 932 664 sinus
945 637 973 665 ex
986 622 1014 666 iia
1028 623 1074 666 ictu
1087 622 1133 667 tnt-

90 694 152 746 auris
169 691 271 744 interiit,
285 689 346 734 olins
365 689 434 732 etism
450 701 514 734 more
534 689 581 733 srii
600 689 623 731 in
642 687 807 742 sterquilinium
821 690 896 732 omnin
909 689 1016 734 intestine
1030 695 1079 746 ejus
1092 691 1134 735 de*

91 761 168 816 posuit
181 759 343 812 indignumque
355 756 427 802 ritem
439 755 531 808 intima
546 763 618 801 morte
631 755 713 802 finivit.
739 762 836 809 Postque
850 756 1134 814 constnrctionemooeno-

91 829 181 875 bionum
197 834 220 872 et
239 825 397 870 miraculorum
413 822 536 868 multorum
555 821 711 880 operationem
729 831 753 867 et
770 830 825 880 post
842 823 933 870 labores
951 826 1074 872 imanensos
1093 840 1135 883 pro

92 896 186 940 demisso
199 894 291 938 inlicem
304 893 390 937 exitum
402 891 466 937 iecit.

371 1381 465 1485 ttt’.
489 1378 716 1482 Gdlllllll,
742 1379 867 1480 (stt.)

222 1535 298 1602 nc
323 1531 489 1602 semoto
509 1531 746 1601 Aueolmo
774 1529 1013 1616 episcopo.

174 1702 240 1742 Anno
260 1695 348 1740 domini
361 1695 483 1740 millesimo
496 1698 546 1739 mtt
562 1693 638 1736 tloruit
652 1691 763 1743 gloriosus
776 1692 961 1749 nrclriepisoonsss
975 1695 1140 1742 eantuariensis

99 1770 190 1808 ssnotsss
209 1763 337 1808 Anselmus.
363 1763 405 1807 ttio
425 1762 468 1806 tuit
485 1777 513 1805 ex
530 1760 629 1804 corstinio
642 1759 814 1812 consonantiae
828 1769 852 1805 et
863 1761 1005 1814 tturflrrndine
1019 1762 1141 1814 oriundus,

99 1829 181 1874 litteris
199 1830 295 1874 traditos
315 1829 396 1874 didicit
413 1836 436 1872 et
455 1829 479 1872 iu
498 1827 563 1870 brevi
581 1827 677 1872 mssltum
694 1827 805 1884 proiecit,
823 1829 919 1874 necdum
932 1833 975 1872 XV
988 1830 1069 1874 estatis
1088 1845 1142 1875 suse

100 1913 184 1942 anuum
203 1897 340 1949 eonttzems,
356 1913 407 1942 cum
425 1901 480 1950 ism,
505 1895 602 1949 ‹1unliter
618 1893 689 1937 vitam
708 1910 772 1939 sustu
790 1894 916 1940 secundum
933 1900 1005 1940 lteram
1024 1897 1142 1944 instituere

100 1973 179 2022 posset
192 1965 281 2017 melius,
294 1971 369 2008 ruente
382 1965 501 2007 tractabat.
527 1962 624 2018 Expleto
637 1969 712 2004 nutem
724 1963 801 2016 nliqno
813 1971 915 2020 temnere
926 1963 1022 2018 petrissa
1032 1977 1143 2018 egressus,

100 2049 153 2078 cum
165 2033 190 2076 in
202 2040 334 2082 trnnscensu
344 2025 427 2076 montis
437 2031 553 2084 cujusdem
565 2029 671 2080 tntisstns
683 2043 778 2086 corpore
792 2031 906 2082 deficeret,
919 2030 980 2074 vires
990 2045 1042 2075 suas
1054 2035 1144 2086 juvenis

101 2100 233 2146 mandendo
250 2115 355 2155 reperere
375 2098 485 2142 tentnbnt.
510 2099 587 2150 Reque
605 2096 666 2140 enim
679 2105 733 2142 tuno
745 2098 813 2150 illiso,
832 2113 878 2153 quo
891 2105 1033 2149 vesceretur,
1052 2108 1144 2155 preesto

102 2176 157 2216 erat.
184 2169 252 2226 Quod
264 2167 366 2210 minister
380 2169 429 2220 ejus
443 2165 524 2208 videns
538 2163 624 2216 doluit,
643 2173 664 2209 et
683 2179 712 2209 ne
730 2166 790 2210 forte
809 2167 865 2222 quid
883 2166 998 2210 edendum
1017 2164 1040 2209 in
1053 2169 1155 2211 sacculo

102 2250 181 2280 eorum
195 2236 326 2284 haberetur,
345 2233 466 2286 diligenter
483 2231 619 2283 investigere
637 2233 713 2288 coepit
732 2242 756 2278 et
772 2247 826 2278 moa
845 2243 922 2278 contre
936 2233 1037 2289 spemin
1051 2249 1079 2280 eo
1091 2237 1145 2280 niti·

103 2303 224 2348 dissimum
237 2301 323 2346 invenis
336 2315 426 2357 penem.
453 2303 503 2356 (tuo
523 2299 563 2343 illo
582 2299 680 2344 relectus
700 2309 723 2344 et
739 2310 852 2346 recreatus
871 2309 907 2346 est
925 2308 947 2346 et
960 2301 1013 2346 aine
1026 2303 1147 2349 incolumis

104 2372 227 2416 redonatus
247 2377 270 2413 et
287 2369 361 2412 lectus
378 2368 502 2412 monachus
521 2367 625 2420 religioni
638 2383 680 2424 per
696 2369 772 2412 omnin
785 2370 908 2417 serviebat.
934 2370 1031 2427 Quidem
1045 2373 1105 2416 enim
1118 2389 1147 2417 ex

106 2438 273 2493 antiquioribus
289 2434 411 2487 tratribus,
431 2434 470 2488 qui
488 2441 567 2476 vetere
580 2435 634 2478 odio
651 2436 773 2491 plurimum
787 2446 834 2482 eret
847 2438 943 2482 intestina
957 2440 1025 2482 bento
1037 2441 1147 2486 snselmo

104 2521 147 2552 nso
163 2512 253 2562 poteret
271 2518 323 2548 enm
341 2503 455 2548 ullatenus
472 2499 598 2556 respicere,
614 2503 714 2558 simplici
732 2505 800 2549 ocnlo
815 2505 946 2549 infirmitate
960 2520 1050 2560 pressus
1064 2509 1094 2551 nd
1108 2524 1148 2552 sx-

104 2583 176 2622 trerns
195 2580 229 2618 cst
250 2572 369 2617 deductus.
396 2573 495 2622 cousque
514 2569 594 2614 tratres
614 2570 636 2614 in
652 2571 746 2615 snserislie
764 2575 786 2615 in
804 2573 869 2616 lectis
883 2585 986 2616 exurore
999 2573 1148 2629 quiescerent,

104 2643 155 2698 ipss
169 2641 192 2684 in
207 2641 276 2684 sloruo
289 2637 428 2684 infirmorum
440 2639 516 2691 inccns
530 2639 607 2694 coepit
620 2639 759 2683 miserandas
772 2653 841 2683 voces
855 2641 958 2690 emittere
976 2647 998 2683 et
1012 2643 1078 2694 qussi
1091 2658 1148 2698 qno·

104 2708 201 2752 mandem
213 2707 376 2750 horrendorum
388 2705 523 2760 adspectum
541 2705 706 2758 subterfugere,
724 2707 813 2760 pellens
827 2716 849 2752 et
863 2715 962 2752 tremens
979 2708 1069 2752 vultum
1083 2724 1148 2754 suum

104 2774 263 2826 delitescendo
276 2773 329 2816 lsino
342 2772 395 2816 inde
409 2780 553 2816 couunutnre.
579 2773 662 2816 Territi
681 2773 776 2826 fratres,
793 2775 831 2828 qui
851 2775 957 2826 ederent,
975 2775 1031 2828 qnid
1046 2777 1148 2828 hnberet,

104 2843 251 2899 quaerebant.
277 2846 308 2885 ss
322 2840 373 2884 ille:
393 2839 494 2890 gesninos
513 2839 622 2884 immanes
635 2841 703 2897 latinos
716 2841 775 2886 inter
788 2841 879 2886 brnotrin
894 2857 934 2885 aare
947 2857 983 2886 me
997 2851 1074 2888 tenere
1087 2859 1149 2890 com·

104 2923 209 2968 pressum
228 2918 251 2953 et
270 2915 345 2966 guttur
363 2921 438 2950 meum
456 2907 572 2961 isnpressis
590 2908 698 2954 dentibus
717 2913 809 2963 inuriem
822 2907 932 2954 sull'oonre
945 2910 1038 2963 videtis,
1057 2907 1150 2966 etquid

105 2976 162 3022 milti
175 2977 216 3028 sit,
236 2974 357 3030 quneritist
385 2979 434 3030 Quo
454 2975 532 3018 nudito
552 2977 643 3030 quidem
663 2993 691 3021 ea
709 2978 738 3022 iis
755 2978 786 3021 nd
798 2979 890 3021 laentum
903 2978 1035 3022 nneetnnnn
1048 2984 1150 3026 concitus

105 3044 207 3102 perrexit
220 3051 243 3086 et
256 3043 278 3086 ei
292 3041 379 3094 singulas
392 3041 508 3096 psteleoit.
534 3048 599 3088 'ramo
617 3045 656 3090 ille
675 3045 698 3090 in
718 3045 862 3090 secretiorem
876 3047 1073 3108 locmnorntionis
1087 3062 1150 3093 eece·

105 3114 164 3158 dens
177 3119 201 3156 st
214 3111 310 3167 posted
323 3111 428 3162 domum,
447 3108 471 3153 in
488 3126 534 3164 qne
549 3111 652 3157 infirmus
665 3120 727 3164 eret,
744 3113 873 3164 ingrediens
893 3114 968 3156 levetn
982 3130 1049 3159 runnu
1062 3117 1151 3168 sianum

107 3180 181 3226 meis
194 3178 267 3224 edidit
280 3179 370 3224 dicensi
383 3179 408 3224 iu
420 3179 511 3224 nomine
523 3181 595 3235 nstris
609 3189 631 3226 et
645 3181 687 3224 tilii
700 3187 722 3223 et
737 3180 829 3236 spiritns
843 3181 922 3224 sancti.
948 3181 985 3224 sd
995 3184 1057 3236 qnod
1067 3182 1152 3228 lectum

108 3249 184 3294 statim
204 3261 270 3299 neser
288 3246 420 3300 conquievit
439 3254 462 3291 et
480 3247 605 3292 extritnrato
624 3248 689 3292 vultu
706 3248 786 3291 intimo
805 3249 881 3294 cordis
899 3248 983 3292 ellectu
1000 3255 1049 3293 tteo
1068 3250 1151 3302 senties

107 3330 174 3368 suere
191 3315 267 3369 coepit
284 3321 308 3358 ct
324 3316 393 3358 bento
406 3314 525 3367 Anselmo,
544 3317 597 3370 quis
611 3315 722 3367 mnliznos
736 3315 829 3371 spiritus
842 3316 938 3372 expntjs.
958 3321 985 3359 ts
998 3317 1051 3362 inde
1065 3327 1152 3362 monuit

108 3391 203 3442 psterns
216 3382 308 3426 demum
321 3382 456 3426 auotoritste
468 3382 610 3436 absolutum,
625 3393 647 3428 et
666 3383 738 3434 dixit,
755 3384 823 3436 lsors,
842 3398 886 3437 qua
899 3382 981 3426 tratres
995 3394 1109 3436 surgerent
1122 3387 1153 3430 nd

109 3465 194 3504 nones,
213 3449 327 3506 praesenti
345 3449 395 3494 vite
413 3449 567 3498 decessurrun.
594 3452 660 3509 Quod
680 3458 703 3494 et
722 3450 806 3493 tontum
826 3457 866 3494 est,
899 3451 1003 3508 (tundam
1027 3452 1078 3504 die,
1102 3469 1153 3498 cum

109 3525 171 3564 esset
183 3518 207 3562 in
220 3517 272 3570 rie,
291 3523 423 3562 occurrente
436 3516 482 3561 sibi
494 3518 593 3572 quodem
606 3519 717 3564 monacho
731 3517 808 3568 brevi,
826 3518 883 3570 nidd
903 3517 991 3564 consilii
1004 3520 1040 3578 sle
1051 3521 1153 3577 hospitio

109 3586 156 3632 sibi
173 3584 254 3638 terret,
272 3583 428 3637 iutemssvit.
461 3584 504 3640 (tui
521 3587 652 3644 responditn
676 3587 786 3629 hebemus
804 3597 850 3628 non
868 3585 935 3638 longe
952 3587 1089 3642 hospitium,
1112 3593 1154 3634 sed

109 3661 216 3706 nonest,
234 3652 297 3708 quod
314 3653 381 3698 nobis
401 3659 424 3696 ct
440 3651 549 3698 iratribus
568 3661 696 3712 epponatur
709 3661 798 3710 praeter
815 3668 898 3709 pestem
911 3663 934 3698 et
948 3668 1046 3700 osseum.
1071 3662 1100 3700 st
1114 3657 1154 3702 ills

110 3721 231 3770 subridens
245 3721 288 3766 siti
307 3735 336 3766 ne
353 3721 435 3764 timess
452 3721 490 3766 air
508 3723 581 3775 laone,
599 3723 640 3767 sed
653 3723 700 3766 cito
713 3721 823 3777 nrneoesle
837 3729 859 3764 et
873 3721 944 3766 snisso
956 3731 1004 3768 reto
1017 3723 1041 3768 in
1053 3726 1155 3770 vicinum

111 3804 200 3834 smaem
214 3789 292 3834 stntim
306 3787 410 3832 invenies
423 3789 523 3844 piscem,
539 3791 579 3844 qui
595 3789 694 3834 miticies
707 3790 813 3834 omnibns
831 3790 906 3834 notris.
931 3791 973 3834 tlte
991 3793 1099 3838 mendnto
1117 3809 1155 3837 sc-

111 3865 180 3914 oepto
192 3856 329 3913 prnevolsns
342 3855 432 3900 nuntint
444 3857 564 3912 piscatori,
582 3858 621 3912 qni
639 3857 670 3902 sd
688 3857 809 3902 ridendum
825 3858 916 3913 potius,
935 3875 1003 3914 quesn
1022 3861 1053 3904 nd
1064 3868 1154 3906 teutan-

111 3926 180 3977 dum,
193 3923 255 3979 quod
269 3921 368 3976 dicebst,
380 3923 430 3968 tore
444 3925 605 3979 praenuntians
618 3925 710 3968 tandem
722 3941 737 3969 a
749 3926 819 3969 tratre
832 3932 924 3970 ooeetus
938 3935 1016 3971 contre
1029 3941 1094 3985 spem
1107 3935 1156 3972 rete

112 3993 166 4047 iecit
183 4000 206 4036 et
223 3992 285 4036 itlico
304 3998 402 4046 truytnus
420 3991 527 4037 insolitos
545 3993 708 4044 rrrnsnitudinis
728 4009 778 4037 cum
792 3995 891 4048 quodam
905 3993 950 4038 elio
963 3994 1074 4050 pisciculo
1088 3995 1155 4050 oepit.

113 4059 209 4116 doripsit
222 4059 334 4113 gloriosus
345 4061 467 4105 snsetuus
479 4059 647 4112 monologium,
660 4060 714 4108 item
733 4060 895 4114 soliloquium,
914 4061 944 4103 ds
957 4069 1035 4104 sancta
1048 4063 1156 4113 trinitete,

113 4129 144 4172 de
156 4127 266 4180 veritate,
286 4127 315 4172 de
334 4126 481 4184 prooessione
493 4128 587 4184 spiritns
600 4129 685 4180 sancti,
703 4128 732 4172 de
745 4142 799 4172 nasu
813 4125 920 4182 dyaboli,
938 4128 968 4172 de
981 4136 1075 4184 peccato
1088 4131 1156 4182 orisi-

114 4195 169 4248 nsli,
182 4193 211 4239 de
224 4196 378 4240 incnrnetione
391 4195 465 4248 verbi,
479 4209 518 4240 cor
530 4199 591 4240 Deus
604 4197 686 4247 trumo,
698 4205 721 4239 at
734 4197 818 4240 multos
831 4196 889 4239 alios
903 4195 975 4238 libros
988 4195 1157 4248 devotissimos,

114 4271 138 4307 et
150 4263 270 4319 potissime
284 4263 342 4307 luno
355 4263 492 4308 cretionem:
512 4271 581 4326 terret
600 4267 636 4308 me
654 4265 703 4308 vite
720 4278 783 4316 mee,
801 4279 854 4308 nam
868 4263 988 4315 diligenter
1001 4262 1102 4308 discusse
1116 4279 1158 4319 ap-

115 4336 179 4385 paret
192 4330 249 4374 mitri
262 4339 300 4374 eut
314 4337 431 4386 peoostum
444 4338 482 4375 sut
496 4333 604 4376 sterilitas
616 4332 679 4375 velut
692 4331 843 4382 ininsctssoss,
863 4339 886 4375 et
899 4332 918 4376 si
932 4331 983 4385 quis
995 4327 1082 4374 fructus
1095 4331 1119 4374 iss
1131 4345 1157 4373 en

117 4397 237 4451 invenitur,
251 4405 289 4441 ent
302 4406 334 4442 est
346 4399 464 4444 simulatus
473 4407 512 4444 sut
522 4399 668 4456 imperteotus
677 4406 716 4444 out
725 4399 802 4454 aliquo
812 4399 880 4444 ruodo
892 4406 1017 4453 corruptos.
1035 4397 1159 4455 Quidem
