2828 5302
311 375 375 441 ⁹08
524 377 597 458 Cep.
615 377 715 436 CClX.
760 376 803 436 Dc
822 385 921 433 sancta
938 371 1162 452 Kunagunde.

313 551 402 594 semper
414 532 508 588 fureret,
520 533 561 579 illa
572 534 644 581 voluit
658 548 708 580 esne
721 548 849 593 suppressa,
861 541 900 581 ant
912 532 1016 579 issmriae
1030 530 1169 578 hominum
1182 538 1225 574 sea
1242 525 1350 570 revelat'ea'

312 612 439 662 temporum
445 635 453 659 ,
477 615 524 648 nou
542 602 641 648 defectui
658 603 813 663 deputandum
830 603 946 650 virtutum.
983 599 1059 646 Unde
1077 598 1161 645 etiam
1176 602 1255 640 tnatae
1267 596 1351 649 nisui

313 673 405 727 indigna
418 671 531 718 scribendi
544 672 617 717 minor
628 673 722 717 snaterie
733 673 789 726 fuit,
805 687 878 728 pauca
890 677 978 723 tamen,
998 683 1065 724 quae
1083 667 1114 712 in
1136 663 1238 722 scriptis
1256 663 1351 720 repesha

314 741 354 789 rel
366 740 466 787 veridica
479 739 694 794 sanctimonialium,
710 740 753 785 'ubi
765 740 805 785 illa
818 753 860 797 pro
875 739 962 784 cindato
975 736 1121 790 militabat,
1142 733 1261 778 relatione
1272 730 1353 785 conari

316 824 376 864 suus.
389 809 426 855 trio
438 807 535 854 inserere
548 808 640 862 dignum
653 809 765 854 duximus.
792 812 845 854 eum
858 814 910 865 post
923 805 1036 853 orationis
1051 803 1226 860 frequentiam
1235 798 1353 844 iaterleet'e

317 880 352 926 nis
365 877 522 926 lentitudinem
534 877 615 922 ancilla
629 877 710 923 christi
723 877 818 923 inlecto
831 890 876 921 non
888 875 973 934 plumis
988 881 1120 920 amoto
1127 905 1137 928 ‚
1156 871 1203 918 sed
1222 868 1294 914 cilicie
1304 875 1353 913 Μ

318 949 418 995 membra
432 959 514 1004 sopore
527 953 618 1000 {serata
630 945 765 1000 remisisset,
783 945 862 1003 puelle
878 958 952 998 uera,
971 956 1033 998 qaae
1053 942 1087 987 de
1108 955 1183 987 rasore
1204 938 1242 983 illi
1259 937 1355 988 Q

319 1029 395 1063 ramos
408 1015 498 1062 codices
510 1014 599 1070 ferens,
619 1029 669 1060 cum
686 1013 735 1059 iere
753 1013 783 1058 sd
800 1013 899 1059 mediam
916 1012 991 1058 noctis
1002 1009 1145 1056 lectionem
1159 1009 1307 1062 meadum,
1320 1007 1356 1051 d

320 1092 398 1139 rantes
411 1081 582 1140 ocellosclansit
593 1083 714 1138 lumenque
727 1096 740 1127 e
752 1083 856 1127 manibus
869 1080 970 1138 elipeum
983 1080 1069 1138 paleas
1084 1077 1229 1136 corripiens
1248 1078 1283 1124 sai
1293 1078 1357 1130 ἔπη

321 1154 502 1214 circumiacentes
520 1166 610 1199 sorores
629 1149 748 1206 undavit,
772 1149 870 1197 clamore
894 1155 917 1194 st
934 1162 1051 1194 concussu
1070 1147 1143 1192 facto
1164 1147 1238 1202 virgo
1257 1145 1358 1192 casm

322 1235 401 1268 tomno
414 1234 520 1274 nunus,
534 1220 587 1265 diua
601 1219 748 1265 colluctantes
761 1217 821 1264 inter
833 1227 857 1264 te
869 1217 970 1263 flammas
984 1217 1048 1263 circa
1063 1231 1091 1264 se
1105 1218 1219 1276 aspexit,
1232 1215 1265 1262 ad
1276 1215 1358 1260 uestiu'

322 1305 382 1336 uma
395 1304 420 1337 se
433 1289 544 1335 convertit
557 1297 580 1334 et
593 1289 657 1342 siano
670 1288 741 1334 crucis
755 1285 896 1333 adustionem
908 1286 971 1332 illam
984 1289 1080 1342 abique
1094 1285 1169 1332 oanni
1179 1299 1277 1330 maruan
1285 1283 1359 1329 1ιά-

317 1359 419 1404 reatinrn
437 1357 526 1403 arertit.
550 1363 600 1402 'rua
618 1358 685 1412 laec,
704 1355 802 1410 christe,
824 1368 905 1411 opera,
926 1356 966 1409 qui
982 1357 1186 1412 anbytcnensesa
1206 1367 1284 1408 renem
1299 1353 1319 1398 ia
1332 1364 1359 1396 ι

321 1426 396 1472 furore
408 1423 532 1472 confudisti
544 1432 566 1470 et
579 1425 715 1481 Babylonios
728 1423 803 1476 iunco,
819 1429 844 1468 nt
859 1422 924 1479 pueri
941 1423 975 1467 tui
989 1423 1126 1469 liberentur
1140 1421 1235 1469 illaesi.
1261 1420 1360 1467 dliada'e

321 1495 421 1539 taculum
433 1501 479 1539 tara
491 1492 627 1547 timendum,
640 1507 707 1549 quarn
719 1491 845 1538 mirandum
858 1490 910 1536 lrssic
921 1490 1007 1548 placuit
1020 1491 1200 1544 sementen,
1218 1490 1244 1534 iu
1257 1503 1301 1546 qao
1312 1489 1361 1534 ἡ
1396 1514 1397 1535 n

322 1561 384 1607 illius
402 1560 547 1616 oonrtentiam
566 1569 589 1607 et
605 1561 683 1616 risoria
702 1559 846 1608 maritalem
864 1558 961 1616 discere
967 1559 1066 1617 poteria.
1095 1559 1195 1605 flabuit
1209 1557 1362 1604 mansi

323 1643 377 1675 aure
394 1629 478 1684 tiliana,
495 1635 579 1676 luttam
595 1631 699 1684 nomine,
722 1643 789 1685 quam
807 1628 917 1685 aprinis
935 1629 999 1674 aunis
1018 1627 1153 1673 educatam
1174 1628 1245 1672 omni
1264 1625 1362 1684 disdph

323 1698 469 1744 eaenularirua
481 1710 571 1758 quoqne
582 1697 706 1744 fittersrum
719 1695 813 1743 scientia
825 1697 966 1745 iustnraerat.
992 1702 1056 1742 llaec
1070 1703 1234 1742 materteram
1248 1709 1295 1740 aua
1307 1695 1361 1739 ι’·

323 1765 438 1820 religionis
451 1782 518 1822 qnam
530 1766 658 1812 dilectionis
671 1777 746 1812 amore
765 1763 788 1809 in
801 1765 1067 1816 manutenementum
1082 1772 1233 1809 uonaecreta
1246 1764 1296 1808 fuit.
1318 1767 1363 1806 Esar

324 1836 349 1880 in
361 1835 466 1880 osunslans
478 1833 546 1890 plene
558 1834 701 1889 instructam,
719 1841 744 1879 ut
762 1835 811 1888 ejut
827 1833 852 1877 in
870 1833 1023 1890 orationibus,
1040 1834 1139 1890 vigiliis
1154 1849 1187 1880 ao
1200 1831 1295 1890 jejuniis
1305 1844 1363 1888 perte
1406 1854 1407 1859 =

323 1904 449 1949 verentium
462 1910 484 1947 et
499 1917 511 1946 a
524 1902 616 1948 domino
629 1903 761 1960 patientiam
773 1901 900 1961 perspexit,
913 1900 1014 1947 omnium
1027 1915 1132 1949 ‘assem
1144 1909 1175 1948 et
1190 1909 1276 1954 rotata
1288 1899 1363 1957 prin
1406 1932 1407 1935 ,

323 1973 413 2028 inipso
427 1971 537 2016 coenobio
551 1984 600 2016 eam
613 1969 880 2028 abbatistampreufecit.
905 1973 960 2014 (lum
977 1971 1043 2026 rino
1063 1978 1144 2017 snater
1163 1971 1244 2016 filiam
1258 1968 1364 2026 arripit!

323 2043 387 2097 iuxta
405 2039 601 2086 ooaunonitiouem
622 2047 722 2085 tanmem
738 2038 869 2098 jamdudum
882 2038 982 2083 habitam
994 2040 1197 2098 praecedentium
1214 2047 1304 2096 patrum
1315 2049 1365 2093 rep·

324 2116 375 2155 tene
388 2107 487 2164 alloquia
499 2115 577 2154 monet
589 2109 619 2152 ob
633 2107 712 2154 salutis
725 2105 830 2152 affectum
842 2106 906 2151 utilia
919 2112 1005 2152 sotlec
1018 2107 1110 2166 placita
1131 2121 1211 2165 saepe
1230 2109 1318 2158 diune,
1331 2105 1364 2149 lsr-

325 2185 420 2234 quentcr
437 2176 526 2230 andire.
548 2177 628 2222 solitas
653 2175 753 2230 religiosi
776 2175 863 2221 itineris
881 2174 931 2220 vias
951 2190 996 2221 uon
1015 2174 1126 2222 deserere
1133 2209 1140 2231 ,
1167 2179 1249 2229 naaria
1267 2175 1365 2230 masicen

325 2260 425 2292 errorum
443 2245 511 2291 deria
528 2251 550 2290 et
569 2245 660 2306 dyaboli
676 2245 762 2291 calcare
779 2245 891 2298 irruente.
916 2243 1004 2289 ltullam
1023 2244 1070 2289 luci
1090 2261 1121 2290 ac
1141 2247 1267 2298 tessebria,
1290 2245 1365 2290 recitat

327 2322 394 2369 utque
406 2313 537 2369 mendacio,
554 2313 690 2372 turpitudini
702 2313 877 2369 atqueesesteti
894 2313 956 2370 apud
968 2312 1010 2357 Dei
1023 2326 1109 2358 servos
1123 2314 1198 2358 decet
1214 2329 1268 2359 esse
1281 2327 1364 2359 nou*

325 2383 426 2436 aionem,
443 2383 644 2437 sollicitemur,
662 2395 691 2428 ae
703 2396 762 2427 vane
774 2382 883 2438 nectendo
900 2382 1012 2427 desineret
1032 2395 1084 2426 esse
1102 2383 1226 2439 tenplum
1248 2385 1300 2436 bei,
1313 2383 1365 2426 ient

232 2474 234 2477 ·
323 2450 435 2496 habitatio
448 2453 601 2506 tenebrarum.
613 2453 677 2498 lieret
690 2451 806 2497 daemonia
819 2458 998 2504 monumentum,
1017 2449 1108 2495 furrsiaa
1123 2465 1165 2496 sna
1182 2451 1209 2496 ia
1225 2453 1269 2496 nei
1283 2452 1364 2503 deirere

326 2525 449 2576 aspectum.
474 2521 613 2576 ruinamque
626 2522 693 2568 docet
705 2522 792 2576 facere,
809 2526 835 2564 nt
851 2519 947 2564 fructrm
961 2519 1078 2564 doctrinae
1093 2533 1153 2564 snae
1167 2519 1225 2578 ipsa
1240 2521 1264 2564 ia
1277 2521 1316 2564 illo
1327 2525 1365 2564 flet

327 2588 448 2643 adjurante
465 2587 539 2646 possit
556 2590 665 2638 iuvenire.
690 2595 750 2637 llaec
769 2597 791 2636 et
808 2583 937 2646 lauiutrnodi
962 2589 1042 2634 iterum
1066 2595 1140 2644 atque
1165 2589 1258 2634 isernia
1277 2597 1365 2634 naterae

327 2656 403 2703 studio
415 2658 437 2701 ei
450 2656 564 2704 inculcans
577 2658 640 2712 quari
654 2658 678 2704 in
690 2659 795 2704 omnibus
807 2660 852 2715 jun
864 2657 987 2715 perfactam
1000 2665 1022 2702 et
1032 2657 1108 2714 ipsam
1121 2657 1265 2711 magistram
1276 2655 1367 2703 veaerd

327 2725 408 2786 coepit.
434 2726 475 2770 llla
489 2727 528 2771 nti
540 2727 564 2772 ia
576 2734 663 2773 sartura
675 2727 780 2773 libertate
792 2727 867 2784 posite
884 2732 930 2779 est,
948 2725 1057 2782 paulatim
1074 2740 1089 2770 a
1108 2726 1189 2778 risone
1210 2741 1256 2772 suo
1274 2726 1366 2778 deicere

326 2793 442 2839 meliorem
459 2794 554 2850 cultum,
572 2795 691 2842 lautiorem
709 2796 796 2849 cibun.
820 2795 926 2841 vitiorum
946 2793 1052 2838 alimenta
1071 2793 1230 2850 desiderare,
1256 2795 1366 2840 altinaia

327 2863 406 2916 choro,
425 2863 497 2920 prima
515 2863 539 2908 in
551 2864 670 2920 convivio,
687 2865 813 2923 puellarum
830 2863 915 2910 fabulis
933 2864 1042 2909 iuteresse
1059 2869 1083 2907 et
1096 2861 1123 2906 ia
1137 2865 1255 2910 omnibus
1268 2864 1337 2908 lanias
1347 2877 1367 2908 se

328 2945 393 2984 agere
406 2932 489 2988 coepit.
515 2938 556 2978 Pro
569 2933 698 2990 huiusmodi
716 2933 848 2978 levitatibus
866 2933 919 2978 dnn
932 2938 1071 2977 earn'sancta
1083 2931 1263 2989 Deipriratim
1283 2935 1367 2978 laterae

327 2999 419 3056 publice
432 3014 507 3046 coram
519 3002 625 3048 omnibus
638 3009 752 3056 argueret,
769 3003 861 3060 saepius
873 3003 1011 3054 obsecraret,
1028 3001 1175 3057 increparet,
1195 3016 1243 3047 nec
1261 3003 1302 3048 illa
1313 3001 1367 3046 relat

328 3075 461 3134 materterae
478 3070 604 3131 patrocinio
623 3079 662 3116 ant
677 3070 830 3117 familiaritate
844 3063 905 3115 ¹reue
924 3070 1008 3116 conlisa
1031 3068 1175 3113 canendarat.
1210 3071 1317 3130 Quadam
1336 3071 1367 3114 da

329 3151 379 3182 oum
393 3138 442 3195 ipta
455 3153 506 3183 cuin
519 3148 631 3185 coaventu
645 3155 731 3186 crucem
745 3143 811 3196 (narn
824 3139 874 3183 dies
893 3139 1017 3184 dominicae
1036 3140 1097 3192 erat)
1115 3138 1240 3193 seqnitur.
1260 3141 1367 3185 abbatius

328 3205 412 3260 defuit,
431 3221 499 3261 quam
516 3206 557 3252 ilfa
569 3207 684 3264 inquirent
698 3216 721 3254 et
734 3209 852 3266 ejulantem
866 3225 916 3255 mun
929 3207 1019 3254 coaevis
1032 3207 1055 3252 in
1068 3207 1177 3252 oonolari
1190 3209 1313 3265 reperiens
1324 3208 1368 3254 nd·

326 3275 419 3334 piatatis
437 3282 520 3320 anneta
536 3281 587 3322 uam
605 3278 677 3322 verbo
695 3277 841 3335 correptionis
860 3276 938 3324 dextra
954 3275 1069 3322 maxillam
1087 3278 1138 3332 dus
1158 3280 1292 3333 permansit,
1317 3289 1368 3335 qaae

327 3344 392 3399 qnasi
405 3343 502 3396 etetttau
516 3345 631 3400 quoddam
644 3343 739 3392 formasa
752 3345 872 3399 digitorum
886 3346 980 3403 accepit,
993 3361 1035 3400 qna
1049 3345 1111 3388 omui
1126 3352 1238 3402 tempore
1248 3347 1312 3392 vitae
1322 3361 1368 3392 saar

327 3426 373 3459 nou
386 3413 464 3458 cersut.
489 3417 523 3458 Ite
536 3427 580 3468 quo
593 3413 697 3459 nimirum
710 3413 771 3458 fecto
784 3422 883 3469 constet,
904 3415 955 3470 qnia
973 3427 1017 3459 noa
1037 3421 1083 3458 tarn
1102 3428 1147 3470 pro
1160 3429 1201 3474 ae,
1220 3417 1267 3461 aed
1280 3416 1368 3461 aliona·

328 3481 485 3527 emendatione
501 3482 544 3527 ltoo
561 3482 664 3539 pertulit,
687 3479 717 3530 ut¹
729 3486 794 3540 liujus
813 3484 872 3531 risio
891 3484 942 3530 aliis
959 3483 1077 3541 proliceret
1096 3491 1119 3528 et
1139 3483 1171 3527 arf
1190 3485 1297 3530 melioris
1314 3485 1369 3528 ritae

327 3557 411 3595 statum
424 3565 437 3595 a
449 3550 512 3597 vitiis
524 3551 572 3597 suis
585 3559 731 3606 retorqueret.
757 3559 822 3598 Forte
840 3561 862 3600 et
882 3552 940 3597 illud
956 3551 1121 3597 detractoribus
1135 3551 1276 3598 fabuloaura
1290 3561 1313 3598 et
1324 3551 1369 3598 iai·

328 3618 419 3667 delibus
430 3619 509 3664 videre
521 3619 614 3666 risibile
626 3621 755 3678 putabitur.
774 3622 835 3678 qaod
848 3622 989 3667 sanctitatem
1005 3620 1078 3674 illius,
1097 3636 1168 3675 quam
1188 3621 1266 3675 gretia
1284 3623 1369 3670 huill-

328 3688 382 3733 tatis
395 3687 445 3745 ipse
458 3687 561 3746 homiues
574 3689 645 3735 latere
657 3691 742 3744 voluit,
761 3690 870 3736 elementa
885 3691 1012 3746 loquuntur.
1037 3689 1141 3744 lienique
1154 3706 1208 3735 cum
1221 3699 1281 3748 post
1295 3691 1367 3736 lectio·

329 3771 382 3802 acm
393 3757 506 3810 evengelii
518 3771 559 3804 tuo
573 3759 676 3804 sollemni
690 3759 758 3804 ruodo
772 3760 802 3805 sd
815 3759 885 3805 altere
898 3759 1048 3806 sacrificatura
1058 3759 1187 3812 accederet,
1200 3759 1286 3804 dextra
1295 3773 1368 3806 maara

330 3839 384 3872 suae
403 3825 552 3872 chirothecam
571 3827 703 3881 detuleris,
723 3843 773 3873 curn
787 3828 873 3883 nullas,
891 3829 929 3885 qui
946 3827 1067 3885 reciperet,
1086 3829 1191 3882 edesset,
1212 3846 1225 3875 a
1244 3845 1272 3875 se
1290 3831 1369 3888 reiecit

331 3897 404 3952 Quam
417 3895 493 3940 radius
506 3895 562 3941 tolia
575 3911 616 3954 per
628 3896 740 3942 fenestrae
752 3897 845 3942 rimulae
858 3897 942 3943 intratis
956 3897 1055 3954 suscepit
1072 3905 1095 3942 et
1113 3898 1205 3943 tamdia
1218 3901 1289 3954 qaaei
1300 3899 1368 3946 farae-

330 3963 399 4008 lando
413 3963 529 4018 sustinuit,
548 3964 621 4012 donec
639 3965 678 4010 ille
696 3972 749 4022 post
767 3966 901 4012 sacrificium
919 3967 1009 4011 rediens
1021 3981 1071 4012 ean
1084 3965 1206 4023 reciperet.
1232 3969 1293 4014 'l'ale
1306 3971 1369 4014 erin

331 4032 387 4088 quid
404 4033 428 4076 in
447 4033 508 4078 beati
524 4040 589 4078 reate
607 4035 686 4080 Goaris
704 4035 826 4090 aliqnando
844 4035 922 4081 divine
939 4035 1023 4082 virtute
1041 4043 1158 4082 osteusaaa
1183 4035 1260 4083 iuisse
1285 4039 1370 4092 terim.

332 4103 376 4161 Qni
392 4099 446 4147 dnm
463 4117 477 4147 a
496 4101 550 4149 sede
565 4101 644 4148 rustici
662 4105 803 4150 Trevireuais
821 4104 934 4162 pontificis
951 4104 1088 4163 despicitur,
1111 4121 1126 4150 a
1144 4118 1237 4152 sumana
1254 4112 1370 4166 anaiestau

332 4187 373 4230 par
390 4172 481 4228 nsjcrie
499 4171 614 4218 luminaris
630 4171 762 4219 famulatum
779 4174 908 4222 honoritur.
934 4173 1038 4220 Omnium
1055 4175 1133 4230 itaque
1151 4189 1229 4233 capax
1242 4185 1293 4228 erat
1306 4176 1371 4224 nesi·

333 4250 418 4297 torum,
435 4257 492 4298 quiae
509 4241 607 4298 judicem
626 4250 755 4288 cunctorum
773 4244 854 4288 menu‘t
866 4243 949 4289 habere
961 4235 1077 4291 rirtatum.
1104 4244 1243 4302 Quindecim
1256 4245 1281 4291 ia
1295 4253 1371 4292 tando

332 4311 451 4369 proposito
463 4326 519 4368 supe
532 4311 589 4358 vixit
602 4325 679 4365 aanor,
693 4321 738 4358 tarn
751 4312 883 4358 humilitatis
897 4311 966 4366 raetia
979 4327 1045 4368 quam
1058 4325 1100 4370 pro
1113 4313 1234 4368 mutonis
1244 4315 1371 4362 maeatis

334 4379 437 4426 omnibus
455 4381 593 4428 admiranda.
619 4381 719 4427 Tandem
738 4395 780 4440 pro
798 4382 867 4428 uirnie
885 4381 1021 4429 abstinentia
1031 4383 1137 4430 ciborum
1149 4384 1265 4432 untionis
1278 4395 1303 4431 et
1315 4385 1371 4440 viti·
