2866 5310
232 453 305 533 Cap.
328 451 498 515 chxxn.
541 454 587 514 De
608 453 789 515 dedicatione
811 456 956 517 ecclesiae.
1048 456 1111 520 8l9

78 613 137 684 eius
161 613 284 672 eustolia
308 614 433 686 deputata
457 616 507 672 luit
529 619 555 670 ei
579 612 676 670 iirirlour
702 616 816 686 quierit,
851 629 993 689 resurgens
1022 631 1112 688 paoem

79 713 218 786 disoipuiis
236 717 373 782 nuntiarit,
396 722 423 772 et
445 733 492 788 pro
510 715 552 771 lris
571 717 672 788 gratias
690 713 746 771 lieo
771 715 915 773 rediimus.
950 693 1002 772 ilas
1026 724 1113 776 autem

79 813 172 871 lauriss
190 815 304 887 qualiter
320 814 376 871 lieo
402 817 540 872 exsolvero
559 814 719 882 debeamus,
743 814 809 872 olioit
829 815 992 873 Bsmariuo:
1017 817 1114 876 iratres

80 917 141 983 mel,
166 915 330 972 immolantes
355 914 466 971 hostiam
495 915 581 971 laurita
597 917 740 988 jungamus
763 916 852 972 verbis
875 917 997 983 sensum,
1026 920 1116 973 sensui
1140 915 1141 918 ’

81 1014 217 1083 alioruin,
237 1016 342 1074 alieniori
365 1015 579 1082 exsultationem,
603 1015 773 1073 exsultationi
793 1020 983 1084 maturitatem,
1007 1022 1115 1072 maturi-

79 1118 130 1170 tati
150 1115 335 1182 humilitatum,
355 1114 494 1172 humilitati
511 1115 667 1172 libertatem.
704 1116 799 1180 Quinto
818 1124 996 1184 consacratur,
1018 1126 1046 1174 ot
1059 1115 1115 1173 vllsl·

82 1213 140 1271 rlem
170 1223 336 1271 monomenta
366 1214 549 1271 ecclesiastiea
577 1217 763 1272 ministrentur.
810 1215 884 1275 liudo
916 1221 976 1289 insa
1005 1219 1119 1276 souiosia

82 1314 195 1372 alluitur
212 1319 287 1389 quani
307 1319 366 1388 ipsa
383 1315 496 1371 talarno
515 1314 580 1383 list,
606 1318 633 1370 tn
651 1331 702 1389 qna
720 1325 885 1373 sacramenta
908 1322 1075 1375 eontinentur
1092 1327 1119 1378 et

83 1417 269 1473 ministrantur.
311 1414 447 1480 Quaedam
475 1417 542 1472 onitu
573 1417 753 1472 ministrantur
777 1423 804 1473 et
830 1417 925 1474 dantur
948 1420 1116 1488 intrantibus,

82 1524 112 1572 ut
128 1516 286 1589 laniantum
313 1514 444 1590 quaedam
461 1514 632 1582 exeuntibus,
656 1517 757 1572 ouiliooi
774 1523 891 1574 extrema
908 1523 1010 1584 unrtior
1034 1537 1117 1594 qnae·

82 1617 139 1673 darn
163 1616 392 1683 commorantibus,
416 1623 443 1672 et
460 1615 550 1672 lorum
572 1615 675 1688 quidam
693 1626 755 1672 sunt
772 1620 962 1686 ministrantes,
981 1619 1023 1677 luis
1041 1621 1119 1678 riatur

82 1718 163 1785 orrio;
190 1717 296 1791 quitiam
318 1721 484 1790 pugnantes,
512 1722 540 1772 et
561 1715 651 1772 luorum
676 1716 780 1790 quidam
806 1734 913 1792 pugnae
938 1719 1117 1786 auorumlunat,

81 1819 124 1875 lris
143 1819 221 1874 tiator
238 1819 415 1890 poenitentia3
438 1814 543 1890 nullum
567 1817 706 1884 insistunt,
732 1824 759 1873 ot
782 1817 823 1874 luis
850 1819 984 1875 oonlertur
1004 1807 1118 1877 luorum

82 1921 177 1986 animi,
195 1923 224 1974 ut
241 1917 412 1983 roborentur,
440 1924 466 1974 st
483 1915 535 1973 lroo
555 1932 603 1989 per
621 1915 854 1987 confirmationum
880 1920 959 1976 latur
976 1919 1065 1990 mbos,
1088 1929 1118 1978 ut

82 2024 278 2087 austsntsutur‚
301 2025 328 2074 ut
347 2021 396 2074 troo
413 2033 462 2090 por
479 2017 655 2090 euolraristiae
673 2020 841 2086 sumtiooern;
861 2019 889 2075 iit
906 2012 1018 2078 remotio'
1035 2024 1116 2092 imne-

83 2121 206 2187 dimenti‚
225 2133 259 2175 na
277 2118 449 2189 rlejioiautur,
468 2125 494 2174 st
511 2117 561 2175 lroo
579 2134 627 2189 per
644 2120 798 2175 matrimonii
815 2123 1033 2191 coniurationem.
1069 2121 1118 2179 So-

82 2220 167 2277 uuntio
185 2218 323 2276 ridentium
343 2225 398 2287 est,
417 2216 534 2291 qualiter
546 2225 731 2285 oonseoratur,
749 2218 800 2273 uro
816 2224 900 2291 primo
912 2219 944 2275 uls
957 2219 1050 2288 altari,
1074 2237 1118 2277 ro-

82 2320 168 2378 eurio
185 2318 219 2376 ris
229 2318 353 2376 suolesis.
371 2317 414 2375 Ari
426 2321 650 2374 oouseorationom
664 2324 749 2374 autem
763 2317 856 2374 aitaris
868 2319 943 2390 plura
953 2329 1118 2378 eunuurrnnt.

83 2421 171 2479 Primo
189 2421 257 2478 enlm
276 2426 389 2492 quatuor
405 2432 496 2474 ornnes
515 2417 548 2473 ie
566 2432 637 2489 aqua
654 2416 793 2474 berritem
816 2421 842 2473 in
866 2426 980 2492 quatuor
997 2422 1119 2478 uornilrus

83 2522 178 2579 altaris
195 2519 408 2594 oonlgurantur,
431 2517 546 2574 suconrlo
566 2520 649 2588 irruam
667 2519 767 2588 septies
785 2521 926 2587 oirouitur,
952 2523 1031 2576 tertio
1050 2537 1120 2594 aqua

83 2622 224 2680 benedioia
240 2636 296 2677 oum
314 2635 398 2692 ysopo
418 2621 516 2690 septies
533 2617 716 2690 adspergitur,
741 2625 835 2690 quarto
858 2621 990 2677 incensum
1016 2626 1041 2677 in
1060 2625 1119 2693 imno
1156 2617 1157 2620 ’

85 2731 224 2789 crematur,
246 2721 336 2794 urimo
353 2719 494 2776 rirriomats
515 2719 657 2790 inungitur,
676 2725 752 2772 rento
771 2719 871 2774 muntiis
885 2724 978 2790 pannio
992 2725 1119 2794 operitur.

84 2823 155 2879 lineo
177 2826 263 2878 autam
288 2825 490 2892 repraesentant
511 2835 557 2887 sa,
591 2834 658 2891 quau
682 2819 780 2874 dobunt
805 2819 904 2878 haltere
930 2821 985 2889 illi,
1015 2825 1059 2894 qul
1084 2825 1119 2879 arl

85 2924 170 2980 altaro
187 2919 325 2978 aooerlunt
359 2919 462 2977 Debent
479 2921 546 2977 enim
565 2923 648 2992 primo
664 2919 761 2976 habore
773 2923 906 2978 caritatem
923 2923 1118 2996 quadruplicem

85 3039 133 3098 per
150 3037 253 3079 oruoeur
274 3023 442 3094 anquiritan,
459 3026 493 3076 ut
506 3020 608 3076 scilieet
624 3020 737 3094 litigant
754 3019 850 3088 Deum,
870 3036 899 3078 so
917 3024 1001 3094 lusor,
1021 3027 1118 3081 amioou

84 3133 112 3183 et
128 3125 256 3181 inimicos.
290 3119 323 3178 m
340 3120 405 3177 lusan
423 3122 562 3194 signantur
579 3137 627 3192 prr
645 3126 757 3193 quatuor
773 3135 865 3176 ornnes
883 3123 908 3174 iu
927 3130 1040 3193 qnatnor
1059 3141 1119 3180 uor-

84 3225 161 3282 uitus
179 3225 273 3280 altaria
293 3222 384 3278 iactas.
419 3221 453 3280 Et
476 3221 509 3277 le
532 3222 574 3277 lris
598 3227 714 3294 quatuor
735 3219 858 3275 rornilruo
881 3224 999 3278 raritatis
1024 3223 1119 3282 dieitur

84 3328 111 3381 in
130 3324 226 3382 Grues.
244 3319 366 3378 xxvtit:
384 3307 583 3378 rlilatairerisarl
597 3325 721 3378 orientem
734 3327 761 3375 st
773 3319 942 3385 orutrlontenr.
960 3327 1118 3392 septentrio-

85 3441 143 3482 nem
168 3431 195 3481 st
217 3422 359 3479 msrtrllern.
393 3421 443 3478 Vol
468 3423 527 3478 irleo
554 3429 667 3494 quatuor
693 3435 785 3474 orooos
812 3422 838 3474 in
862 3425 974 3492 qrratuor
995 3425 1119 3480 corninus

86 3525 151 3582 lunt
169 3523 204 3581 ad
221 3521 439 3596 rogatariorum,
464 3520 533 3592 quod
561 3519 680 3577 Christos
703 3535 750 3591 per
772 3533 872 3574 ornosm
897 3527 1010 3591 quatuor
1033 3523 1120 3578 munli

86 3631 178 3699 partos
198 3623 320 3680 salvarit.
356 3620 404 3678 Vel
427 3621 488 3677 ideo
512 3620 544 3676 ari
570 3618 785 3694 significantium,
810 3619 878 3690 qnod
903 3635 1003 3675 erucem
1022 3621 1119 3677 domiui

87 3733 203 3799 qustuur
219 3722 304 3780 modis
323 3720 448 3778 lebamus
465 3727 581 3792 portare,
600 3720 702 3776 soilturt
715 3721 741 3776 iu
753 3719 834 3776 eorrie
852 3737 899 3790 prr
917 3719 1118 3788 meditationem.

86 3831 114 3883 irr
131 3843 178 3883 ors
195 3839 243 3898 uer
260 3821 468 3888 contessionem,
493 3823 519 3877 ia
542 3835 654 3892 oorporo
676 3835 724 3893 per
741 3817 980 3885 mortificationem,
1003 3821 1028 3874 io
1053 3821 1120 3876 iao-io

87 3943 136 3999 ner
159 3925 291 3982 austrinam
324 3925 531 3995 impressionem.
570 3914 693 3976 Surontio
722 3919 819 3975 debent
848 3917 948 3973 labere
979 3933 1065 3973 euram
1095 3927 1121 3976 et

88 4026 266 4100 vigilantiam
289 4024 361 4097 quoi
387 4021 554 4097 signilmtur
576 4035 624 4094 mer
646 4021 781 4078 olrouituo.
814 4017 886 4073 linrle
910 4023 1122 4100 inaurantatur:

88 4129 243 4182 inrenemnt
266 4139 306 4179 ms
329 4120 426 4197 riglies
450 4129 498 4179 ete.
535 4121 637 4180 Debent
666 4123 732 4177 enim
762 4117 868 4173 soiiiuiti
900 4117 1012 4188 uigilare
1042 4133 1123 4189 super

88 4241 198 4300 gregem
222 4241 305 4280 uuum.
340 4221 412 4279 lintis
438 4223 627 4297 negligentiam
652 4220 765 4294 praelati
790 4219 865 4290 nonii
892 4215 1025 4272 iiilimrtus
1055 4219 1125 4274 tutor

89 4327 233 4383 riliuuluaa
251 4325 355 4381 iioeus:
374 4323 517 4380 ridiculosa
535 4339 567 4378 arr
586 4325 671 4396 magis
690 4319 841 4394 poriouloss
858 4332 901 4373 res
920 4315 1125 4386 eutspeouiator

88 4439 197 4496 rosum,
221 4440 379 4498 praeonrsor
404 4423 529 4496 dandos,
557 4423 698 4498 negligens
722 4422 872 4496 praelatos,
898 4417 993 4473 «iunior
1009 4417 1123 4486 ursolus,

880 4517 915 4575 54
