2984 5316
260 515 332 591 Cap.
353 513 455 572 xcttt.
502 514 544 572 De
571 524 668 572 saneto
694 514 800 572 Jueobo
822 513 939 591 majore.
1052 509 1114 570 teti

86 672 222 729 iiberutus.
257 671 320 726 tium
343 673 425 738 suino,
448 670 518 744 quod
543 670 702 740 monebatis,
731 669 818 726 iocoso
843 669 949 737 seiten,
974 670 1114 726 doemones

85 770 119 824 cd
138 787 177 826 me
196 778 320 828 venerunt
337 787 377 826 ore
394 778 446 826 tan
464 773 582 845 graviter
599 773 824 842 constringentes,
842 779 870 825 ui
887 770 968 837 cittii,
993 769 1063 842 quod
1080 773 1113 824 nd

85 870 194 926 suintenn
212 873 314 926 animus
331 874 490 943 pertineret,
514 871 680 945 utiquoteuus
704 872 775 944 ioqui
798 885 921 942 possem·
947 870 1001 926 Vos
1019 872 1115 944 quippe
1181 872 1185 880 '

84 968 232 1035 uudtebnnu,
251 970 298 1026 sed
310 985 419 1042 promus
432 971 592 1043 respondere
603 988 653 1028 non
665 978 789 1043 potorum.
824 970 896 1027 Nune
912 978 997 1026 sutem
1008 977 1114 1026 cunutus

83 1068 197 1126 Jncobus
215 1069 265 1127 hun
290 1074 395 1126 intrusit
412 1071 499 1127 terens
518 1075 543 1128 in
561 1075 670 1129 sinistro
686 1087 762 1128 runnu
779 1051 910 1128 esconium
933 1069 1064 1136 motionis,
1088 1070 1115 1122 tn

84 1170 194 1228 dextere
219 1171 339 1226 boouiurn
363 1174 503 1243 pauperis,
532 1187 599 1244 quos
623 1174 649 1227 in
678 1174 721 1227 riu
743 1171 908 1244 murenam,
940 1173 978 1225 its
1001 1177 1029 1223 ni
1052 1168 1114 1224 bur-

84 1269 176 1326 donem
190 1286 237 1340 pso
251 1270 343 1326 iunceo
359 1277 386 1325 ei
403 1271 533 1326 eunonium
551 1287 598 1341 pre
617 1279 691 1326 scuto
709 1270 827 1338 baberet,
846 1269 1022 1326 etdsemones
1037 1270 1115 1340 quusi

85 1372 167 1422 iretus
195 1369 355 1442 aggrediens
388 1369 490 1426 sternio
516 1370 610 1425 buouio
642 1375 736 1426 terruit
759 1372 833 1426 etin
863 1368 950 1442 iugens
976 1370 1112 1424 conuertit.

84 1466 156 1538 tinne
180 1481 244 1542 ergo
263 1484 323 1524 eece
342 1467 414 1524 beuti
430 1468 523 1526 Jocobi
540 1472 628 1543 gentis
643 1485 684 1526 me
701 1468 824 1523 iibernntt
847 1476 873 1524 et
889 1469 1019 1540 ioqueintn
1036 1471 1110 1526 resti-

83 1568 142 1624 tuit
178 1567 278 1624 i'ocnte
296 1583 361 1642 ergo
379 1567 543 1625 sacerdotem
559 1569 593 1623 ud
618 1583 673 1635 me,
698 1566 827 1640 quindiu
852 1571 878 1622 tn
902 1567 951 1624 inec
975 1572 1030 1626 rite
1053 1585 1114 1624 esse

84 1685 135 1722 non
160 1682 273 1738 possum.
308 1667 342 1724 Et
365 1683 507 1723 conuersus
529 1670 572 1722 uni
597 1683 686 1724 eonon
710 1666 789 1722 dixit:
817 1670 912 1730 umine.
942 1669 996 1724 noii
1019 1667 1113 1724 modo

84 1767 188 1822 domino
206 1774 250 1822 iuo
268 1765 393 1831 mititare,
416 1769 479 1839 quie
496 1769 625 1822 veraciter
641 1774 683 1822 esi
699 1766 834 1823 damnatus
859 1775 886 1824 ei
902 1766 970 1823 rnatu
987 1775 1069 1824 morte
1087 1770 1114 1822 tn

84 1871 201 1939 proximo
216 1869 371 1922 moriturus:
389 1865 494 1938 sepulto
503 1873 588 1920 nutem
599 1869 674 1921 socio
684 1883 740 1921 curn
753 1866 799 1923 iiie
810 1866 976 1922 dominnm
992 1866 1112 1934 dixisset,

84 1967 129 2023 iiie
147 1983 193 2038 pro
211 1965 293 2022 nitrito
311 1965 361 2020 boo
379 1964 468 2021 dicens
486 1971 513 2021 et
530 1981 559 2020 se
577 1964 714 2022 emendare
730 1972 895 2022 contemnens
913 1973 974 2037 poet
987 1966 1113 2022 modicum

83 2067 176 2122 iunceo
201 2068 225 2119 in
249 2064 320 2121 beiio
344 2064 482 2120 confossus
504 2067 610 2120 interiit
628 2096 661 2106 -
678 2095 711 2108 —
728 2095 762 2108 ·-
788 2071 840 2125 11.
859 2065 920 2119 (lun
937 2064 1038 2120 cutduuu
1055 2067 1113 2120 uiro

85 2165 118 2222 de
136 2164 291 2234 Vtiiziiecc,
315 2172 344 2221 ui
366 2167 404 2219 sit
421 2164 539 2221 (iniiuius
556 2179 644 2236 pepe,
667 2164 702 2219 sd
724 2155 840 2221 summurn
862 2164 989 2222 lucebunt
1014 2181 1110 2237 prope·

85 2265 154 2320 nunti
172 2266 283 2335 pecunie
300 2263 443 2320 deiecisset
459 2271 487 2320 et
503 2264 548 2319 iiie
566 2263 714 2320 mendicare
731 2264 910 2321 erubescent:
934 2262 984 2319 sub
1001 2263 1113 2336 quedem

84 2364 180 2418 urbore
198 2365 367 2437 requiescens
385 2363 541 2431 somniabat,
562 2363 633 2436 quod
650 2370 756 2419 sencino
772 2363 887 2421 Junobus
905 2378 961 2419 euro
978 2363 1105 2435 puseebnt

84 2461 220 2538 Brigiions
243 2465 326 2536 igitur
346 2461 547 2519 subcinericium
570 2478 661 2535 penem
687 2462 721 2518 uui
752 2470 831 2534 ceput
860 2464 975 2534 reperit,
1005 2463 1038 2518 de
1060 2478 1112 2535 quo

83 2561 131 2618 XV
154 2562 246 2618 diebus
273 2563 350 2628 sinit,
379 2578 514 2634 quousque
544 2561 577 2618 nd
598 2564 706 2634 propria
727 2562 868 2624 rennuebat
904 2559 1021 2635 Singulis
1046 2565 1113 2618 enim

84 2661 178 2718 diebus
196 2661 359 2716 suiticienter
375 2661 416 2717 bis
435 2661 468 2716 de
486 2677 518 2717 oo
537 2663 674 2718 comedens
691 2664 810 2735 sequenti
821 2662 864 2718 die
875 2663 959 2732 ipsum
970 2665 995 2716 in
1007 2663 1113 2717 saecuto

83 2763 212 2833 integrum
232 2761 389 2818 inveniebat.
409 2791 438 2802 -
456 2792 488 2802 -
506 2793 538 2801 --
556 2767 610 2822 lu.
628 2761 718 2818 iictori
735 2763 854 2818 Cutiutus
869 2776 948 2834 popu,
966 2760 1035 2834 quod
1048 2763 1114 2817 uiris

84 2860 188 2932 quidem
213 2859 378 2916 bernitionne
402 2859 475 2916 urbis
498 2863 570 2915 circo
591 2876 683 2918 sunum
702 2861 798 2917 domini
815 2860 864 2916 titt:
882 2861 918 2915 ed
935 2870 1049 2915 sonetum
1067 2860 1113 2917 Ju-

84 2960 176 3014 nobum
202 2962 309 3014 ueniens
333 2958 384 3014 hoc
409 2958 491 3015 sotum
505 2960 664 3042 *postulasse
687 2960 793 3026 dicitur,
818 2977 850 3016 ne
868 2957 993 3032 deinceps
1010 2963 1044 3018 sb
1062 2961 1112 3016 rsit·

84 3058 178 3131 quibus
202 3058 323 3114 bostibns
348 3066 495 3131 caperetur.
530 3059 644 3122 Rediens
668 3063 749 3135 igitur
771 3077 819 3131 per
835 3060 954 3116 Siciiisnn
972 3063 997 3114 in
1014 3061 1115 3115 mortu

83 3159 224 3237 Surueeois
242 3160 345 3229 cupitur
362 3167 389 3214 et
405 3159 505 3230 piuries
523 3160 556 3215 ub
576 3161 608 3214 iis
626 3176 673 3231 per
690 3159 818 3215 nundinius
841 3141 976 3224 venditur,
1001 3159 1048 3214 sed
1073 3166 1114 3214 iu·

82 3273 140 3314 meu
166 3272 270 3327 semper
300 3265 424 3325 onteuue,
453 3259 548 3331 quibus
579 3259 678 3332 ligatus
708 3258 808 3328 ineunt,
837 3241 1014 3317 solvebantur.
1051 3259 1114 3317 Cum

82 3366 168 3412 autern
193 3359 248 3428 jon
272 3355 332 3412 itttt
358 3357 458 3416 vicibus
482 3358 602 3414 venditus
628 3357 723 3415 inisset
740 3364 766 3414 ei
782 3357 931 3430 duplicibus
948 3360 1048 3414 outonis
1065 3357 1114 3413 ud·

82 3459 188 3513 siricius
215 3465 287 3514 esset
311 3463 338 3514 et
360 3456 405 3512 iiic
429 3455 532 3514 beatum
554 3457 679 3513 iacobum
704 3459 850 3525 invocaret,
875 3464 980 3516 sanctus
997 3457 1114 3515 incubus

82 3555 165 3613 eidem
180 3557 304 3628 apperuit
316 3555 419 3612 diceus:
433 3559 553 3628 quonian
569 3559 594 3612 tu
610 3558 722 3614 ecclesie
734 3573 791 3613 men
803 3559 951 3614 consistens
964 3559 1114 3628 postposite

82 3657 168 3712 ssime
186 3657 287 3711 animae
305 3654 487 3712 liberationum
504 3663 589 3712 umen
610 3659 729 3729 corporis
747 3657 902 3727 postutasti,
925 3655 986 3712 ideo
1004 3659 1031 3712 in
1048 3655 1114 3712 iruuo

82 3756 199 3827 periente
222 3754 353 3822 incidisti,
375 3754 422 3810 sed
444 3757 508 3827 quin
529 3756 648 3814 doninus
672 3757 822 3812 misericors
841 3761 895 3822 est,
920 3759 990 3811 nisit
1006 3771 1062 3824 ue,
1086 3761 1115 3810 ut

74 3861 108 3910 ie
126 3855 256 3920 reductu.
292 3854 436 3925 Statimque
460 3857 543 3925 ruptis
569 3859 669 3912 outonis
693 3871 741 3928 per
757 3863 842 3911 terres
861 3863 889 3913 et
903 3855 1015 3912 eustuiiu
1032 3855 1112 3910 Sure-

81 3960 326 4024 ecnoruurporiens
350 3955 476 4026 quandem
501 3962 610 4011 cotenes
636 3957 660 4008 tn
686 3957 859 4010 testimoninm
886 3953 962 4026 buius
994 3954 1112 4011 miraculi

82 4051 168 4108 terens
185 4052 219 4106 ud
238 4061 334 4108 terrum
353 4067 426 4110 sunm
442 4057 540 4108 cunetis
561 4051 708 4110 ridentibus
721 4059 747 4108 et
758 4055 924 4125 stupentibus
938 4055 1025 4110 rediit.
1050 4052 1111 4110 Cum

81 4165 138 4206 eum
156 4151 252 4228 uliquis
270 4165 364 4222 cepere
383 4151 501 4219 roiebut,
525 4153 584 4209 risu
607 4160 701 4209 cutiens
717 4133 826 4209 territus
846 4154 965 4225 protinus
983 4152 1111 4227 iugiebot,

81 4248 128 4304 sed
157 4265 213 4304 oum
238 4250 329 4306 teones
354 4250 475 4323 niiueque
497 4249 571 4306 ierne
597 4253 623 4306 tn
646 4268 703 4308 oum
735 4267 784 4324 per
812 4249 920 4308 deserto
948 4253 1111 4328 gradientem

80 4347 176 4405 retient
193 4351 339 4422 insurgere,
357 4365 417 4404 osor
435 4351 493 4405 rius
509 4357 604 4407 muno
615 4349 831 4408 concutiebantur
843 4357 943 4410 ternnre
954 4353 1034 4408 unio
1046 4359 1073 4408 et
1085 4355 1111 4408 iu

80 4446 167 4518 iugem
181 4449 301 4518 protinus
319 4447 494 4506 vertebantur.
509 4479 543 4492 -
555 4479 588 4490 --
601 4480 633 4491 —·
650 4455 709 4511 n.
726 4449 802 4507 Anno
821 4449 918 4508 domini
936 4450 1110 4509 ccxxxviii
