<?xml version="1.0" encoding="UTF-8"?>
<!DOCTYPE html PUBLIC "-//W3C//DTD XHTML 1.0 Transitional//EN"
    "http://www.w3.org/TR/xhtml1/DTD/xhtml1-transitional.dtd">
<html xmlns="http://www.w3.org/1999/xhtml" xml:lang="en" lang="en">
 <head>
  <title>
</title>
<meta http-equiv="Content-Type" content="text/html;charset=utf-8" />
  <meta name='ocr-system' content='tesseract 3.04.00' />
  <meta name='ocr-capabilities' content='ocr_page ocr_carea ocr_par ocr_line ocrx_word'/>
</head>
<body>
  <div class='ocr_page' id='page_1' title='image "./jacobiavoragine00jacogoog_0908.png"; bbox 0 0 2828 5302; ppageno 0'>
   <div class='ocr_carea' id='block_1_1' title="bbox 77 478 1113 561">
    <p class='ocr_par' dir='ltr' id='par_1_1' title="bbox 77 478 1113 561">
     <span class='ocr_line' id='line_1_1' title="bbox 77 478 1113 561; baseline 0.01 -23"><span class='ocrx_word' id='word_1_1' title='bbox 77 478 154 561; x_wconf 83' lang='lat' dir='ltr'>Cep.</span> <span class='ocrx_word' id='word_1_2' title='bbox 171 478 302 541; x_wconf 75' lang='lat' dir='ltr'>CXCVL</span> <span class='ocrx_word' id='word_1_3' title='bbox 333 481 377 542; x_wconf 81' lang='lat' dir='ltr'>lle</span> <span class='ocrx_word' id='word_1_4' title='bbox 396 493 494 542; x_wconf 77' lang='lat' dir='ltr'>sancta</span> <span class='ocrx_word' id='word_1_5' title='bbox 506 481 683 545; x_wconf 75' lang='lat' dir='ltr'>scholastice</span> <span class='ocrx_word' id='word_1_6' title='bbox 697 501 836 544; x_wconf 78' lang='lat' dir='ltr'>sorores.</span> <span class='ocrx_word' id='word_1_7' title='bbox 849 483 1008 546; x_wconf 80' lang='lat' dir='ltr'>Benedicti.</span> <span class='ocrx_word' id='word_1_8' title='bbox 1050 479 1113 548; x_wconf 74' lang='grc'>885</span> 
     </span>
    </p>
   </div>
   <div class='ocr_carea' id='block_1_2' title="bbox 69 640 1115 2741">
    <p class='ocr_par' dir='ltr' id='par_1_2' title="bbox 69 640 1115 2741">
     <span class='ocr_line' id='line_1_2' title="bbox 77 640 1115 700; baseline 0.005 -14"><span class='ocrx_word' id='word_1_9' title='bbox 77 647 169 696; x_wconf 78' lang='lat' dir='ltr'>propter</span> <span class='ocrx_word' id='word_1_10' title='bbox 180 643 290 688; x_wconf 73' lang='lat' dir='ltr'>uenirem</span> <span class='ocrx_word' id='word_1_11' title='bbox 302 641 398 689; x_wconf 78' lang='lat' dir='ltr'>virtutes</span> <span class='ocrx_word' id='word_1_12' title='bbox 411 643 468 690; x_wconf 89' lang='lat' dir='ltr'>inibi</span> <span class='ocrx_word' id='word_1_13' title='bbox 482 648 592 699; x_wconf 82' lang='lat' dir='ltr'>operetns.</span> <span class='ocrx_word' id='word_1_14' title='bbox 616 641 672 698; x_wconf 80' lang='lat' dir='ltr'>onie</span> <span class='ocrx_word' id='word_1_15' title='bbox 691 650 765 688; x_wconf 86' lang='lat' dir='ltr'>temen</span> <span class='ocrx_word' id='word_1_16' title='bbox 780 640 874 688; x_wconf 82' lang='lat' dir='ltr'>ecclesie</span> <span class='ocrx_word' id='word_1_17' title='bbox 888 643 929 688; x_wconf 90' lang='lat' dir='ltr'>illo</span> <span class='ocrx_word' id='word_1_18' title='bbox 941 651 1043 700; x_wconf 78' lang='lat' dir='ltr'>tempore</span> <span class='ocrx_word' id='word_1_19' title='bbox 1055 643 1115 691; x_wconf 79' lang='lat' dir='ltr'>eires</span> 
     </span>
     <span class='ocr_line' id='line_1_3' title="bbox 75 708 1114 769; baseline 0.006 -18"><span class='ocrx_word' id='word_1_20' title='bbox 75 708 177 753; x_wconf 77' lang='lat' dir='ltr'>officinm</span> <span class='ocrx_word' id='word_1_21' title='bbox 197 710 390 765; x_wconf 70' lang='lat' dir='ltr'>queneeeimste</span> <span class='ocrx_word' id='word_1_22' title='bbox 408 720 446 756; x_wconf 87' lang='lat' dir='ltr'>ent</span> <span class='ocrx_word' id='word_1_23' title='bbox 463 711 593 769; x_wconf 75' lang='lat' dir='ltr'>pensionem</span> <span class='ocrx_word' id='word_1_24' title='bbox 610 709 692 754; x_wconf 82' lang='lat' dir='ltr'>christi</span> <span class='ocrx_word' id='word_1_25' title='bbox 710 710 838 766; x_wconf 67' lang='lat' dir='ltr'>specialiter</span> <span class='ocrx_word' id='word_1_26' title='bbox 855 719 988 766; x_wconf 86' lang='lat' dir='ltr'>oocnpater,</span> <span class='ocrx_word' id='word_1_27' title='bbox 1006 727 1034 757; x_wconf 89' lang='lat' dir='ltr'>ne</span> <span class='ocrx_word' id='word_1_28' title='bbox 1050 719 1114 761; x_wconf 83' lang='lat' dir='ltr'>terete</span> 
     </span>
     <span class='ocr_line' id='line_1_4' title="bbox 76 775 1114 835; baseline 0.006 -16"><span class='ocrx_word' id='word_1_29' title='bbox 76 775 148 820; x_wconf 83' lang='lat' dir='ltr'>cilicii</span> <span class='ocrx_word' id='word_1_30' title='bbox 160 777 303 824; x_wconf 76' lang='lat' dir='ltr'>sollemniter</span> <span class='ocrx_word' id='word_1_31' title='bbox 316 781 518 835; x_wconf 84' lang='lat' dir='ltr'>presterrnittetur,</span> <span class='ocrx_word' id='word_1_32' title='bbox 531 778 561 821; x_wconf 85' lang='lat' dir='ltr'>ed</span> <span class='ocrx_word' id='word_1_33' title='bbox 575 777 665 821; x_wconf 85' lang='lat' dir='ltr'>lendern</span> <span class='ocrx_word' id='word_1_34' title='bbox 678 786 700 822; x_wconf 88' lang='lat' dir='ltr'>et</span> <span class='ocrx_word' id='word_1_35' title='bbox 714 779 808 831; x_wconf 70' lang='lat' dir='ltr'>plnrisrn</span> <span class='ocrx_word' id='word_1_36' title='bbox 821 779 916 832; x_wconf 73' lang='lat' dir='ltr'>viruinis</span> <span class='ocrx_word' id='word_1_37' title='bbox 928 779 1040 831; x_wconf 61' lang='lat' dir='ltr'>gloriosse</span> <span class='ocrx_word' id='word_1_38' title='bbox 1052 779 1114 825; x_wconf 76' lang='lat' dir='ltr'>idere</span> 
     </span>
     <span class='ocr_line' id='line_1_5' title="bbox 77 845 1114 904; baseline 0.005 -16"><span class='ocrx_word' id='word_1_39' title='bbox 77 845 179 890; x_wconf 72' lang='lat' dir='ltr'>briennus</span> <span class='ocrx_word' id='word_1_40' title='bbox 197 855 275 892; x_wconf 78' lang='lat' dir='ltr'>sextus</span> <span class='ocrx_word' id='word_1_41' title='bbox 291 849 329 904; x_wconf 81' lang='lat' dir='ltr'>pie</span> <span class='ocrx_word' id='word_1_42' title='bbox 347 849 425 893; x_wconf 88' lang='lat' dir='ltr'>stetnit</span> <span class='ocrx_word' id='word_1_43' title='bbox 443 847 581 893; x_wconf 82' lang='lat' dir='ltr'>visitationis</span> <span class='ocrx_word' id='word_1_44' title='bbox 601 846 697 902; x_wconf 81' lang='lat' dir='ltr'>preeleti</span> <span class='ocrx_word' id='word_1_45' title='bbox 719 847 772 893; x_wconf 84' lang='lat' dir='ltr'>festi</span> <span class='ocrx_word' id='word_1_46' title='bbox 790 847 921 892; x_wconf 74' lang='lat' dir='ltr'>memorium</span> <span class='ocrx_word' id='word_1_47' title='bbox 944 847 968 891; x_wconf 88' lang='lat' dir='ltr'>in</span> <span class='ocrx_word' id='word_1_48' title='bbox 991 848 1114 893; x_wconf 85' lang='lat' dir='ltr'>crestinnnn</span> 
     </span>
     <span class='ocr_line' id='line_1_6' title="bbox 75 915 1114 971; baseline 0.007 -17"><span class='ocrx_word' id='word_1_49' title='bbox 75 917 206 958; x_wconf 81' lang='lat' dir='ltr'>oetnrnnnn</span> <span class='ocrx_word' id='word_1_50' title='bbox 219 915 281 960; x_wconf 85' lang='lat' dir='ltr'>benti</span> <span class='ocrx_word' id='word_1_51' title='bbox 294 915 402 961; x_wconf 76' lang='lat' dir='ltr'>lobnnnis</span> <span class='ocrx_word' id='word_1_52' title='bbox 415 915 529 971; x_wconf 79' lang='lat' dir='ltr'>bsptistne</span> <span class='ocrx_word' id='word_1_53' title='bbox 543 930 593 959; x_wconf 88' lang='lat' dir='ltr'>onrn</span> <span class='ocrx_word' id='word_1_54' title='bbox 607 917 695 960; x_wconf 78' lang='lat' dir='ltr'>octenis</span> <span class='ocrx_word' id='word_1_55' title='bbox 708 915 855 970; x_wconf 73' lang='lat' dir='ltr'>sequentibus</span> <span class='ocrx_word' id='word_1_56' title='bbox 865 915 894 959; x_wconf 86' lang='lat' dir='ltr'>de</span> <span class='ocrx_word' id='word_1_57' title='bbox 904 916 965 959; x_wconf 83' lang='lat' dir='ltr'>lesio</span> <span class='ocrx_word' id='word_1_58' title='bbox 975 916 1114 961; x_wconf 79' lang='lat' dir='ltr'>visitetiorris</span> 
     </span>
     <span class='ocr_line' id='line_1_7' title="bbox 76 979 1113 1028; baseline 0.006 -7"><span class='ocrx_word' id='word_1_59' title='bbox 76 979 161 1025; x_wconf 77' lang='lat' dir='ltr'>ltnriee</span> <span class='ocrx_word' id='word_1_60' title='bbox 177 997 191 1026; x_wconf 80' lang='lat' dir='ltr'>e</span> <span class='ocrx_word' id='word_1_61' title='bbox 208 984 295 1028; x_wconf 66' lang='lat' dir='ltr'>unctis</span> <span class='ocrx_word' id='word_1_62' title='bbox 313 983 420 1028; x_wconf 78' lang='lat' dir='ltr'>indolibus</span> <span class='ocrx_word' id='word_1_63' title='bbox 437 983 554 1028; x_wconf 72' lang='lat' dir='ltr'>celebrari.</span> <span class='ocrx_word' id='word_1_64' title='bbox 586 987 613 1026; x_wconf 87' lang='lat' dir='ltr'>lli</span> <span class='ocrx_word' id='word_1_65' title='bbox 632 990 706 1026; x_wconf 77' lang='lat' dir='ltr'>entem</span> <span class='ocrx_word' id='word_1_66' title='bbox 730 982 803 1028; x_wconf 84' lang='lat' dir='ltr'>omnis</span> <span class='ocrx_word' id='word_1_67' title='bbox 822 983 925 1026; x_wconf 83' lang='lat' dir='ltr'>iideliune</span> <span class='ocrx_word' id='word_1_68' title='bbox 942 983 1065 1028; x_wconf 81' lang='lat' dir='ltr'>multitudo</span> <span class='ocrx_word' id='word_1_69' title='bbox 1083 985 1113 1027; x_wconf 85' lang='lat' dir='ltr'>ed</span> 
     </span>
     <span class='ocr_line' id='line_1_8' title="bbox 75 1047 1113 1105; baseline 0.006 -16"><span class='ocrx_word' id='word_1_70' title='bbox 75 1047 206 1094; x_wconf 72' lang='lat' dir='ltr'>menonem</span> <span class='ocrx_word' id='word_1_71' title='bbox 219 1051 335 1105; x_wconf 82' lang='lat' dir='ltr'>preeletee</span> <span class='ocrx_word' id='word_1_72' title='bbox 346 1049 483 1096; x_wconf 78' lang='lat' dir='ltr'>visitetionis</span> <span class='ocrx_word' id='word_1_73' title='bbox 496 1051 581 1094; x_wconf 75' lang='lat' dir='ltr'>nerine</span> <span class='ocrx_word' id='word_1_74' title='bbox 594 1049 625 1094; x_wconf 88' lang='lat' dir='ltr'>sd</span> <span class='ocrx_word' id='word_1_75' title='bbox 637 1050 755 1094; x_wconf 71' lang='lat' dir='ltr'>elizabeth</span> <span class='ocrx_word' id='word_1_76' title='bbox 768 1051 837 1094; x_wconf 81' lang='lat' dir='ltr'>nerins</span> <span class='ocrx_word' id='word_1_77' title='bbox 848 1058 870 1094; x_wconf 89' lang='lat' dir='ltr'>et</span> <span class='ocrx_word' id='word_1_78' title='bbox 882 1050 989 1095; x_wconf 83' lang='lat' dir='ltr'>devotius</span> <span class='ocrx_word' id='word_1_79' title='bbox 997 1051 1113 1104; x_wconf 79' lang='lat' dir='ltr'>excitetur,</span> 
     </span>
     <span class='ocr_line' id='line_1_9' title="bbox 74 1113 1114 1169; baseline 0.008 -13"><span class='ocrx_word' id='word_1_80' title='bbox 74 1113 149 1160; x_wconf 76' lang='lat' dir='ltr'>soluit</span> <span class='ocrx_word' id='word_1_81' title='bbox 163 1115 223 1160; x_wconf 87' lang='lat' dir='ltr'>idern</span> <span class='ocrx_word' id='word_1_82' title='bbox 237 1117 352 1169; x_wconf 71' lang='lat' dir='ltr'>Urbanus,</span> <span class='ocrx_word' id='word_1_83' title='bbox 365 1124 390 1161; x_wconf 92' lang='lat' dir='ltr'>ut</span> <span class='ocrx_word' id='word_1_84' title='bbox 403 1119 508 1164; x_wconf 81' lang='lat' dir='ltr'>omnibns</span> <span class='ocrx_word' id='word_1_85' title='bbox 522 1135 575 1164; x_wconf 82' lang='lat' dir='ltr'>rere</span> <span class='ocrx_word' id='word_1_86' title='bbox 588 1117 699 1164; x_wconf 77' lang='lat' dir='ltr'>confessis</span> <span class='ocrx_word' id='word_1_87' title='bbox 712 1127 734 1162; x_wconf 89' lang='lat' dir='ltr'>et</span> <span class='ocrx_word' id='word_1_88' title='bbox 748 1119 850 1163; x_wconf 82' lang='lat' dir='ltr'>contritis</span> <span class='ocrx_word' id='word_1_89' title='bbox 863 1118 948 1162; x_wconf 76' lang='lat' dir='ltr'>dicture</span> <span class='ocrx_word' id='word_1_90' title='bbox 961 1117 1044 1162; x_wconf 78' lang='lat' dir='ltr'>festum</span> <span class='ocrx_word' id='word_1_91' title='bbox 1057 1121 1114 1165; x_wconf 76' lang='lat' dir='ltr'>nisi·</span> 
     </span>
     <span class='ocr_line' id='line_1_10' title="bbox 73 1181 1113 1232; baseline 0.006 -6"><span class='ocrx_word' id='word_1_92' title='bbox 73 1184 167 1228; x_wconf 79' lang='lat' dir='ltr'>tutionis</span> <span class='ocrx_word' id='word_1_93' title='bbox 186 1185 270 1229; x_wconf 67' lang='lat' dir='ltr'>nerine</span> <span class='ocrx_word' id='word_1_94' title='bbox 290 1184 456 1232; x_wconf 79' lang='lat' dir='ltr'>eelebrentlbos</span> <span class='ocrx_word' id='word_1_95' title='bbox 476 1203 526 1232; x_wconf 75' lang='lat' dir='ltr'>mer</span> <span class='ocrx_word' id='word_1_96' title='bbox 543 1187 630 1232; x_wconf 84' lang='lat' dir='ltr'>octavis</span> <span class='ocrx_word' id='word_1_97' title='bbox 647 1187 699 1230; x_wconf 88' lang='lat' dir='ltr'>loco</span> <span class='ocrx_word' id='word_1_98' title='bbox 716 1181 901 1231; x_wconf 77' lang='lat' dir='ltr'>distributionum</span> <span class='ocrx_word' id='word_1_99' title='bbox 922 1187 1071 1231; x_wconf 73' lang='lat' dir='ltr'>materialium</span> <span class='ocrx_word' id='word_1_100' title='bbox 1090 1187 1113 1232; x_wconf 89' lang='lat' dir='ltr'>in</span> 
     </span>
     <span class='ocr_line' id='line_1_11' title="bbox 75 1251 1113 1310; baseline 0.004 -14"><span class='ocrx_word' id='word_1_101' title='bbox 75 1251 178 1296; x_wconf 87' lang='lat' dir='ltr'>ecclesiis</span> <span class='ocrx_word' id='word_1_102' title='bbox 190 1251 239 1296; x_wconf 85' lang='lat' dir='ltr'>lieri</span> <span class='ocrx_word' id='word_1_103' title='bbox 252 1253 366 1298; x_wconf 75' lang='lat' dir='ltr'>coenetis</span> <span class='ocrx_word' id='word_1_104' title='bbox 380 1253 409 1298; x_wconf 88' lang='lat' dir='ltr'>de</span> <span class='ocrx_word' id='word_1_105' title='bbox 422 1255 528 1300; x_wconf 87' lang='lat' dir='ltr'>theseuro</span> <span class='ocrx_word' id='word_1_106' title='bbox 539 1253 651 1310; x_wconf 73' lang='lat' dir='ltr'>spirituali</span> <span class='ocrx_word' id='word_1_107' title='bbox 664 1267 732 1300; x_wconf 81' lang='lat' dir='ltr'>reree</span> <span class='ocrx_word' id='word_1_108' title='bbox 750 1254 915 1306; x_wconf 66' lang='lat' dir='ltr'>indulgentius,</span> <span class='ocrx_word' id='word_1_109' title='bbox 935 1255 993 1298; x_wconf 84' lang='lat' dir='ltr'>sicut</span> <span class='ocrx_word' id='word_1_110' title='bbox 1011 1254 1035 1298; x_wconf 90' lang='lat' dir='ltr'>in</span> <span class='ocrx_word' id='word_1_111' title='bbox 1052 1254 1113 1300; x_wconf 82' lang='lat' dir='ltr'>lecto</span> 
     </span>
     <span class='ocr_line' id='line_1_12' title="bbox 75 1319 1113 1377; baseline 0.004 -13"><span class='ocrx_word' id='word_1_112' title='bbox 75 1320 179 1375; x_wconf 68' lang='lat' dir='ltr'>coponis</span> <span class='ocrx_word' id='word_1_113' title='bbox 191 1319 284 1374; x_wconf 72' lang='lat' dir='ltr'>curisti,</span> <span class='ocrx_word' id='word_1_114' title='bbox 298 1321 380 1366; x_wconf 79' lang='lat' dir='ltr'>tntnrte</span> <span class='ocrx_word' id='word_1_115' title='bbox 393 1321 534 1377; x_wconf 86' lang='lat' dir='ltr'>temporibus</span> <span class='ocrx_word' id='word_1_116' title='bbox 546 1321 695 1366; x_wconf 79' lang='lat' dir='ltr'>elleoiueliter</span> <span class='ocrx_word' id='word_1_117' title='bbox 707 1322 844 1374; x_wconf 65' lang='lat' dir='ltr'>lenirentur.</span> <span class='ocrx_word' id='word_1_118' title='bbox 873 1327 926 1366; x_wconf 81' lang='lat' dir='ltr'>cunr</span> <span class='ocrx_word' id='word_1_119' title='bbox 940 1321 1007 1374; x_wconf 68' lang='lat' dir='ltr'>igitur</span> <span class='ocrx_word' id='word_1_120' title='bbox 1020 1323 1113 1376; x_wconf 69' lang='lat' dir='ltr'>enectus</span> 
     </span>
     <span class='ocr_line' id='line_1_13' title="bbox 74 1388 1113 1448; baseline 0.003 -15"><span class='ocrx_word' id='word_1_121' title='bbox 74 1389 187 1434; x_wconf 81' lang='lat' dir='ltr'>euntierit</span> <span class='ocrx_word' id='word_1_122' title='bbox 200 1389 297 1442; x_wconf 70' lang='lat' dir='ltr'>uerius,</span> <span class='ocrx_word' id='word_1_123' title='bbox 317 1388 380 1442; x_wconf 81' lang='lat' dir='ltr'>qtrod</span> <span class='ocrx_word' id='word_1_124' title='bbox 395 1389 484 1433; x_wconf 75' lang='lat' dir='ltr'>invenit</span> <span class='ocrx_word' id='word_1_125' title='bbox 500 1391 593 1441; x_wconf 72' lang='lat' dir='ltr'>pretinm</span> <span class='ocrx_word' id='word_1_126' title='bbox 611 1391 673 1446; x_wconf 83' lang='lat' dir='ltr'>epud</span> <span class='ocrx_word' id='word_1_127' title='bbox 686 1389 800 1433; x_wconf 83' lang='lat' dir='ltr'>dominum</span> <span class='ocrx_word' id='word_1_128' title='bbox 814 1397 836 1433; x_wconf 89' lang='lat' dir='ltr'>et</span> <span class='ocrx_word' id='word_1_129' title='bbox 850 1389 912 1444; x_wconf 85' lang='lat' dir='ltr'>quod</span> <span class='ocrx_word' id='word_1_130' title='bbox 925 1389 954 1434; x_wconf 89' lang='lat' dir='ltr'>de</span> <span class='ocrx_word' id='word_1_131' title='bbox 967 1404 993 1433; x_wconf 84' lang='lat' dir='ltr'>ee</span> <span class='ocrx_word' id='word_1_132' title='bbox 1007 1392 1113 1448; x_wconf 85' lang='lat' dir='ltr'>concipe-</span> 
     </span>
     <span class='ocr_line' id='line_1_14' title="bbox 74 1456 1112 1514; baseline 0.004 -14"><span class='ocrx_word' id='word_1_133' title='bbox 74 1462 135 1500; x_wconf 88' lang='lat' dir='ltr'>retur</span> <span class='ocrx_word' id='word_1_134' title='bbox 147 1456 207 1502; x_wconf 79' lang='lat' dir='ltr'>filine</span> <span class='ocrx_word' id='word_1_135' title='bbox 220 1456 263 1502; x_wconf 80' lang='lat' dir='ltr'>uei</span> <span class='ocrx_word' id='word_1_136' title='bbox 275 1457 305 1501; x_wconf 88' lang='lat' dir='ltr'>ed</span> <span class='ocrx_word' id='word_1_137' title='bbox 317 1456 414 1502; x_wconf 83' lang='lat' dir='ltr'>sniutern</span> <span class='ocrx_word' id='word_1_138' title='bbox 427 1457 527 1502; x_wconf 82' lang='lat' dir='ltr'>omnium</span> <span class='ocrx_word' id='word_1_139' title='bbox 540 1457 687 1514; x_wconf 85' lang='lat' dir='ltr'>populorum,</span> <span class='ocrx_word' id='word_1_140' title='bbox 706 1473 772 1512; x_wconf 77' lang='lat' dir='ltr'>quens</span> <span class='ocrx_word' id='word_1_141' title='bbox 787 1457 831 1501; x_wconf 87' lang='lat' dir='ltr'>nito</span> <span class='ocrx_word' id='word_1_142' title='bbox 845 1457 894 1513; x_wconf 83' lang='lat' dir='ltr'>ipse</span> <span class='ocrx_word' id='word_1_143' title='bbox 908 1457 1017 1511; x_wconf 81' lang='lat' dir='ltr'>credidit,</span> <span class='ocrx_word' id='word_1_144' title='bbox 1035 1459 1112 1504; x_wconf 71' lang='lat' dir='ltr'>stetini</span> 
     </span>
     <span class='ocr_line' id='line_1_15' title="bbox 74 1525 1112 1581; baseline 0.003 -13"><span class='ocrx_word' id='word_1_145' title='bbox 74 1525 180 1581; x_wconf 76' lang='lat' dir='ltr'>concepte</span> <span class='ocrx_word' id='word_1_146' title='bbox 197 1525 221 1570; x_wconf 80' lang='lat' dir='ltr'>ie</span> <span class='ocrx_word' id='word_1_147' title='bbox 238 1530 305 1570; x_wconf 74' lang='lat' dir='ltr'>utero</span> <span class='ocrx_word' id='word_1_148' title='bbox 322 1527 418 1570; x_wconf 73' lang='lat' dir='ltr'>verbnm</span> <span class='ocrx_word' id='word_1_149' title='bbox 436 1525 479 1568; x_wconf 75' lang='lat' dir='ltr'>nei</span> <span class='ocrx_word' id='word_1_150' title='bbox 497 1533 587 1580; x_wconf 84' lang='lat' dir='ltr'>etpost</span> <span class='ocrx_word' id='word_1_151' title='bbox 604 1527 686 1578; x_wconf 70' lang='lat' dir='ltr'>pretias</span> <span class='ocrx_word' id='word_1_152' title='bbox 699 1525 811 1568; x_wconf 75' lang='lat' dir='ltr'>extttbiree</span> <span class='ocrx_word' id='word_1_153' title='bbox 825 1525 930 1569; x_wconf 86' lang='lat' dir='ltr'>detento</span> <span class='ocrx_word' id='word_1_154' title='bbox 943 1525 1055 1571; x_wconf 85' lang='lat' dir='ltr'>benelioio</span> <span class='ocrx_word' id='word_1_155' title='bbox 1068 1527 1112 1571; x_wconf 90' lang='lat' dir='ltr'>sibi</span> 
     </span>
     <span class='ocr_line' id='line_1_16' title="bbox 73 1589 1112 1650; baseline 0.006 -16"><span class='ocrx_word' id='word_1_156' title='bbox 73 1589 134 1636; x_wconf 81' lang='lat' dir='ltr'>lecto</span> <span class='ocrx_word' id='word_1_157' title='bbox 153 1607 181 1636; x_wconf 83' lang='lat' dir='ltr'>ex</span> <span class='ocrx_word' id='word_1_158' title='bbox 198 1606 278 1646; x_wconf 70' lang='lat' dir='ltr'>mene</span> <span class='ocrx_word' id='word_1_159' title='bbox 298 1594 392 1638; x_wconf 84' lang='lat' dir='ltr'>ceritete</span> <span class='ocrx_word' id='word_1_160' title='bbox 410 1601 433 1637; x_wconf 88' lang='lat' dir='ltr'>et</span> <span class='ocrx_word' id='word_1_161' title='bbox 453 1594 538 1650; x_wconf 84' lang='lat' dir='ltr'>pietnte</span> <span class='ocrx_word' id='word_1_162' title='bbox 556 1593 642 1637; x_wconf 85' lang='lat' dir='ltr'>studuit</span> <span class='ocrx_word' id='word_1_163' title='bbox 661 1607 725 1637; x_wconf 84' lang='lat' dir='ltr'>suern</span> <span class='ocrx_word' id='word_1_164' title='bbox 742 1601 860 1643; x_wconf 72' lang='lat' dir='ltr'>coeuntem</span> <span class='ocrx_word' id='word_1_165' title='bbox 878 1593 997 1638; x_wconf 73' lang='lat' dir='ltr'>Eliznbetlr</span> <span class='ocrx_word' id='word_1_166' title='bbox 1014 1597 1058 1649; x_wconf 72' lang='lat' dir='ltr'>inm</span> <span class='ocrx_word' id='word_1_167' title='bbox 1072 1609 1112 1640; x_wconf 80' lang='lat' dir='ltr'>sex</span> 
     </span>
     <span class='ocr_line' id='line_1_17' title="bbox 73 1660 1112 1717; baseline 0.004 -13"><span class='ocrx_word' id='word_1_168' title='bbox 73 1660 189 1706; x_wconf 79' lang='lat' dir='ltr'>mensibus</span> <span class='ocrx_word' id='word_1_169' title='bbox 200 1662 316 1714; x_wconf 69' lang='lat' dir='ltr'>neridsrn</span> <span class='ocrx_word' id='word_1_170' title='bbox 330 1669 376 1706; x_wconf 76' lang='lat' dir='ltr'>turn</span> <span class='ocrx_word' id='word_1_171' title='bbox 388 1660 413 1705; x_wconf 87' lang='lat' dir='ltr'>in</span> <span class='ocrx_word' id='word_1_172' title='bbox 424 1660 563 1705; x_wconf 67' lang='lat' dir='ltr'>Hierusalem</span> <span class='ocrx_word' id='word_1_173' title='bbox 576 1661 673 1705; x_wconf 85' lang='lat' dir='ltr'>selutnre</span> <span class='ocrx_word' id='word_1_174' title='bbox 686 1669 707 1704; x_wconf 89' lang='lat' dir='ltr'>et</span> <span class='ocrx_word' id='word_1_175' title='bbox 721 1661 765 1704; x_wconf 86' lang='lat' dir='ltr'>sibi</span> <span class='ocrx_word' id='word_1_176' title='bbox 780 1662 878 1717; x_wconf 84' lang='lat' dir='ltr'>competi</span> <span class='ocrx_word' id='word_1_177' title='bbox 890 1677 918 1706; x_wconf 86' lang='lat' dir='ltr'>eo</span> <span class='ocrx_word' id='word_1_178' title='bbox 930 1663 1022 1710; x_wconf 79' lang='lat' dir='ltr'>servire.</span> <span class='ocrx_word' id='word_1_179' title='bbox 1047 1664 1112 1708; x_wconf 80' lang='lat' dir='ltr'>Unde</span> 
     </span>
     <span class='ocr_line' id='line_1_18' title="bbox 73 1727 1111 1782; baseline 0.004 -10"><span class='ocrx_word' id='word_1_180' title='bbox 73 1727 154 1772; x_wconf 80' lang='lat' dir='ltr'>dicitur</span> <span class='ocrx_word' id='word_1_181' title='bbox 167 1729 196 1774; x_wconf 89' lang='lat' dir='ltr'>de</span> <span class='ocrx_word' id='word_1_182' title='bbox 209 1731 302 1775; x_wconf 73' lang='lat' dir='ltr'>cedern:</span> <span class='ocrx_word' id='word_1_183' title='bbox 321 1743 443 1782; x_wconf 67' lang='lat' dir='ltr'>exsurgens</span> <span class='ocrx_word' id='word_1_184' title='bbox 462 1731 534 1773; x_wconf 77' lang='lat' dir='ltr'>idnrin</span> <span class='ocrx_word' id='word_1_185' title='bbox 547 1728 604 1772; x_wconf 89' lang='lat' dir='ltr'>ebiit</span> <span class='ocrx_word' id='word_1_186' title='bbox 617 1729 639 1772; x_wconf 89' lang='lat' dir='ltr'>in</span> <span class='ocrx_word' id='word_1_187' title='bbox 652 1737 758 1773; x_wconf 75' lang='lat' dir='ltr'>montane</span> <span class='ocrx_word' id='word_1_188' title='bbox 772 1743 822 1773; x_wconf 82' lang='lat' dir='ltr'>cunr</span> <span class='ocrx_word' id='word_1_189' title='bbox 834 1729 981 1775; x_wconf 62' lang='lat' dir='ltr'>intinctione</span> <span class='ocrx_word' id='word_1_190' title='bbox 993 1729 1017 1775; x_wconf 88' lang='lat' dir='ltr'>in</span> <span class='ocrx_word' id='word_1_191' title='bbox 1030 1731 1111 1782; x_wconf 75' lang='lat' dir='ltr'>civite·</span> 
     </span>
     <span class='ocr_line' id='line_1_19' title="bbox 73 1796 1111 1850; baseline 0.003 -10"><span class='ocrx_word' id='word_1_192' title='bbox 73 1800 119 1840; x_wconf 80' lang='lat' dir='ltr'>len</span> <span class='ocrx_word' id='word_1_193' title='bbox 132 1797 191 1843; x_wconf 74' lang='lat' dir='ltr'>sude</span> <span class='ocrx_word' id='word_1_194' title='bbox 204 1807 228 1842; x_wconf 91' lang='lat' dir='ltr'>et</span> <span class='ocrx_word' id='word_1_195' title='bbox 240 1797 332 1842; x_wconf 77' lang='lat' dir='ltr'>introvit</span> <span class='ocrx_word' id='word_1_196' title='bbox 345 1797 439 1841; x_wconf 82' lang='lat' dir='ltr'>dorarun</span> <span class='ocrx_word' id='word_1_197' title='bbox 451 1797 572 1842; x_wconf 78' lang='lat' dir='ltr'>zeolceriee</span> <span class='ocrx_word' id='word_1_198' title='bbox 584 1804 606 1842; x_wconf 87' lang='lat' dir='ltr'>et</span> <span class='ocrx_word' id='word_1_199' title='bbox 620 1796 728 1840; x_wconf 76' lang='lat' dir='ltr'>salutavit</span> <span class='ocrx_word' id='word_1_200' title='bbox 738 1797 862 1843; x_wconf 73' lang='lat' dir='ltr'>Elinebetle.</span> <span class='ocrx_word' id='word_1_201' title='bbox 888 1797 951 1842; x_wconf 76' lang='lat' dir='ltr'>eniti</span> <span class='ocrx_word' id='word_1_202' title='bbox 962 1799 1031 1850; x_wconf 64' lang='lat' dir='ltr'>initur</span> <span class='ocrx_word' id='word_1_203' title='bbox 1039 1799 1111 1843; x_wconf 67' lang='lat' dir='ltr'>Ueris</span> 
     </span>
     <span class='ocr_line' id='line_1_20' title="bbox 71 1863 1111 1921; baseline 0.006 -14"><span class='ocrx_word' id='word_1_204' title='bbox 71 1863 95 1907; x_wconf 89' lang='lat' dir='ltr'>in</span> <span class='ocrx_word' id='word_1_205' title='bbox 117 1873 222 1910; x_wconf 73' lang='lat' dir='ltr'>nontnne</span> <span class='ocrx_word' id='word_1_206' title='bbox 240 1863 466 1918; x_wconf 59' lang='lat' dir='ltr'>conclamatione,</span> <span class='ocrx_word' id='word_1_207' title='bbox 484 1866 538 1921; x_wconf 77' lang='lat' dir='ltr'>quin</span> <span class='ocrx_word' id='word_1_208' title='bbox 553 1865 583 1908; x_wconf 87' lang='lat' dir='ltr'>nb</span> <span class='ocrx_word' id='word_1_209' title='bbox 604 1865 685 1916; x_wconf 72' lang='lat' dir='ltr'>angelo</span> <span class='ocrx_word' id='word_1_210' title='bbox 703 1865 726 1909; x_wconf 88' lang='lat' dir='ltr'>in</span> <span class='ocrx_word' id='word_1_211' title='bbox 739 1865 819 1908; x_wconf 86' lang='lat' dir='ltr'>itinere</span> <span class='ocrx_word' id='word_1_212' title='bbox 840 1864 938 1910; x_wconf 71' lang='lat' dir='ltr'>feciliter</span> <span class='ocrx_word' id='word_1_213' title='bbox 950 1867 1042 1912; x_wconf 89' lang='lat' dir='ltr'>dnctnte</span> <span class='ocrx_word' id='word_1_214' title='bbox 1058 1867 1111 1920; x_wconf 75' lang='lat' dir='ltr'>tuit,</span> 
     </span>
     <span class='ocr_line' id='line_1_21' title="bbox 73 1931 1110 1991; baseline 0.005 -15"><span class='ocrx_word' id='word_1_215' title='bbox 73 1931 167 1987; x_wconf 88' lang='lat' dir='ltr'>spiritns</span> <span class='ocrx_word' id='word_1_216' title='bbox 185 1933 258 1978; x_wconf 86' lang='lat' dir='ltr'>senoti</span> <span class='ocrx_word' id='word_1_217' title='bbox 275 1932 453 1978; x_wconf 85' lang='lat' dir='ltr'>inilnrnrnntione</span> <span class='ocrx_word' id='word_1_218' title='bbox 475 1948 517 1990; x_wconf 87' lang='lat' dir='ltr'>pec</span> <span class='ocrx_word' id='word_1_219' title='bbox 534 1933 630 1990; x_wconf 84' lang='lat' dir='ltr'>ebnrpta</span> <span class='ocrx_word' id='word_1_220' title='bbox 648 1933 759 1977; x_wconf 80' lang='lat' dir='ltr'>montium</span> <span class='ocrx_word' id='word_1_221' title='bbox 777 1933 912 1986; x_wconf 84' lang='lat' dir='ltr'>ducebatur,</span> <span class='ocrx_word' id='word_1_222' title='bbox 932 1949 991 1989; x_wconf 72' lang='lat' dir='ltr'>nune</span> <span class='ocrx_word' id='word_1_223' title='bbox 1007 1936 1110 1991; x_wconf 81' lang='lat' dir='ltr'>ejsudem</span> 
     </span>
     <span class='ocr_line' id='line_1_22' title="bbox 72 2000 1111 2055; baseline 0.005 -11"><span class='ocrx_word' id='word_1_224' title='bbox 72 2000 166 2054; x_wconf 81' lang='lat' dir='ltr'>spiritus</span> <span class='ocrx_word' id='word_1_225' title='bbox 175 2002 286 2054; x_wconf 63' lang='lat' dir='ltr'>„ruotione</span> <span class='ocrx_word' id='word_1_226' title='bbox 303 2001 403 2046; x_wconf 80' lang='lat' dir='ltr'>susciter</span> <span class='ocrx_word' id='word_1_227' title='bbox 422 2001 465 2046; x_wconf 83' lang='lat' dir='ltr'>init</span> <span class='ocrx_word' id='word_1_228' title='bbox 483 2003 574 2055; x_wconf 73' lang='lat' dir='ltr'>neitnte.</span> <span class='ocrx_word' id='word_1_229' title='bbox 600 2007 669 2046; x_wconf 73' lang='lat' dir='ltr'>dente</span> <span class='ocrx_word' id='word_1_230' title='bbox 688 2000 755 2053; x_wconf 66' lang='lat' dir='ltr'>initur</span> <span class='ocrx_word' id='word_1_231' title='bbox 767 2001 838 2044; x_wconf 72' lang='lat' dir='ltr'>lteris</span> <span class='ocrx_word' id='word_1_232' title='bbox 851 2001 875 2044; x_wconf 90' lang='lat' dir='ltr'>in</span> <span class='ocrx_word' id='word_1_233' title='bbox 887 2001 982 2046; x_wconf 75' lang='lat' dir='ltr'>domim</span> <span class='ocrx_word' id='word_1_234' title='bbox 993 2003 1111 2049; x_wconf 80' lang='lat' dir='ltr'>condelens</span> 
     </span>
     <span class='ocr_line' id='line_1_23' title="bbox 72 2067 1110 2126; baseline 0.005 -15"><span class='ocrx_word' id='word_1_235' title='bbox 72 2067 173 2114; x_wconf 83' lang='lat' dir='ltr'>lrileriter</span> <span class='ocrx_word' id='word_1_236' title='bbox 191 2069 359 2122; x_wconf 70' lang='lat' dir='ltr'>tennemigrnrit</span> <span class='ocrx_word' id='word_1_237' title='bbox 378 2083 446 2126; x_wconf 77' lang='lat' dir='ltr'>super</span> <span class='ocrx_word' id='word_1_238' title='bbox 465 2069 580 2114; x_wconf 80' lang='lat' dir='ltr'>cesurninn</span> <span class='ocrx_word' id='word_1_239' title='bbox 594 2069 703 2113; x_wconf 84' lang='lat' dir='ltr'>montium</span> <span class='ocrx_word' id='word_1_240' title='bbox 717 2069 775 2114; x_wconf 81' lang='lat' dir='ltr'>sinent</span> <span class='ocrx_word' id='word_1_241' title='bbox 787 2081 872 2125; x_wconf 67' lang='lat' dir='ltr'>presser.</span> <span class='ocrx_word' id='word_1_242' title='bbox 898 2074 923 2112; x_wconf 88' lang='lat' dir='ltr'>ln</span> <span class='ocrx_word' id='word_1_243' title='bbox 936 2070 1060 2125; x_wconf 84' lang='lat' dir='ltr'>esperitste</span> <span class='ocrx_word' id='word_1_244' title='bbox 1071 2071 1110 2116; x_wconf 88' lang='lat' dir='ltr'>iti-</span> 
     </span>
     <span class='ocr_line' id='line_1_24' title="bbox 72 2136 1110 2194; baseline 0.006 -15"><span class='ocrx_word' id='word_1_245' title='bbox 72 2137 133 2182; x_wconf 87' lang='lat' dir='ltr'>neris</span> <span class='ocrx_word' id='word_1_246' title='bbox 145 2137 313 2191; x_wconf 70' lang='lat' dir='ltr'>coneeudebet,</span> <span class='ocrx_word' id='word_1_247' title='bbox 325 2152 366 2194; x_wconf 79' lang='lat' dir='ltr'>per</span> <span class='ocrx_word' id='word_1_248' title='bbox 379 2137 438 2180; x_wconf 79' lang='lat' dir='ltr'>rium</span> <span class='ocrx_word' id='word_1_249' title='bbox 452 2137 587 2182; x_wconf 83' lang='lat' dir='ltr'>suneitntenr</span> <span class='ocrx_word' id='word_1_250' title='bbox 600 2138 764 2192; x_wconf 83' lang='lat' dir='ltr'>colloqnionun</span> <span class='ocrx_word' id='word_1_251' title='bbox 778 2136 952 2192; x_wconf 80' lang='lat' dir='ltr'>nepcrnebstur,</span> <span class='ocrx_word' id='word_1_252' title='bbox 971 2139 1032 2184; x_wconf 89' lang='lat' dir='ltr'>boun</span> <span class='ocrx_word' id='word_1_253' title='bbox 1045 2154 1110 2184; x_wconf 75' lang='lat' dir='ltr'>mon·</span> 
     </span>
     <span class='ocr_line' id='line_1_25' title="bbox 71 2205 1110 2262; baseline 0.006 -14"><span class='ocrx_word' id='word_1_254' title='bbox 71 2205 128 2250; x_wconf 80' lang='lat' dir='ltr'>tinen</span> <span class='ocrx_word' id='word_1_255' title='bbox 147 2205 171 2250; x_wconf 86' lang='lat' dir='ltr'>in</span> <span class='ocrx_word' id='word_1_256' title='bbox 189 2205 329 2252; x_wconf 79' lang='lat' dir='ltr'>ltr&#39;eruselene</span> <span class='ocrx_word' id='word_1_257' title='bbox 347 2205 371 2249; x_wconf 85' lang='lat' dir='ltr'>in</span> <span class='ocrx_word' id='word_1_258' title='bbox 389 2206 502 2250; x_wconf 75' lang='lat' dir='ltr'>montenis</span> <span class='ocrx_word' id='word_1_259' title='bbox 527 2205 643 2249; x_wconf 82' lang='lat' dir='ltr'>celerrime</span> <span class='ocrx_word' id='word_1_260' title='bbox 665 2207 780 2262; x_wconf 81' lang='lat' dir='ltr'>cupiebet.</span> <span class='ocrx_word' id='word_1_261' title='bbox 811 2205 886 2250; x_wconf 80' lang='lat' dir='ltr'>lloluit</span> <span class='ocrx_word' id='word_1_262' title='bbox 909 2205 942 2250; x_wconf 85' lang='lat' dir='ltr'>ibi</span> <span class='ocrx_word' id='word_1_263' title='bbox 965 2207 1063 2253; x_wconf 79' lang='lat' dir='ltr'>inveniri</span> <span class='ocrx_word' id='word_1_264' title='bbox 1086 2211 1110 2254; x_wconf 88' lang='lat' dir='ltr'>in</span> 
     </span>
     <span class='ocr_line' id='line_1_26' title="bbox 70 2272 1110 2331; baseline 0.003 -15"><span class='ocrx_word' id='word_1_265' title='bbox 70 2273 165 2331; x_wconf 80' lang='lat' dir='ltr'>publico</span> <span class='ocrx_word' id='word_1_266' title='bbox 182 2275 221 2319; x_wconf 79' lang='lat' dir='ltr'>sel</span> <span class='ocrx_word' id='word_1_267' title='bbox 239 2273 326 2324; x_wconf 77' lang='lat' dir='ltr'>videri.</span> <span class='ocrx_word' id='word_1_268' title='bbox 344 2273 387 2317; x_wconf 86' lang='lat' dir='ltr'>sed</span> <span class='ocrx_word' id='word_1_269' title='bbox 405 2272 463 2316; x_wconf 83' lang='lat' dir='ltr'>ebiit</span> <span class='ocrx_word' id='word_1_270' title='bbox 480 2273 625 2326; x_wconf 67' lang='lat' dir='ltr'>festinanter,</span> <span class='ocrx_word' id='word_1_271' title='bbox 644 2273 701 2318; x_wconf 86' lang='lat' dir='ltr'>ebiit</span> <span class='ocrx_word' id='word_1_272' title='bbox 720 2288 771 2317; x_wconf 84' lang='lat' dir='ltr'>curn</span> <span class='ocrx_word' id='word_1_273' title='bbox 791 2273 936 2316; x_wconf 75' lang='lat' dir='ltr'>instinctione</span> <span class='ocrx_word' id='word_1_274' title='bbox 952 2273 975 2318; x_wconf 88' lang='lat' dir='ltr'>in</span> <span class='ocrx_word' id='word_1_275' title='bbox 994 2275 1110 2320; x_wconf 78' lang='lat' dir='ltr'>oislteten</span> 
     </span>
     <span class='ocr_line' id='line_1_27' title="bbox 71 2341 1110 2398; baseline 0.003 -12"><span class='ocrx_word' id='word_1_276' title='bbox 71 2341 141 2397; x_wconf 74' lang='lat' dir='ltr'>tude,</span> <span class='ocrx_word' id='word_1_277' title='bbox 159 2349 184 2387; x_wconf 88' lang='lat' dir='ltr'>nt</span> <span class='ocrx_word' id='word_1_278' title='bbox 196 2344 311 2389; x_wconf 72' lang='lat' dir='ltr'>sensnm</span> <span class='ocrx_word' id='word_1_279' title='bbox 322 2355 455 2398; x_wconf 74' lang='lat' dir='ltr'>praecursor</span> <span class='ocrx_word' id='word_1_280' title='bbox 467 2341 554 2385; x_wconf 86' lang='lat' dir='ltr'>domini</span> <span class='ocrx_word' id='word_1_281' title='bbox 567 2341 643 2386; x_wconf 81' lang='lat' dir='ltr'>stetini</span> <span class='ocrx_word' id='word_1_282' title='bbox 662 2342 838 2387; x_wconf 71' lang='lat' dir='ltr'>sanctificentur</span> <span class='ocrx_word' id='word_1_283' title='bbox 856 2342 878 2386; x_wconf 91' lang='lat' dir='ltr'>in</span> <span class='ocrx_word' id='word_1_284' title='bbox 897 2349 975 2395; x_wconf 88' lang='lat' dir='ltr'>utero,</span> <span class='ocrx_word' id='word_1_285' title='bbox 990 2351 1016 2387; x_wconf 87' lang='lat' dir='ltr'>ut</span> <span class='ocrx_word' id='word_1_286' title='bbox 1028 2345 1110 2390; x_wconf 82' lang='lat' dir='ltr'>christi</span> 
     </span>
     <span class='ocr_line' id='line_1_28' title="bbox 72 2408 1109 2467; baseline 0.003 -13"><span class='ocrx_word' id='word_1_287' title='bbox 72 2409 196 2456; x_wconf 74' lang='lat' dir='ltr'>incensatio</span> <span class='ocrx_word' id='word_1_288' title='bbox 208 2409 232 2456; x_wconf 87' lang='lat' dir='ltr'>in</span> <span class='ocrx_word' id='word_1_289' title='bbox 245 2410 337 2454; x_wconf 81' lang='lat' dir='ltr'>civitete</span> <span class='ocrx_word' id='word_1_290' title='bbox 350 2409 421 2462; x_wconf 71' lang='lat' dir='ltr'>meeis</span> <span class='ocrx_word' id='word_1_291' title='bbox 435 2409 526 2464; x_wconf 80' lang='lat' dir='ltr'>publice</span> <span class='ocrx_word' id='word_1_292' title='bbox 539 2409 675 2467; x_wconf 76' lang='lat' dir='ltr'>penderetur</span> <span class='ocrx_word' id='word_1_293' title='bbox 687 2418 710 2454; x_wconf 87' lang='lat' dir='ltr'>et</span> <span class='ocrx_word' id='word_1_294' title='bbox 723 2416 748 2454; x_wconf 87' lang='lat' dir='ltr'>ut</span> <span class='ocrx_word' id='word_1_295' title='bbox 761 2411 790 2452; x_wconf 88' lang='lat' dir='ltr'>de</span> <span class='ocrx_word' id='word_1_296' title='bbox 804 2409 844 2453; x_wconf 89' lang='lat' dir='ltr'>illo</span> <span class='ocrx_word' id='word_1_297' title='bbox 859 2409 911 2453; x_wconf 88' lang='lat' dir='ltr'>loco</span> <span class='ocrx_word' id='word_1_298' title='bbox 924 2408 954 2451; x_wconf 87' lang='lat' dir='ltr'>sd</span> <span class='ocrx_word' id='word_1_299' title='bbox 968 2410 1024 2455; x_wconf 74' lang='lat' dir='ltr'>fines</span> <span class='ocrx_word' id='word_1_300' title='bbox 1036 2417 1109 2457; x_wconf 84' lang='lat' dir='ltr'>terree</span> 
     </span>
     <span class='ocr_line' id='line_1_29' title="bbox 71 2477 1108 2535; baseline 0.001 -13"><span class='ocrx_word' id='word_1_301' title='bbox 71 2484 184 2524; x_wconf 88' lang='lat' dir='ltr'>tentorurn</span> <span class='ocrx_word' id='word_1_302' title='bbox 197 2478 352 2534; x_wconf 68' lang='lat' dir='ltr'>mysteriorum</span> <span class='ocrx_word' id='word_1_303' title='bbox 365 2478 489 2525; x_wconf 88' lang='lat' dir='ltr'>declaretio</span> <span class='ocrx_word' id='word_1_304' title='bbox 502 2478 596 2522; x_wconf 87' lang='lat' dir='ltr'>ulterius</span> <span class='ocrx_word' id='word_1_305' title='bbox 609 2478 753 2535; x_wconf 79' lang='lat' dir='ltr'>penderetur.</span> <span class='ocrx_word' id='word_1_306' title='bbox 778 2483 804 2522; x_wconf 78' lang='lat' dir='ltr'>Et</span> <span class='ocrx_word' id='word_1_307' title='bbox 819 2477 912 2525; x_wconf 83' lang='lat' dir='ltr'>intrarit</span> <span class='ocrx_word' id='word_1_308' title='bbox 921 2477 1013 2522; x_wconf 83' lang='lat' dir='ltr'>dornunn</span> <span class='ocrx_word' id='word_1_309' title='bbox 1024 2480 1108 2523; x_wconf 78' lang='lat' dir='ltr'>zeche-</span> 
     </span>
     <span class='ocr_line' id='line_1_30' title="bbox 70 2545 1108 2602; baseline 0 -12"><span class='ocrx_word' id='word_1_310' title='bbox 70 2545 116 2592; x_wconf 83' lang='lat' dir='ltr'>rise</span> <span class='ocrx_word' id='word_1_311' title='bbox 130 2554 153 2590; x_wconf 92' lang='lat' dir='ltr'>et</span> <span class='ocrx_word' id='word_1_312' title='bbox 165 2547 273 2592; x_wconf 85' lang='lat' dir='ltr'>selntnvlt</span> <span class='ocrx_word' id='word_1_313' title='bbox 288 2547 412 2592; x_wconf 73' lang='lat' dir='ltr'>Eliznbetlu</span> <span class='ocrx_word' id='word_1_314' title='bbox 425 2561 478 2592; x_wconf 89' lang='lat' dir='ltr'>ecoe</span> <span class='ocrx_word' id='word_1_315' title='bbox 491 2547 606 2602; x_wconf 68' lang='lat' dir='ltr'>quomodo</span> <span class='ocrx_word' id='word_1_316' title='bbox 619 2546 712 2591; x_wconf 81' lang='lat' dir='ltr'>introvit</span> <span class='ocrx_word' id='word_1_317' title='bbox 725 2548 828 2602; x_wconf 82' lang='lat' dir='ltr'>superior</span> <span class='ocrx_word' id='word_1_318' title='bbox 840 2547 870 2592; x_wconf 90' lang='lat' dir='ltr'>ed</span> <span class='ocrx_word' id='word_1_319' title='bbox 883 2549 1001 2601; x_wconf 87' lang='lat' dir='ltr'>reinorern,</span> <span class='ocrx_word' id='word_1_320' title='bbox 1016 2545 1108 2590; x_wconf 80' lang='lat' dir='ltr'>domine</span> 
     </span>
     <span class='ocr_line' id='line_1_31' title="bbox 70 2613 1109 2669; baseline 0.001 -12"><span class='ocrx_word' id='word_1_321' title='bbox 70 2613 100 2657; x_wconf 84' lang='lat' dir='ltr'>ed</span> <span class='ocrx_word' id='word_1_322' title='bbox 118 2628 220 2669; x_wconf 81' lang='lat' dir='ltr'>serrem,</span> <span class='ocrx_word' id='word_1_323' title='bbox 239 2615 317 2668; x_wconf 68' lang='lat' dir='ltr'>resine</span> <span class='ocrx_word' id='word_1_324' title='bbox 331 2613 390 2658; x_wconf 86' lang='lat' dir='ltr'>coeli</span> <span class='ocrx_word' id='word_1_325' title='bbox 410 2621 431 2660; x_wconf 91' lang='lat' dir='ltr'>et</span> <span class='ocrx_word' id='word_1_326' title='bbox 449 2621 521 2660; x_wconf 86' lang='lat' dir='ltr'>terrse</span> <span class='ocrx_word' id='word_1_327' title='bbox 539 2614 570 2661; x_wconf 86' lang='lat' dir='ltr'>ed</span> <span class='ocrx_word' id='word_1_328' title='bbox 588 2615 695 2661; x_wconf 84' lang='lat' dir='ltr'>lernulern</span> <span class='ocrx_word' id='word_1_329' title='bbox 712 2621 734 2660; x_wconf 85' lang='lat' dir='ltr'>et</span> <span class='ocrx_word' id='word_1_330' title='bbox 754 2615 872 2667; x_wconf 80' lang='lat' dir='ltr'>encilleur,</span> <span class='ocrx_word' id='word_1_331' title='bbox 896 2622 920 2658; x_wconf 86' lang='lat' dir='ltr'>ut</span> <span class='ocrx_word' id='word_1_332' title='bbox 944 2614 978 2658; x_wconf 86' lang='lat' dir='ltr'>sic</span> <span class='ocrx_word' id='word_1_333' title='bbox 994 2613 1109 2658; x_wconf 83' lang='lat' dir='ltr'>leuderedo</span> 
     </span>
     <span class='ocr_line' id='line_1_32' title="bbox 69 2682 987 2741; baseline 0 -15"><span class='ocrx_word' id='word_1_334' title='bbox 69 2683 177 2729; x_wconf 86' lang='lat' dir='ltr'>leudibus</span> <span class='ocrx_word' id='word_1_335' title='bbox 190 2683 309 2729; x_wconf 71' lang='lat' dir='ltr'>Elisabeth</span> <span class='ocrx_word' id='word_1_336' title='bbox 323 2682 425 2730; x_wconf 74' lang='lat' dir='ltr'>risitaret</span> <span class='ocrx_word' id='word_1_337' title='bbox 440 2690 463 2728; x_wconf 92' lang='lat' dir='ltr'>et</span> <span class='ocrx_word' id='word_1_338' title='bbox 475 2683 526 2728; x_wconf 87' lang='lat' dir='ltr'>ines</span> <span class='ocrx_word' id='word_1_339' title='bbox 539 2685 588 2738; x_wconf 79' lang='lat' dir='ltr'>eins</span> <span class='ocrx_word' id='word_1_340' title='bbox 601 2683 680 2728; x_wconf 85' lang='lat' dir='ltr'>lendes</span> <span class='ocrx_word' id='word_1_341' title='bbox 693 2683 822 2741; x_wconf 72' lang='lat' dir='ltr'>reciprocus</span> <span class='ocrx_word' id='word_1_342' title='bbox 834 2689 948 2729; x_wconf 84' lang='lat' dir='ltr'>resoueret</span> <span class='ocrx_word' id='word_1_343' title='bbox 959 2685 987 2737; x_wconf 83' lang='lat'>¹).</span> 
     </span>
    </p>
   </div>
   <div class='ocr_carea' id='block_1_3' title="bbox 384 3192 791 3298">
    <p class='ocr_par' dir='ltr' id='par_1_3' title="bbox 384 3192 791 3298">
     <span class='ocr_line' id='line_1_33' title="bbox 384 3192 791 3298; baseline 0.005 -4"><span class='ocrx_word' id='word_1_344' title='bbox 384 3195 482 3294; x_wconf 78' lang='lat' dir='ltr'>bll’.</span> <span class='ocrx_word' id='word_1_345' title='bbox 508 3192 643 3292; x_wconf 80' lang='lat' dir='ltr'>tittt.</span> <span class='ocrx_word' id='word_1_346' title='bbox 676 3195 791 3298; x_wconf 68' lang='grc'>(1933</span> 
     </span>
    </p>
   </div>
   <div class='ocr_carea' id='block_1_4' title="bbox 108 3343 1065 3532">
    <p class='ocr_par' dir='ltr' id='par_1_4' title="bbox 108 3343 1065 3532">
     <span class='ocr_line' id='line_1_34' title="bbox 108 3343 1065 3432; baseline -0.002 -12"><span class='ocrx_word' id='word_1_347' title='bbox 108 3349 183 3420; x_wconf 82' lang='lat' dir='ltr'>no</span> <span class='ocrx_word' id='word_1_348' title='bbox 204 3346 370 3420; x_wconf 75' lang='lat' dir='ltr'>sencio</span> <span class='ocrx_word' id='word_1_349' title='bbox 398 3343 697 3420; x_wconf 71' lang='lat' dir='ltr'>scholastice</span> <span class='ocrx_word' id='word_1_350' title='bbox 719 3363 885 3432; x_wconf 82' lang='lat' dir='ltr'>surore</span> <span class='ocrx_word' id='word_1_351' title='bbox 907 3345 1065 3418; x_wconf 76' lang='lat' dir='ltr'>senoil</span> 
     </span>
     <span class='ocr_line' id='line_1_35' title="bbox 453 3460 719 3532; baseline -0.015 0"><span class='ocrx_word' id='word_1_352' title='bbox 453 3460 719 3532; x_wconf 80' lang='lat' dir='ltr'>Benedicti.</span> 
     </span>
    </p>
   </div>
   <div class='ocr_carea' id='block_1_5' title="bbox 63 3623 1106 4225">
    <p class='ocr_par' dir='ltr' id='par_1_5' title="bbox 63 3623 1106 4225">
     <span class='ocr_line' id='line_1_36' title="bbox 141 3623 1105 3682; baseline -0.002 -12"><span class='ocrx_word' id='word_1_353' title='bbox 141 3627 210 3670; x_wconf 72' lang='lat' dir='ltr'>soror</span> <span class='ocrx_word' id='word_1_354' title='bbox 227 3623 289 3669; x_wconf 83' lang='lat' dir='ltr'>besti</span> <span class='ocrx_word' id='word_1_355' title='bbox 306 3623 424 3669; x_wconf 72' lang='lat' dir='ltr'>Benedicti</span> <span class='ocrx_word' id='word_1_356' title='bbox 443 3625 582 3671; x_wconf 73' lang='lat' dir='ltr'>dclrolestiee</span> <span class='ocrx_word' id='word_1_357' title='bbox 600 3625 691 3670; x_wconf 85' lang='lat' dir='ltr'>nomine</span> <span class='ocrx_word' id='word_1_358' title='bbox 710 3625 860 3682; x_wconf 79' lang='lat' dir='ltr'>omnipotenti</span> <span class='ocrx_word' id='word_1_359' title='bbox 881 3627 975 3670; x_wconf 79' lang='lat' dir='ltr'>donnino</span> <span class='ocrx_word' id='word_1_360' title='bbox 999 3625 1029 3669; x_wconf 92' lang='lat' dir='ltr'>nb</span> <span class='ocrx_word' id='word_1_361' title='bbox 1054 3625 1105 3682; x_wconf 86' lang='lat' dir='ltr'>ipso</span> 
     </span>
     <span class='ocr_line' id='line_1_37' title="bbox 66 3691 1104 3751; baseline 0 -17"><span class='ocrx_word' id='word_1_362' title='bbox 66 3691 176 3748; x_wconf 81' lang='lat' dir='ltr'>puerities</span> <span class='ocrx_word' id='word_1_363' title='bbox 195 3706 249 3737; x_wconf 87' lang='lat' dir='ltr'>suae</span> <span class='ocrx_word' id='word_1_364' title='bbox 266 3699 369 3748; x_wconf 83' lang='lat' dir='ltr'>tempore</span> <span class='ocrx_word' id='word_1_365' title='bbox 387 3693 492 3740; x_wconf 80' lang='lat' dir='ltr'>dedicete</span> <span class='ocrx_word' id='word_1_366' title='bbox 510 3693 539 3737; x_wconf 89' lang='lat' dir='ltr'>nd</span> <span class='ocrx_word' id='word_1_367' title='bbox 558 3709 609 3738; x_wconf 85' lang='lat' dir='ltr'>eern</span> <span class='ocrx_word' id='word_1_368' title='bbox 623 3695 692 3739; x_wconf 85' lang='lat' dir='ltr'>semei</span> <span class='ocrx_word' id='word_1_369' title='bbox 706 3709 747 3751; x_wconf 86' lang='lat' dir='ltr'>per</span> <span class='ocrx_word' id='word_1_370' title='bbox 761 3709 844 3738; x_wconf 82' lang='lat' dir='ltr'>nnnurn</span> <span class='ocrx_word' id='word_1_371' title='bbox 856 3695 935 3738; x_wconf 77' lang='lat' dir='ltr'>venire</span> <span class='ocrx_word' id='word_1_372' title='bbox 947 3700 1104 3738; x_wconf 73' lang='lat' dir='ltr'>consueverint.</span> 
     </span>
     <span class='ocr_line' id='line_1_38' title="bbox 65 3759 1106 3818; baseline 0.001 -15"><span class='ocrx_word' id='word_1_373' title='bbox 65 3761 101 3803; x_wconf 80' lang='lat' dir='ltr'>nd</span> <span class='ocrx_word' id='word_1_374' title='bbox 120 3773 189 3815; x_wconf 84' lang='lat' dir='ltr'>quern</span> <span class='ocrx_word' id='word_1_375' title='bbox 207 3759 244 3804; x_wconf 80' lang='lat' dir='ltr'>eir</span> <span class='ocrx_word' id='word_1_376' title='bbox 261 3761 303 3805; x_wconf 84' lang='lat' dir='ltr'>ttei</span> <span class='ocrx_word' id='word_1_377' title='bbox 321 3772 366 3805; x_wconf 89' lang='lat' dir='ltr'>non</span> <span class='ocrx_word' id='word_1_378' title='bbox 385 3759 451 3814; x_wconf 65' lang='lat' dir='ltr'>lonae</span> <span class='ocrx_word' id='word_1_379' title='bbox 470 3769 533 3806; x_wconf 78' lang='lat' dir='ltr'>extre</span> <span class='ocrx_word' id='word_1_380' title='bbox 552 3767 646 3807; x_wconf 78' lang='lat' dir='ltr'>tnnunm</span> <span class='ocrx_word' id='word_1_381' title='bbox 665 3761 687 3805; x_wconf 91' lang='lat' dir='ltr'>in</span> <span class='ocrx_word' id='word_1_382' title='bbox 706 3761 853 3818; x_wconf 82' lang='lat' dir='ltr'>possessione</span> <span class='ocrx_word' id='word_1_383' title='bbox 865 3761 996 3806; x_wconf 85' lang='lat' dir='ltr'>rnonnsterii</span> <span class='ocrx_word' id='word_1_384' title='bbox 1009 3761 1106 3806; x_wconf 88' lang='lat' dir='ltr'>descen-</span> 
     </span>
     <span class='ocr_line' id='line_1_39' title="bbox 65 3828 1105 3887; baseline 0.001 -16"><span class='ocrx_word' id='word_1_385' title='bbox 65 3829 141 3875; x_wconf 76' lang='lat' dir='ltr'>debat.</span> <span class='ocrx_word' id='word_1_386' title='bbox 168 3828 270 3887; x_wconf 75' lang='lat' dir='ltr'>Quendam</span> <span class='ocrx_word' id='word_1_387' title='bbox 286 3842 342 3874; x_wconf 78' lang='lat' dir='ltr'>nero</span> <span class='ocrx_word' id='word_1_388' title='bbox 358 3829 398 3874; x_wconf 85' lang='lat' dir='ltr'>die</span> <span class='ocrx_word' id='word_1_389' title='bbox 417 3831 479 3874; x_wconf 83' lang='lat' dir='ltr'>renit</span> <span class='ocrx_word' id='word_1_390' title='bbox 498 3845 525 3874; x_wconf 81' lang='lat' dir='ltr'>ex</span> <span class='ocrx_word' id='word_1_391' title='bbox 544 3843 607 3874; x_wconf 79' lang='lat' dir='ltr'>inore</span> <span class='ocrx_word' id='word_1_392' title='bbox 625 3835 694 3883; x_wconf 82' lang='lat' dir='ltr'>ntqrrn</span> <span class='ocrx_word' id='word_1_393' title='bbox 706 3828 736 3872; x_wconf 84' lang='lat' dir='ltr'>ed</span> <span class='ocrx_word' id='word_1_394' title='bbox 749 3842 799 3872; x_wconf 80' lang='lat' dir='ltr'>enin</span> <span class='ocrx_word' id='word_1_395' title='bbox 813 3844 863 3874; x_wconf 71' lang='lat' dir='ltr'>cnut</span> <span class='ocrx_word' id='word_1_396' title='bbox 879 3828 998 3886; x_wconf 82' lang='lat' dir='ltr'>disoipulis</span> <span class='ocrx_word' id='word_1_397' title='bbox 1011 3843 1105 3874; x_wconf 84' lang='lat' dir='ltr'>renere-</span> 
     </span>
     <span class='ocr_line' id='line_1_40' title="bbox 64 3896 1105 3955; baseline 0.001 -15"><span class='ocrx_word' id='word_1_398' title='bbox 64 3896 118 3942; x_wconf 86' lang='lat' dir='ltr'>bilis</span> <span class='ocrx_word' id='word_1_399' title='bbox 131 3900 180 3954; x_wconf 77' lang='lat' dir='ltr'>ciue</span> <span class='ocrx_word' id='word_1_400' title='bbox 193 3897 312 3944; x_wconf 87' lang='lat' dir='ltr'>descendit</span> <span class='ocrx_word' id='word_1_401' title='bbox 324 3896 401 3945; x_wconf 80' lang='lat' dir='ltr'>lenter,</span> <span class='ocrx_word' id='word_1_402' title='bbox 427 3898 472 3955; x_wconf 82' lang='lat' dir='ltr'>(tui</span> <span class='ocrx_word' id='word_1_403' title='bbox 484 3905 558 3942; x_wconf 86' lang='lat' dir='ltr'>toturn</span> <span class='ocrx_word' id='word_1_404' title='bbox 571 3897 631 3942; x_wconf 76' lang='lat' dir='ltr'>elien·</span> <span class='ocrx_word' id='word_1_405' title='bbox 646 3898 669 3942; x_wconf 89' lang='lat' dir='ltr'>in</span> <span class='ocrx_word' id='word_1_406' title='bbox 683 3899 725 3941; x_wconf 81' lang='lat' dir='ltr'>nei</span> <span class='ocrx_word' id='word_1_407' title='bbox 739 3897 844 3942; x_wconf 81' lang='lat' dir='ltr'>leudibus</span> <span class='ocrx_word' id='word_1_408' title='bbox 858 3898 973 3952; x_wconf 78' lang='lat' dir='ltr'>sacrisque</span> <span class='ocrx_word' id='word_1_409' title='bbox 983 3897 1105 3951; x_wconf 84' lang='lat' dir='ltr'>ooiloqniis</span> 
     </span>
     <span class='ocr_line' id='line_1_41' title="bbox 64 3965 1106 4022; baseline -0.002 -13"><span class='ocrx_word' id='word_1_410' title='bbox 64 3967 173 4010; x_wconf 87' lang='lat' dir='ltr'>ducentes</span> <span class='ocrx_word' id='word_1_411' title='bbox 190 3965 373 4011; x_wconf 76' lang='lat' dir='ltr'>incumbentibus</span> <span class='ocrx_word' id='word_1_412' title='bbox 392 3970 436 4020; x_wconf 81' lang='lat' dir='ltr'>inne</span> <span class='ocrx_word' id='word_1_413' title='bbox 455 3967 530 4012; x_wconf 86' lang='lat' dir='ltr'>noctis</span> <span class='ocrx_word' id='word_1_414' title='bbox 546 3965 648 4011; x_wconf 86' lang='lat' dir='ltr'>tenebris</span> <span class='ocrx_word' id='word_1_415' title='bbox 661 3966 765 4011; x_wconf 83' lang='lat' dir='ltr'>similiter</span> <span class='ocrx_word' id='word_1_416' title='bbox 777 3973 911 4022; x_wconf 81' lang='lat' dir='ltr'>nooepernnt</span> <span class='ocrx_word' id='word_1_417' title='bbox 924 3965 997 4017; x_wconf 81' lang='lat' dir='ltr'>eibos,</span> <span class='ocrx_word' id='word_1_418' title='bbox 1010 3979 1106 4018; x_wconf 74' lang='lat' dir='ltr'>cunique</span> 
     </span>
     <span class='ocr_line' id='line_1_42' title="bbox 64 4031 1105 4088; baseline -0.002 -9"><span class='ocrx_word' id='word_1_419' title='bbox 64 4035 137 4079; x_wconf 77' lang='lat' dir='ltr'>edituo</span> <span class='ocrx_word' id='word_1_420' title='bbox 149 4035 180 4078; x_wconf 86' lang='lat' dir='ltr'>sd</span> <span class='ocrx_word' id='word_1_421' title='bbox 193 4047 293 4079; x_wconf 78' lang='lat' dir='ltr'>mensem</span> <span class='ocrx_word' id='word_1_422' title='bbox 307 4034 411 4080; x_wconf 82' lang='lat' dir='ltr'>sederent</span> <span class='ocrx_word' id='word_1_423' title='bbox 430 4043 453 4080; x_wconf 90' lang='lat' dir='ltr'>et</span> <span class='ocrx_word' id='word_1_424' title='bbox 472 4035 532 4079; x_wconf 88' lang='lat' dir='ltr'>inter</span> <span class='ocrx_word' id='word_1_425' title='bbox 548 4049 573 4079; x_wconf 81' lang='lat' dir='ltr'>se</span> <span class='ocrx_word' id='word_1_426' title='bbox 592 4049 655 4079; x_wconf 87' lang='lat' dir='ltr'>sucre</span> <span class='ocrx_word' id='word_1_427' title='bbox 674 4035 764 4088; x_wconf 87' lang='lat' dir='ltr'>eloquin</span> <span class='ocrx_word' id='word_1_428' title='bbox 784 4040 913 4079; x_wconf 83' lang='lat' dir='ltr'>uerreseent</span> <span class='ocrx_word' id='word_1_429' title='bbox 930 4031 1062 4086; x_wconf 76' lang='lat' dir='ltr'>tardioeque</span> <span class='ocrx_word' id='word_1_430' title='bbox 1080 4046 1105 4077; x_wconf 88' lang='lat' dir='ltr'>se</span> 
     </span>
     <span class='ocr_line' id='line_1_43' title="bbox 64 4099 1105 4159; baseline -0.003 -11"><span class='ocrx_word' id='word_1_431' title='bbox 64 4105 117 4148; x_wconf 81' lang='lat' dir='ltr'>inore</span> <span class='ocrx_word' id='word_1_432' title='bbox 134 4103 285 4159; x_wconf 84' lang='lat' dir='ltr'>protrelreret,</span> <span class='ocrx_word' id='word_1_433' title='bbox 304 4103 384 4146; x_wconf 82' lang='lat' dir='ltr'>endem</span> <span class='ocrx_word' id='word_1_434' title='bbox 404 4103 581 4148; x_wconf 88' lang='lat' dir='ltr'>senctirnoninlis</span> <span class='ocrx_word' id='word_1_435' title='bbox 599 4102 683 4146; x_wconf 84' lang='lat' dir='ltr'>lernine</span> <span class='ocrx_word' id='word_1_436' title='bbox 703 4115 768 4148; x_wconf 87' lang='lat' dir='ltr'>soror</span> <span class='ocrx_word' id='word_1_437' title='bbox 785 4104 834 4156; x_wconf 74' lang='lat' dir='ltr'>eins</span> <span class='ocrx_word' id='word_1_438' title='bbox 847 4101 936 4154; x_wconf 71' lang='lat' dir='ltr'>roserit</span> <span class='ocrx_word' id='word_1_439' title='bbox 948 4114 1001 4145; x_wconf 83' lang='lat' dir='ltr'>eene</span> <span class='ocrx_word' id='word_1_440' title='bbox 1014 4099 1105 4145; x_wconf 81' lang='lat' dir='ltr'>dicensi</span> 
     </span>
     <span class='ocr_line' id='line_1_44' title="bbox 63 4167 1105 4225; baseline -0.003 -9"><span class='ocrx_word' id='word_1_441' title='bbox 63 4185 148 4225; x_wconf 75' lang='lat' dir='ltr'>quaeso</span> <span class='ocrx_word' id='word_1_442' title='bbox 167 4177 202 4222; x_wconf 83' lang='lat' dir='ltr'>te,</span> <span class='ocrx_word' id='word_1_443' title='bbox 221 4183 250 4215; x_wconf 85' lang='lat' dir='ltr'>ne</span> <span class='ocrx_word' id='word_1_444' title='bbox 270 4169 314 4215; x_wconf 88' lang='lat' dir='ltr'>istn</span> <span class='ocrx_word' id='word_1_445' title='bbox 332 4179 398 4215; x_wconf 86' lang='lat' dir='ltr'>nocte</span> <span class='ocrx_word' id='word_1_446' title='bbox 415 4185 452 4216; x_wconf 81' lang='lat' dir='ltr'>nte</span> <span class='ocrx_word' id='word_1_447' title='bbox 471 4171 563 4216; x_wconf 79' lang='lat' dir='ltr'>deseres</span> <span class='ocrx_word' id='word_1_448' title='bbox 582 4178 604 4215; x_wconf 87' lang='lat' dir='ltr'>ct</span> <span class='ocrx_word' id='word_1_449' title='bbox 618 4183 689 4225; x_wconf 77' lang='lat' dir='ltr'>usque</span> <span class='ocrx_word' id='word_1_450' title='bbox 703 4184 769 4214; x_wconf 77' lang='lat' dir='ltr'>uene</span> <span class='ocrx_word' id='word_1_451' title='bbox 781 4170 869 4224; x_wconf 78' lang='lat' dir='ltr'>sliquid</span> <span class='ocrx_word' id='word_1_452' title='bbox 880 4170 911 4214; x_wconf 89' lang='lat' dir='ltr'>de</span> <span class='ocrx_word' id='word_1_453' title='bbox 924 4168 1030 4214; x_wconf 85' lang='lat' dir='ltr'>eoelestis</span> <span class='ocrx_word' id='word_1_454' title='bbox 1042 4167 1105 4213; x_wconf 79' lang='lat' dir='ltr'>sitne</span> 
     </span>
    </p>
   </div>
   <div class='ocr_carea' id='block_1_6' title="bbox 61 4299 1104 4516">
    <p class='ocr_par' dir='ltr' id='par_1_6' title="bbox 61 4299 1104 4516">
     <span class='ocr_line' id='line_1_45' title="bbox 113 4299 1104 4364; baseline -0.005 -15"><span class='ocrx_word' id='word_1_455' title='bbox 113 4308 135 4357; x_wconf 77' lang='lat' dir='ltr'>l)</span> <span class='ocrx_word' id='word_1_456' title='bbox 148 4303 256 4358; x_wconf 69' lang='lat' dir='ltr'>Sequitur</span> <span class='ocrx_word' id='word_1_457' title='bbox 272 4305 316 4358; x_wconf 76' lang='lat' dir='ltr'>inne</span> <span class='ocrx_word' id='word_1_458' title='bbox 335 4309 400 4346; x_wconf 82' lang='lat' dir='ltr'>tenor</span> <span class='ocrx_word' id='word_1_459' title='bbox 416 4303 493 4346; x_wconf 84' lang='lat' dir='ltr'>bnilee</span> <span class='ocrx_word' id='word_1_460' title='bbox 510 4317 552 4364; x_wconf 72' lang='lat' dir='ltr'>per</span> <span class='ocrx_word' id='word_1_461' title='bbox 564 4299 705 4362; x_wconf 71' lang='lat' dir='ltr'>lioniluciunn</span> <span class='ocrx_word' id='word_1_462' title='bbox 718 4306 756 4346; x_wconf 79' lang='lat' dir='ltr'>ix.</span> <span class='ocrx_word' id='word_1_463' title='bbox 771 4317 853 4358; x_wconf 88' lang='lat' dir='ltr'>pepern</span> <span class='ocrx_word' id='word_1_464' title='bbox 867 4302 1012 4348; x_wconf 84' lang='lat' dir='ltr'>trensrniseee</span> <span class='ocrx_word' id='word_1_465' title='bbox 1025 4301 1054 4346; x_wconf 85' lang='lat' dir='ltr'>ad</span> <span class='ocrx_word' id='word_1_466' title='bbox 1068 4303 1104 4345; x_wconf 88' lang='lat' dir='ltr'>di-</span> 
     </span>
     <span class='ocr_line' id='line_1_46' title="bbox 61 4352 1103 4410; baseline -0.002 -11"><span class='ocrx_word' id='word_1_467' title='bbox 61 4370 141 4399; x_wconf 81' lang='lat' dir='ltr'>rerees</span> <span class='ocrx_word' id='word_1_468' title='bbox 153 4355 231 4399; x_wconf 84' lang='lat' dir='ltr'>rnundi</span> <span class='ocrx_word' id='word_1_469' title='bbox 247 4361 323 4410; x_wconf 73' lang='lat' dir='ltr'>partes</span> <span class='ocrx_word' id='word_1_470' title='bbox 337 4355 477 4410; x_wconf 71' lang='lat' dir='ltr'>superfusio</span> <span class='ocrx_word' id='word_1_471' title='bbox 491 4355 630 4398; x_wconf 78' lang='lat' dir='ltr'>ursitnttonis</span> <span class='ocrx_word' id='word_1_472' title='bbox 643 4354 725 4397; x_wconf 83' lang='lat' dir='ltr'>bentee</span> <span class='ocrx_word' id='word_1_473' title='bbox 738 4353 822 4397; x_wconf 66' lang='lat' dir='ltr'>iturine</span> <span class='ocrx_word' id='word_1_474' title='bbox 836 4352 929 4406; x_wconf 65' lang='lat' dir='ltr'>virginis</span> <span class='ocrx_word' id='word_1_475' title='bbox 942 4353 972 4396; x_wconf 90' lang='lat' dir='ltr'>nd</span> <span class='ocrx_word' id='word_1_476' title='bbox 986 4353 1103 4398; x_wconf 72' lang='lat' dir='ltr'>Elizebetlr</span> 
     </span>
     <span class='ocr_line' id='line_1_47' title="bbox 62 4403 1104 4462; baseline -0.001 -12"><span class='ocrx_word' id='word_1_477' title='bbox 62 4421 149 4450; x_wconf 89' lang='lat' dir='ltr'>necnon</span> <span class='ocrx_word' id='word_1_478' title='bbox 163 4408 251 4458; x_wconf 70' lang='lat' dir='ltr'>longior</span> <span class='ocrx_word' id='word_1_479' title='bbox 265 4406 328 4450; x_wconf 85' lang='lat' dir='ltr'>locus</span> <span class='ocrx_word' id='word_1_480' title='bbox 342 4420 370 4452; x_wconf 76' lang='lat' dir='ltr'>en</span> <span class='ocrx_word' id='word_1_481' title='bbox 384 4419 486 4451; x_wconf 82' lang='lat' dir='ltr'>sermone</span> <span class='ocrx_word' id='word_1_482' title='bbox 501 4405 639 4450; x_wconf 74' lang='lat' dir='ltr'>venerabilis</span> <span class='ocrx_word' id='word_1_483' title='bbox 652 4403 728 4450; x_wconf 83' lang='lat' dir='ltr'>liedue</span> <span class='ocrx_word' id='word_1_484' title='bbox 742 4405 770 4449; x_wconf 87' lang='lat' dir='ltr'>de</span> <span class='ocrx_word' id='word_1_485' title='bbox 789 4405 868 4450; x_wconf 84' lang='lat' dir='ltr'>cedent</span> <span class='ocrx_word' id='word_1_486' title='bbox 885 4420 910 4450; x_wconf 91' lang='lat' dir='ltr'>re</span> <span class='ocrx_word' id='word_1_487' title='bbox 928 4405 1028 4462; x_wconf 82' lang='lat' dir='ltr'>petitus.</span> <span class='ocrx_word' id='word_1_488' title='bbox 1047 4419 1104 4459; x_wconf 80' lang='lat' dir='ltr'>quse</span> 
     </span>
     <span class='ocr_line' id='line_1_48' title="bbox 61 4457 335 4516; baseline -0.004 -14"><span class='ocrx_word' id='word_1_489' title='bbox 61 4457 186 4504; x_wconf 73' lang='lat' dir='ltr'>omittendo</span> <span class='ocrx_word' id='word_1_490' title='bbox 199 4458 335 4516; x_wconf 73' lang='lat' dir='ltr'>poterimus</span> 
     </span>
    </p>
   </div>
   <div class='ocr_carea' id='block_1_7' title="bbox 0 0 1418 5302">
    <p class='ocr_par' dir='ltr' id='par_1_7' title="bbox 0 0 1418 5302">
     <span class='ocr_line' id='line_1_49' title="bbox 0 0 1418 5302; baseline 0 4"><span class='ocrx_word' id='word_1_491' title='bbox 0 0 1418 5302; x_wconf 95' lang='lat' dir='ltr'> </span> 
     </span>
    </p>
   </div>
  </div>
 </body>
</html>
