2866 5310
329 485 392 578 288
514 487 586 571 Cep.
608 488 711 550 bllill.
753 489 798 551 De
819 502 918 553 taneto
936 493 1022 556 Petro
1051 495 1179 557 martire.

328 647 422 704 eodum
448 653 475 704 el
499 651 592 718 poetae
615 647 733 703 notioris
759 652 926 708 excoriantes
942 658 969 709 et
987 651 1049 710 inde
1069 659 1197 709 exeuntes
1217 655 1343 710 unitim

290 819 294 826 .
329 764 386 804 earn
406 747 576 814 dimiserant,
601 745 649 802 aed
668 754 730 819 post
746 748 872 805 nodionnt
891 755 996 824 ponltnt
1015 758 1110 806 sanata
1126 754 1250 810 uerterit
1281 753 1346 810 irae·

328 847 414 903 dietat
431 853 516 903 autem
536 845 672 902 Conradne
688 846 838 904 baeretiona
863 849 928 906 baee
951 851 1044 907 uidene
1065 857 1092 906 ei
1108 857 1221 923 atnpena
1238 853 1272 908 od
1288 853 1349 910 idea

328 946 484 1002 catholicam
502 951 542 1002 eet
559 961 710 1004 conterent.
727 977 762 989 -
776 979 810 990 -
827 979 861 991 -
883 953 934 1010 ld.
946 949 974 1021 ¹)
997 950 1059 1006 Cena
1085 950 1192 1022 quidun
1217 951 1352 1009 baeretioat

328 1047 471 1102 aoerriraus
489 1044 638 1118 dlepntator
655 1052 682 1102 et
698 1045 864 1118 eloquentiae
882 1049 1026 1123 singularia
1043 1065 1100 1104 eun
1111 1051 1193 1107 beato
1203 1051 1292 1120 Petro,
1308 1069 1353 1109 oau

327 1144 415 1201 odiro
433 1145 546 1212 niteret,
564 1143 711 1216 dlopntarol
728 1152 754 1201 et
771 1143 876 1202 erroneo
898 1164 962 1203 anon
989 1147 1122 1204 subtiliter
1146 1157 1174 1204 et
1200 1157 1278 1206 aente
1302 1167 1354 1222 pro

327 1246 462 1315 potuisset
479 1243 506 1298 ln
525 1244 635 1300 modium
653 1259 685 1301 ae
701 1245 795 1301 beatae
806 1244 909 1314 Patrue,
927 1251 956 1301 ut
973 1245 1148 1317 neponderet
1162 1248 1198 1304 ad
1217 1253 1355 1321 propotlta

328 1344 491 1414 inportunae
507 1350 678 1417 perurgeret,
703 1344 749 1400 llle
773 1344 989 1402 deliberationem
1011 1353 1105 1417 petuo
1120 1351 1265 1403 oratorian
1283 1349 1357 1421 quol-

328 1440 405 1510 darn,
424 1443 494 1514 quod
512 1457 595 1515 prope
614 1451 687 1511 erat,
706 1445 815 1499 intrarit
830 1458 886 1499 oum
904 1443 1027 1516 lacrymis
1045 1461 1125 1502 orant
1142 1447 1241 1515 beare,
1261 1453 1290 1504 at
1302 1463 1356 1504 aaa·

328 1556 384 1598 eant
402 1541 464 1596 ildei
485 1557 550 1598 anae
567 1541 722 1599 detenderet
739 1548 766 1598 et
787 1541 936 1616 loquenten
954 1545 1079 1600 tumidant
1100 1553 1148 1601 aut
1164 1545 1201 1601 ad
1217 1545 1282 1603 idol
1295 1550 1357 1605 reri·

326 1651 407 1700 toton
427 1641 564 1697 reduceret
581 1647 626 1697 aut
642 1640 751 1714 linguae
769 1643 918 1713 paratione
933 1646 1048 1715 puniret,
1063 1660 1098 1701 ne
1115 1660 1237 1717 pereant
1254 1645 1288 1702 de
1304 1663 1357 1703 oae-

325 1749 384 1800 tero
401 1747 494 1797 eontra
512 1738 575 1795 idei
587 1743 724 1796 veritatern
734 1745 856 1809 tumeret,
875 1741 1034 1812 rediensque
1046 1743 1081 1798 ad
1097 1743 1261 1802 haeretica·
1278 1761 1357 1802 oona

327 1839 446 1899 onnlb'u
465 1839 551 1912 palan
570 1838 653 1907 dixit,
677 1846 706 1895 ut
728 1855 790 1896 tuae
810 1841 903 1896 lternna
920 1850 1081 1913 proponeret
1097 1845 1226 1900 rationes.
1261 1843 1310 1908 Qal
1326 1849 1358 1901 ita

325 1943 430 2014 penitae
451 1940 537 1996 laetat
561 1944 603 1994 est
625 1944 727 2006 notua,
752 1941 791 1994 uti
808 1955 856 1996 neo
875 1955 952 1995 unnta
971 1941 1054 1996 eolunt
1073 1941 1181 1998 rerbunn
1198 1943 1358 2017 aliquatenaa

326 2041 447 2115 prolerre
470 2037 579 2094 roderet.
613 2035 687 2094 liade
711 2037 839 2094 baeretici
863 2037 968 2095 eoninal
992 2049 1161 2099 reuerterunt
1188 2049 1218 2098 et
1240 2042 1357 2100 eatboliei

326 2143 382 2198 lieo
405 2139 509 2213 gratian
533 2137 686 2193 retulerunt
705 2167 739 2180 -
755 2167 789 2180 -
805 2167 840 2180 -
866 2141 923 2198 18.
950 2137 999 2194 Vir
1023 2139 1129 2212 qnidam
1154 2144 1262 2198 nonina
1281 2144 1356 2215 opitu

324 2241 435 2298 eredens
455 2238 648 2294 haeretieorum
665 2251 722 2293 enno
738 2240 880 2294 dominae
891 2237 1026 2310 eujusdam
1040 2238 1192 2297 baeretloae
1202 2246 1357 2316 oonaangal-

324 2356 391 2398 neae
407 2355 473 2396 oum
489 2337 525 2393 ad
545 2335 684 2392 eraleaian
702 2337 810 2393 iratrun
825 2339 944 2394 venenet
961 2339 1039 2394 etad
1056 2339 1170 2396 tnnbaon
1187 2344 1276 2397 naneti
1291 2342 1357 2399 Petri

323 2455 440 2514 pergent
464 2439 531 2493 duou
554 2435 591 2492 ibl
615 2433 739 2491 denarios
764 2439 964 2508 eonaqexluuet,
993 2439 1052 2508 ipae
1077 2439 1202 2500 denariae
1227 2443 1357 2513 aoeiqieoa

323 2539 404 2595 dixit:
420 2537 514 2593 bononi
532 2541 587 2602 eet,
607 2542 636 2591 nt
650 2535 771 2591 bibanur
788 2537 871 2603 ietoe;
896 2539 1037 2609 ttetintque
1052 2537 1125 2594 totaa'
1142 2542 1233 2611 eoepit
1248 2546 1357 2597 itenere

322 2654 371 2695 noo
389 2637 422 2693 de¹
439 2636 499 2692 locu
517 2635 610 2692 eodem
629 2635 795 2707 aliquatenus
806 2637 893 2714 potnit
905 2651 936 2692 se
948 2651 1061 2693 novere.
1098 2637 1147 2702 Qui
1160 2641 1270 2696 territae
1281 2657 1357 2712 prae·

322 2738 409 2793 diotoe
427 2737 551 2793 denarios
569 2737 595 2790 ln
614 2734 673 2789 loeo
690 2749 739 2790 aro
757 2751 818 2790 mox
835 2737 953 2791 restitnit
967 2744 995 2792 et
1011 2736 1123 2792 aloinde
1137 2739 1280 2796 abaeeaeit.
1314 2739 1357 2796 vt-

306 2838 387 2894 vdene
406 2843 492 2893 anien
509 2835 581 2890 beati
597 2834 668 2891 l’etrl
686 2835 820 2902 uirtutem,
838 2833 968 2890 baereeba
987 2834 1105 2892 desernit
1120 2841 1147 2892 et
1163 2836 1198 2892 ad
1217 2836 1295 2896 iidata
1312 2855 1357 2896 ea-

321 2935 445 2993 tbolleam
460 2951 492 2992 ee
508 2935 644 2990 convertit.
660 2963 694 2976 —-
707 2963 787 2976 --
809 2938 869 2994 1t).
879 2933 908 3005 ¹)
925 2933 1138 2990 Saneiintunlalit
1154 2942 1212 2991 erat
1230 2939 1357 3010 quaedam

321 3043 348 3095 in
365 3035 521 3091 Menenia
538 3041 565 3091 et
582 3037 610 3090 la
625 3032 742 3088 olamtro
760 3031 917 3089 Oetenbaob
932 3033 1034 3088 ordine
1051 3036 1134 3089 naneti
1144 3034 1212 3090 Sitti
1227 3036 1357 3095 Constan-

320 3137 414 3194 tlenaio
433 3135 563 3208 dqoeeaie,
584 3149 652 3206 qnae
665 3148 713 3204 per
725 3147 821 3188 eonon
837 3136 864 3187 et
881 3132 993 3203 anolino
1010 3147 1117 3206 gratem
1131 3141 1234 3207 guttam
1247 3139 1273 3192 ln
1288 3155 1357 3212 genu

320 3250 450 3308 perpenna
467 3242 523 3302 eet,
550 3235 588 3288 ltn
611 3231 681 3305 qnod
693 3233 775 3288 nollo
796 3231 913 3288 remedio
932 3238 1038 3303 poterat
1053 3232 1173 3295 liberari.
1208 3235 1280 3292 lleeo
1296 3241 1358 3311 quta

320 3334 486 3407 aepnlobrunt
506 3335 591 3391 naneti
617 3331 690 3389 l’etri
715 3331 890 3404 eorporellter
915 3333 1023 3388 uisitare
1046 3347 1098 3387 nou
1121 3339 1242 3404 omrai,
1265 3343 1357 3408 utpote

320 3449 388 3508 quae
411 3440 470 3490 erat
489 3433 539 3488 tub
560 3432 714 3489 obedientia
732 3435 875 3488 conutituta
898 3436 1012 3502 atquae
1031 3429 1180 3488 infirmitate
1197 3438 1357 3506 gravisum
1385 3493 1387 3495 ,

318 3533 479 3607 negebatur,
506 3534 635 3605 cogitarit
655 3533 749 3587 enitent
773 3519 936 3602 praedictum
953 3528 1118 3600 repdebrurn
1134 3533 1243 3588 nentali
1260 3552 1356 3608 gresso

319 3632 394 3689 adire
419 3647 454 3688 ao
474 3633 615 3688 deuotione
642 3631 736 3687 aedula
758 3632 877 3686 uisitare.
912 3627 1022 3684 lliooena
1048 3645 1128 3696 uero,
1154 3631 1226 3702 quod
1251 3635 1278 3688 ln
1296 3633 1359 3691 lilll

319 3732 416 3789 diaetis
433 3731 467 3787 de
484 3731 544 3787 loeo
558 3731 605 3786 illo
624 3730 802 3787 Mediolannn
820 3734 914 3801 postet
931 3727 1017 3795 adire,
1036 3727 1153 3800 quotidie
1170 3747 1221 3801 pro
1237 3734 1359 3804 qualibet

319 3832 410 3888 diaeta
426 3837 528 3886 oentnrn
545 3839 622 3902 pater
639 3838 730 3886 noster
748 3829 782 3884 ad
799 3829 925 3884 honorent
949 3828 1034 3882 saneti
1052 3825 1123 3883 Petri
1149 3829 1237 3887 dieero
1257 3836 1356 3905 eoepit

318 3931 414 3988 llirun
429 3932 457 3986 ln
474 3929 591 3986 nodum:
619 3945 676 3985 enm
699 3932 766 3985 letae
781 3928 909 3984 uenales
926 3927 1031 3982 diaetae
1047 3927 1138 3984 taliter
1151 3931 1240 4002 eoepit
1256 3931 1357 4000 lacere,

318 4031 468 4087 anoeeneire
493 4045 597 4102 temper
620 4037 647 4086 et
672 4029 798 4100 paulatin
824 4028 913 4097 eoepit
938 4041 968 4082 ao
994 4026 1088 4082 nelina
1113 4026 1222 4085 babere.
1256 4031 1293 4086 at
1309 4032 1358 4088 abi

317 4130 432 4186 uitlnaant
461 4128 576 4187 diaetam
600 4128 714 4202 perierit
735 4136 763 4184 et
787 4127 822 4183 ad
844 4126 958 4183 unbem
984 4127 1091 4182 nonant
1112 4142 1209 4200 gretan
1225 4133 1358 4202 peremit,

368 4304 391 4356 1)
403 4307 490 4346 uaeooe
502 4302 656 4358 paragraphus
669 4302 693 4346 in
706 4302 761 4348 edit.
774 4304 857 4346 raoenl.
870 4297 972 4352 arquitur
988 4296 1046 4342 inira
1065 4305 1119 4361 poet
1136 4299 1302 4356 paratraplrnna
1321 4305 1356 4348 ²2.

317 4372 340 4418 2)
353 4374 436 4414 liemon
448 4376 567 4424 aequente·
580 4370 716 4427 paratrapbi
727 4371 757 4414 ab
771 4371 833 4416 linia
849 4379 920 4422 naqm
934 4365 964 4411 nul
977 4371 1063 4413 diruant
1077 4365 1159 4413 deam
1171 4365 1196 4412 ia
1208 4367 1250 4416 ad.
1261 4371 1295 4418 l'r.
1307 4383 1358 4414 aaa·

318 4437 401 4484 adeam
414 4437 547 4484 recentioris
559 4437 659 4492 anuinio.
