2866 5310
240 486 313 566 cop.
337 483 492 546 cumn.
534 484 579 542 De
601 489 698 542 saneto
720 477 839 559 Pelagio
860 498 946 562 pepo.
1046 438 1107 544 8331

75 645 154 702 ciret
165 660 259 702 ennure
274 645 370 700 donnini
379 642 543 701 nctxxvn
555 639 723 715 vegetetur
735 641 955 712 retinendorum,
968 649 996 700 nt
1009 647 1035 701 in
1044 663 1109 721 qut·

75 745 135 802 doru
144 745 269 802 ohnoniee
280 744 402 810 iubetur,
414 744 459 816 nui
472 743 552 816 iouge
564 741 750 815 ontei’ipiuuru
759 748 925 816 regenerent,
936 759 955 800 a
965 747 1006 800 noi
1020 751 1106 819 pueri·

74 849 114 903 tio
126 853 243 903 trudunt
256 843 407 914 Dionysium
425 846 451 898 in
464 857 560 918 mogun
572 844 739 900 ueneratione
758 843 858 902 inuuere
874 823 978 916 euenit,
998 863 1056 903 nour
1074 853 1110 917 et,

76 945 183 1018 quondo
196 943 315 1001 Lotierii
329 946 414 1016 petris
428 944 470 999 eui
485 945 548 1000 irent
562 943 702 1013 metuebat,
716 945 751 1002 od
760 943 1112 1018 eooieoionueenottiitonyoii

77 1043 257 1118 ooniugiebut.
294 1044 356 1100 Cum
381 1059 446 1116 ergo
471 1043 555 1100 inette
575 1045 630 1113 jenr
654 1061 700 1100 rex
726 1053 842 1102 mortuno
869 1045 978 1110 tuirset.
1008 1046 1111 1104 euidutu

76 1152 168 1204 teneto
190 1147 247 1201 rire
271 1147 297 1200 in
323 1146 425 1200 risione
445 1151 614 1200 nonntnetonu
636 1154 690 1212 ent,
717 1142 787 1218 qnod
809 1148 897 1202 unione
913 1148 972 1218 eino
989 1148 1023 1203 ed
1036 1147 1112 1221 iudi·

75 1247 143 1302 einen
168 1252 247 1317 route
269 1245 319 1302 init
341 1251 368 1302 et
387 1245 459 1300 rnuiti
478 1248 561 1302 rnuott
581 1261 686 1302 enarum
705 1231 874 1302 eooieotnrutn
892 1249 1113 1317 exspoliationem

76 1346 240 1418 objiciebant
264 1346 357 1404 eidern.
393 1345 454 1401 eun
479 1361 545 1419 ergo
570 1345 630 1401 nunti
656 1345 745 1420 rugeli
765 1347 820 1417 jun
845 1345 879 1400 od
901 1362 1001 1417 peennu
1018 1364 1114 1421 repere

77 1445 267 1514 enuntient,
295 1445 372 1502 enon
397 1445 493 1503 beetur
519 1445 660 1516 Dionysiuu
684 1451 711 1502 et
734 1447 792 1517 ejus
815 1447 962 1502 interuentu
983 1447 1114 1506 liberetur

77 1555 119 1605 eet
142 1554 170 1605 et
191 1563 302 1620 poentio
328 1549 422 1602 erosit.
457 1545 538 1603 Forte
561 1547 628 1602 eninr
654 1547 712 1618 ejno
737 1546 825 1600 enine
847 1544 882 1600 od
909 1561 1006 1618 eorpus
1037 1548 1116 1604 rediit

76 1654 103 1705 et
129 1648 166 1704 int
190 1649 377 1720 poenitentiam
403 1647 467 1722 egit.
504 1645 654 1702 clodoveus
678 1662 724 1702 rex
756 1661 853 1718 eorpus
880 1651 964 1703 sunett
993 1647 1113 1722 Dionysii

76 1751 160 1808 utinor
171 1748 298 1822 reiigione
312 1749 511 1820 discooperiens
523 1761 555 1801 ou
572 1745 674 1802 bactrii
685 1747 744 1818 elno
759 1746 840 1820 tregit
859 1751 886 1802 et
903 1745 1001 1819 nunide
1016 1751 1114 1822 rapuit,

77 1851 121 1922 qui
140 1863 199 1905 ouox
215 1851 242 1904 in
261 1850 401 1905 ementium
420 1863 510 1904 rerunt
532 1850 579 1903 eet.
597 1875 632 1888 —
647 1874 682 1886 —-
698 1874 732 1887 -
751 1849 790 1905 4.
810 1844 887 1904 cirea
904 1861 997 1903 enuun
1016 1848 1112 1905 donnini

77 1948 269 2006 nctxxxvtt
300 1947 374 2006 liedu
397 1946 563 2005 Venerobtiir
588 1943 722 2017 presbiter
746 1950 774 2002 et
798 1945 940 2003 nonachus
964 1950 991 2004 iu
1015 1948 1115 2023 ungite

78 2049 189 2117 eiorutt,
211 2051 273 2122 qui,
301 2048 364 2105 iteet
387 2051 413 2104 tn
436 2046 562 2120 enniogo
589 2052 738 2102 oonetornnn
761 2052 938 2118 conputetur,
968 2053 1054 2104 tuneo
1079 2050 1113 2106 nir

77 2149 194 2208 coeletia
211 2165 263 2207 nou
281 2156 402 2217 unctus,
420 2147 468 2205 red
488 2145 648 2202 venerabilis
668 2145 831 2217 repedetur,
851 2154 879 2204 et
897 2145 948 2204 troo
964 2148 1061 2220 duutioi
1080 2149 1115 2206 de

79 2265 171 2310 oenoe
203 2247 291 2308 Prinne
314 2257 368 2316 ent,
399 2251 477 2322 quie,
506 2263 562 2303 cour
592 2262 658 2318 pree
686 2248 767 2304 nimiu
796 2252 932 2305 eeneetute
958 2249 1017 2320 ejue
1043 2251 1114 2306 oeuti

79 2351 255 2426 eoiignerent,
284 2350 416 2417 habebut,
448 2351 586 2420 ntejuut.
615 2346 742 2420 quendum
767 2346 916 2415 duetorem,
948 2363 966 2404 o
991 2365 1043 2416 ouo
1067 2366 1115 2422 ner

78 2451 157 2507 vilius
177 2459 205 2508 et
223 2451 335 2507 rosteiio
351 2467 380 2506 ee
399 2449 458 2505 duci
480 2447 595 2504 tenenat
618 2454 644 2504 et
667 2447 764 2519 ubique
790 2447 895 2504 rerbuut
921 2445 1017 2505 donini
1035 2465 1115 2521 prue-

78 2549 193 2609 dieobat.
231 2551 348 2616 tiendum
367 2553 439 2616 rice,
457 2549 516 2624 duro
536 2565 584 2620 per
602 2548 732 2623 quendern
753 2548 845 2604 retient
865 2551 967 2622 nungnir
981 2548 1114 2621 tentdtirur

77 2651 183 2723 pienern
202 2654 361 2720 transirent,
392 2655 451 2722 ejus
480 2647 626 2722 disciputus
657 2649 798 2708 deridente
822 2662 903 2704 oense
930 2647 1014 2706 eidone
1038 2648 1114 2718 dixit,

78 2751 149 2824 qnod
168 2753 204 2808 iiri
225 2757 298 2808 eoeet
316 2768 425 2826 engone
444 2750 558 2824 poenino
577 2755 772 2822 congregetur,
797 2753 841 2822 qni
860 2750 918 2821 ejus
936 2745 1115 2821 praedieatio-

77 2868 135 2910 nern
154 2851 265 2909 otieuten
281 2857 308 2908 et
325 2850 403 2908 eride
421 2856 600 2923 exopeouret.
633 2849 709 2906 'iuno
736 2849 782 2907 iiie
806 2849 940 2908 ferventer
957 2848 1114 2921 praedicere

79 2953 224 3026 inditione,
251 2967 308 3008 euru
336 2952 362 3008 iu
388 2951 437 3008 ine
464 2969 511 3022 uer
533 2959 620 3007 onnia
643 2953 735 3008 eenole
758 2951 904 3008 reouiorurn
930 2951 1114 3018 concluderet,

77 3068 152 3122 nou,
177 3059 205 3108 ut
231 3053 321 3125 ejunt,
348 3053 404 3108 uite
429 3068 493 3110 rone
517 3052 710 3108 oionurerunt:
733 3066 824 3118 ernon,
850 3050 1009 3108 renenuiriito
1029 3057 1114 3124 poten

19 3165 21 3168 ·
78 3153 147 3218 tinio
166 3155 249 3228 igitur
267 3153 442 3210 reuerebitenn
468 3169 527 3210 eoru
551 3151 709 3209 minneuioee
733 3151 836 3223 lapides
855 3158 1029 3217 voeoreruot,
1053 3149 1113 3208 ideo

78 3254 238 3312 venerahilis
258 3260 334 3326 oeten
352 3253 518 3325 appelletur,
540 3252 597 3319 rei,
625 3260 654 3308 ut
670 3251 716 3308 ulii
738 3257 878 3318 uenerunt,
902 3253 927 3308 ei
955 3249 1046 3324 uugoii
1070 3266 1114 3305 ro-

79 3355 255 3426 sponderunt:
279 3352 361 3420 beno,
388 3353 663 3426 venerandumne,
689 3352 788 3408 dixisti.
823 3352 946 3432 Secundo
966 3365 1047 3406 onore
1064 3357 1115 3416 eet,

80 3455 142 3527 quie
155 3460 216 3526 pout
229 3454 288 3524 eJnt
302 3460 411 3510 ntenteru
430 3451 535 3524 quidun
552 3453 663 3510 eletione
681 3454 732 3508 ribi
747 3455 858 3509 deretur
871 3449 1000 3524 quendam
1012 3451 1116 3506 renuunt

80 3552 159 3610 edere
176 3552 317 3622 cupiebat,
344 3569 419 3625 quero
446 3555 473 3608 in
495 3555 554 3624 ejus
577 3557 700 3608 tumulum
720 3552 808 3608 tenere
826 3552 910 3623 eeutpi
932 3548 1055 3615 reiebot,
1076 3551 1116 3606 ite

80 3656 220 3723 ineipienn:
240 3652 289 3709 due
307 3661 367 3710 eunt
386 3655 413 3708 in
428 3651 510 3720 iesse,
531 3653 622 3708 veiens
637 3667 739 3709 terrun
752 3651 841 3708 tniiter
852 3651 1007 3708 terninnre:
1025 3647 1117 3706 Bedue

80 3755 165 3808 renuti
185 3767 255 3808 oete.
291 3752 344 3809 Sed
363 3754 427 3825 quie
444 3752 522 3808 teieun
542 3751 616 3808 duent
629 3767 721 3808 renone
734 3754 887 3824 congruitas
902 3757 953 3806 non
965 3748 1118 3820 petiebatur

82 3859 109 3910 et
131 3851 225 3910 redula
249 3859 336 3910 urente
354 3853 503 3910 revolveret
525 3867 574 3908 noo
591 3865 732 3926 congruum
751 3850 825 3907 iineun
843 3850 954 3918 rideret,
972 3849 1032 3905 dnn
1050 3863 1117 3922 quu-

82 3953 140 4009 doun
159 3958 235 4009 noete
254 3953 358 4009 rnuitnrn
371 3969 454 4025 rupee
464 3952 515 4008 ineo
528 3955 650 4026 rogitant
662 3967 737 4010 nune
751 3950 784 4006 ed
798 3951 921 4006 tnnunionn
934 3957 1118 4021 propenderet,

80 4051 201 4110 nauibus
219 4053 347 4127 ongeiieio
366 4069 467 4108 nemun
491 4053 581 4109 taliter
605 4052 733 4124 seriptum
759 4055 857 4124 reperit
881 4056 909 4106 et
931 4049 1044 4105 innitere:
1067 4045 1119 4106 heu

80 4161 142 4210 runt
162 4158 188 4210 in
211 4154 285 4210 toron
308 4151 396 4208 Bedue
420 4153 581 4209 neneeubiiis
605 4165 677 4211 oret.
707 4149 747 4220 ,in
774 4151 816 4208 die
845 4158 931 4207 eutem
954 4149 1118 4204 eeeenuionio

80 4269 137 4310 eunt
161 4257 237 4310 morti
256 4255 495 4325 appropinquaret,
522 4252 556 4308 nd
581 4253 664 4309 niune
683 4267 712 4308 ue
730 4254 831 4324 portari
850 4252 966 4308 tuotone:
985 4263 1077 4316 umen,
1102 4262 1119 4303 e

81 4369 128 4410 rex
152 4354 256 4428 gioriue
280 4354 416 4420 virtutum,
439 4367 523 4424 utque
547 4352 581 4407 nd
606 4351 680 4407 inere
704 4351 798 4409 denote
821 4351 901 4419 dixit,
927 4361 980 4425 qut
1001 4345 1075 4404 iinttu
1093 4350 1119 4404 iu

83 4467 149 4524 enee
178 4453 302 4514 dormivit
319 4447 473 4528 ¹tonitruque
502 4451 569 4510 odor
599 4467 689 4510 onnon
721 4451 851 4525 pertudit,
884 4456 913 4506 ut
942 4453 968 4506 in
995 4446 1120 4520 noredino

858 4550 894 4606 tt
