2984 5316
311 457 374 518 454
536 458 608 535 Cap.
630 455 707 515 ctx.
751 455 796 514 De
821 456 927 515 sanctia
947 453 1122 514 ldaelrabeis.

312 617 340 670 ln
357 613 468 685 quodem
488 615 548 668 loco
565 617 606 668 sic
621 615 753 669 ιιιιίιιιιιο
770 612 948 680 recluserunt,
972 618 1000 667 nt
1021 617 1093 669 esset
1115 611 1161 667 lllo
1184 609 1351 683 longitndine

313 713 435 780 brevior,
463 713 601 768 latitudine
627 715 780 786 angustior,
804 714 841 766 ita
859 717 1025 767 nicomatus
1043 727 1091 767 nec
1108 710 1190 783 pedes
1207 709 1352 766 extendere

314 825 362 867 nec
374 829 403 867 se
416 814 443 866 in
463 813 532 868 latus
550 800 659 868 alterum
678 818 782 867 uertere
801 818 902 882 posset,
921 812 1061 883 capiteque
1080 810 1208 882 depresso
1227 809 1351 865 humeros

312 918 411 966 tanturn
430 922 456 967 et
467 912 570 966 cubitos
583 928 689 967 morere
705 911 818 966 talebot
853 909 1036 967 Verumtamen
1053 911 1208 966 Constantio
1226 909 1352 964 defuncto

311 1008 432 1066 Julianus
450 1013 533 1068 eidem
552 1010 696 1067 succedens
715 1019 741 1066 et
758 1011 877 1064 omnibus
895 1010 1002 1081 placere
1020 1010 1109 1065 rolens
1124 1009 1202 1082 jubet
1215 1009 1353 1065 exsulatos

313 1113 454 1182 episcopos
472 1112 591 1167 reuocari
609 1117 636 1166 et
653 1110 764 1166 Deorum
783 1109 880 1180 templa
897 1111 995 1180 aperiri
1013 1115 1040 1164 et
1057 1125 1123 1180 pace
1141 1109 1201 1175 isui,
1220 1107 1352 1180 sublege,

313 1223 367 1279 qua
394 1210 506 1281 quisque
533 1210 621 1266 vellet.
656 1208 688 1264 Et
715 1214 756 1264 sic
779 1208 909 1265 Eusebius
933 1208 993 1264 inde
1016 1211 1108 1264 exiens
1126 1208 1159 1264 ad
1177 1207 1349 1264 ritbanasinn

315 1311 385 1362 venit
413 1316 439 1365 ct
463 1318 561 1381 quanta
585 1325 680 1381 passus
704 1311 804 1376 luerat,
835 1309 919 1366 eidem
942 1311 1075 1380 esposuit.
1109 1307 1240 1363 Defuncto
1264 1314 1350 1365 sutem

311 1407 419 1463 iuliano
444 1415 471 1463 et
492 1409 633 1465 leciniano
658 1419 787 1482 regnante
809 1411 904 1480 sopitis
927 1410 1034 1464 Arianis
1060 1407 1191 1462 Eusebius
1214 1407 1352 1463 Vercellas

314 1507 392 1561 rediit
409 1515 435 1562 et
453 1524 509 1563 eum
528 1509 640 1579 populus
660 1525 715 1564 cum
734 1491 830 1580 magna
847 1508 1024 1564 exsultatione
1033 1509 1158 1576 suscepit.
1193 1506 1246 1562 Sed
1258 1510 1351 1563 lterum

313 1605 424 1680 Valente
448 1615 575 1679 regnante
593 1611 684 1663 Ariani
704 1608 863 1680 repullulant
880 1613 907 1662 et
923 1604 1032 1662 Eusebii
1056 1606 1158 1660 dentum
1176 1605 1307 1662 vallantes
1325 1613 1353 1662 et

312 1713 388 1761 entra
406 1705 507 1762 domum
526 1707 645 1776 supinum
665 1711 749 1777 ipsum
772 1707 906 1764 trahentes
932 1704 1066 1776 lapidibus
1085 1722 1142 1760 eunt
1164 1705 1309 1761 obruerunt
1325 1711 1352 1762 et

312 1805 351 1858 sic
368 1805 402 1858 ad
420 1805 550 1870 dominnm¹
570 1806 683 1861 feliciter
700 1808 816 1880 migrans
835 1805 861 1860 in
880 1806 1008 1872 ecelesia,
1026 1820 1102 1876 quarn
1122 1805 1179 1875 ipse
1197 1811 1353 1860 construan-

313 1910 367 1969 rat,
385 1905 503 1975 sepultus
522 1911 570 1959 est.
606 1903 699 1960 Fertur
716 1897 820 1977 quoque
842 1904 911 1959 bane
929 1908 1042 1978 gratiam
1067 1919 1131 1959 suae
1150 1905 1251 1960 civitati
1267 1899 1352 1959 Eusc-

313 2003 372 2057 bius
388 2019 405 2058 a
422 2003 478 2058 Deo
497 2005 620 2074 precibus
645 2007 816 2076 impetrasse,
840 2012 868 2059 ut
892 2004 979 2059 nullus
1003 2005 1118 2059 Asianus
1141 1997 1238 2058 ibidem
1263 2005 1352 2058 rivere

313 2109 412 2174 posset
456 2103 527 2158 virts
556 2112 642 2158 autem
672 2103 813 2159 secundum
846 2103 1002 2158 erroneam
1025 2103 1059 2159 ad
1086 2106 1171 2158 minus
1192 2100 1352 2159 nxxxvut

311 2205 396 2258 annis.
432 2201 533 2258 Fleruit
549 2207 621 2259 cirea
637 2219 721 2259 annos
740 2203 839 2258 domini
856 2201 953 2258 0001..

733 2383 940 2406 -Ὕ-

548 2662 552 2671 .
651 2571 754 2670 tlt.
786 2572 868 2670 tlt.
893 2568 1007 2671 (tlt.)

485 2724 568 2796 lic
596 2723 819 2796 sanctis
845 2723 1184 2798 machamata

378 2886 519 2945 Muclabel
536 2889 642 2946 luerunt
658 2899 760 2962 septem
778 2890 876 2946 lustres
895 2908 951 2946 cum
969 2899 1051 2946 matre
1071 2888 1216 2948 reverenda
1233 2896 1261 2945 et
1273 2887 1353 2945 Elea-

314 3000 376 3040 zaro
394 2987 550 3054 sacerdote,
574 2992 618 3061 qui
643 3006 692 3060 pro
716 2991 902 3046 observatione
927 2989 997 3063 legis
1023 3007 1077 3046 cnm
1096 3005 1200 3045 carnem
1219 2991 1353 3060 porclnam

313 3085 416 3141 nollent
432 3087 579 3157 comedere,
599 3089 719 3144 inaudita
737 3089 925 3161 suppliciorum
945 3106 1045 3163 genera
1069 3088 1242 3160 pertulerunt,
1260 3104 1356 3144 secun-

311 3184 372 3239 dum
397 3187 466 3256 qnud
491 3190 517 3243 ιιι
542 3187 573 3243 ll.
592 3187 715 3245 llacbnb.
735 3189 838 3261 plenius
856 3193 1012 3246 continetur.
1047 3187 1080 3244 Et
1097 3187 1255 3256 notandum,
1282 3187 1355 3259 qued

313 3285 430 3340 ecclesia
446 3289 589 3344 orientalis.
602 3289 666 3344 lecit
684 3289 753 3344 leste
771 3289 804 3345 de
822 3293 921 3346 sanctis
940 3291 1075 3361 utriusque
1093 3289 1258 3354 testamenti,
1283 3286 1356 3341 ucci-

312 3384 427 3440 dentalls
451 3393 536 3442 autern
561 3403 612 3443 nen
639 3388 704 3444 lacit
727 3389 797 3444 testa
832 3389 865 3444 de
894 3389 992 3445 sanctis
1017 3392 1114 3445 veteris
1138 3387 1288 3444 testamenti
1312 3400 1356 3453 en,

316 3486 386 3558 quod
406 3488 439 3542 sd
460 3487 560 3544 interos
580 3481 780 3555 descenderunt,
800 3497 984 3560 praeterquam
1005 3488 1038 3544 de
1058 3486 1249 3554 innocentibus,
1268 3501 1300 3542 es
1323 3502 1356 3542 oo

316 3586 386 3658 qued
399 3589 426 3641 in
441 3591 508 3658 ipsis
526 3588 640 3661 singulis
661 3591 766 3644 occisus
784 3597 826 3644 est
844 3587 975 3655 Christus,
994 3593 1021 3644 et
1039 3586 1073 3644 de
1091 3587 1266 3658 Maccabeis„
1291 3586 1358 3641 Sunt

315 3693 402 3741 autem
426 3695 539 3758 quatuor
565 3689 696 3754 rationes,
721 3703 803 3759 quare
827 3689 942 3744 ecclesis
967 3687 1001 3744 de
1024 3687 1084 3743 lutis
1106 3685 1271 3753 llacbabeis,
1294 3684 1359 3741 licet

316 3785 350 3839 ad
369 3786 469 3841 interos
488 3787 690 3854 descenderint,
712 3788 885 3843 sullemnteut.
921 3787 1008 3844 Prima
1026 3795 1067 3844 est
1085 3794 1194 3858 propter
1211 3799 1358 3857 praeroga-

315 3887 394 3938 tivam
419 3889 538 3940 martirii.
576 3883 644 3950 oute
666 3889 733 3943 enlm
758 3887 877 3942 inaudita
901 3889 1033 3959 supplicis
1050 3889 1118 3943 inter
1135 3893 1242 3942 sanctos
1261 3885 1359 3941 veteris

316 3988 465 4040 testamenti
484 3989 557 4056 passi
575 3992 650 4052 sunt,
676 3986 738 4042 ldeo
756 3986 921 4059 privilegiati
938 3993 1012 4052 sunt,
1035 3994 1063 4042 ut
1085 4001 1174 4041 eornm
1193 3987 1285 4056 passio
1303 3999 1358 4039 me-

318 4088 369 4138 rito
393 4085 552 4141 celebretur.
587 4085 657 4142 llaec
681 4089 750 4141 ratic
774 4088 881 4157 ponitur
905 4089 931 4141 in
955 4084 1074 4158 hystoria
1104 4085 1283 4152 scbclasttca,
1313 4098 1358 4139 se-

318 4182 405 4241 cunda
428 4193 470 4239 est
495 4193 605 4256 propter
628 4188 895 4256 repraesentationem
926 4188 1052 4257 mysterii.
1093 4183 1267 4256 septenarius
1292 4187 1359 4239 enlm

318 4301 440 4340 numerus
459 4293 500 4340 est
517 4299 637 4340 numerus
648 4287 838 4340 uniuersitatis.
857 4285 1047 4356 significantur
1064 4300 1130 4359 orgo
1148 4287 1173 4340 in
1192 4286 1252 4340 istis
1270 4299 1360 4338 ornnes

318 4391 409 4456 patres
421 4387 519 4446 ueteris
534 4387 683 4440 testamenti
703 4385 857 4442 celebritate
874 4384 958 4458 diget,
977 4402 1035 4444 nam
1048 4385 1108 4442 licet
1121 4385 1154 4441 de
1166 4386 1233 4456 ipsis
1244 4400 1295 4439 nen
1305 4381 1361 4439 sol-
