2984 5302
306 455 368 520 502
410 458 483 538 Cap.
506 457 634 518 CXVlll.
676 458 722 517 De
744 467 844 517 sancto
866 457 1024 536 llyppolito
1047 465 1079 515 at
1098 456 1182 514 sociis
1206 457 1280 535 ejus.

307 620 384 674 rlauo
401 616 538 690 praelecto
555 631 614 672 cum
633 612 758 682 tradidit,
777 622 807 671 ut
824 629 916 672 omues
934 615 1078 672 facultates
1097 617 1156 688 ejus
1176 617 1313 686 acciperet
1328 620 1360 670 et

310 713 377 770 dirts
402 716 541 770 tormentis
566 730 623 769 cum
650 712 817 771 interiacent
851 712 960 772 inuento
986 731 1108 786 quoque,
1134 713 1204 786 quod
1227 716 1288 784 elus
1312 714 1358 770 lu·

311 814 384 870 suilla
406 812 553 869 christiana
581 821 669 880 esset,
699 812 806 868 adducti
831 820 892 870 sunt
918 822 979 870 ante
1003 820 1173 884 conspectum
1197 813 1268 884 ejus.
1304 813 1358 876 llui

309 928 367 969 eum
385 915 421 971 ad
439 913 571 970 sacriticia
587 919 755 984 cogerentur,
775 911 924 968 Concordia
941 914 1028 968 nutrix
1048 911 1183 984 lipppolitl
1200 929 1249 984 pro
1268 915 1359 967 omni-

312 1012 361 1069 bus
381 1013 529 1084 respondit:
548 1027 596 1067 nos
614 1027 672 1067 cunr
690 1011 795 1067 domino
814 1019 905 1068 nostro
924 1013 1041 1067 uolumus
1060 1014 1127 1068 mori
1140 1013 1229 1082 potius
1246 1010 1356 1082 pudice,

273 1127 274 1130 ’
313 1129 389 1184 quarn
413 1111 545 1184 impudica
565 1113 663 1167 sivero.
705 1111 753 1166 Cui
775 1109 946 1167 Valerianus:
980 1125 1065 1183 genua
1090 1125 1225 1166 serrorum
1250 1112 1360 1164 nonnisi

312 1226 371 1269 cunr
395 1211 534 1283 suppliciis
557 1207 719 1268 emendatur.
754 1209 829 1264 Tunc
852 1215 993 1280 praesente
1011 1209 1152 1281 lipppolito
1178 1215 1205 1266 et
1222 1209 1361 1282 gaudente

310 1303 393 1383 jussit
411 1326 468 1367 earn
486 1307 585 1364 tamdiu
602 1307 744 1379 plumbatis
762 1309 848 1375 caedi,
866 1323 1004 1380 quousque
1023 1310 1110 1363 emisit
1125 1309 1256 1378 spiritum,
1275 1307 1360 1362 dixit·

315 1425 366 1481 qus
388 1406 558 1480 Hyppolitus:
586 1410 688 1480 gratias
712 1408 762 1461 tibl
786 1423 857 1480 ago,
887 1407 1006 1472 domine,
1035 1409 1099 1479 quia
1122 1408 1250 1463 nutricem
1274 1421 1361 1462 means

314 1517 376 1564 ante
393 1513 560 1578 conspectum
579 1513 728 1562 sanctorum
744 1513 848 1562 tuorarn
865 1505 1035 1577 praemisisti.
1071 1505 1173 1563 Deinde
1201 1512 1278 1561 extra
1294 1521 1361 1575 por-

314 1613 368 1662 tam
387 1604 558 1678 Tybnrttnoru
575 1604 731 1662 Valerianus
748 1604 916 1676 lipppolitum
941 1619 998 1659 cour
1022 1603 1122 1663 ionilla
1139 1619 1189 1660 sua
1206 1604 1268 1660 duci
1287 1603 1363 1671 lectt,

317 1705 472 1778 llpppolitus
486 1711 572 1761 auteur
583 1719 673 1762 omnes
686 1705 839 1760 contentane
849 1704 931 1760 dixit:
949 1703 1046 1760 iratres
1060 1705 1142 1760 nolite
1153 1709 1278 1771 metuere,
1298 1705 1364 1775 qula

318 1821 369 1878 ego
389 1811 416 1860 et
433 1820 481 1860 roa
498 1821 576 1858 unum
594 1803 675 1860 licum
693 1803 831 1862 babemus.
865 1802 1002 1876 iussitque
1019 1803 1186 1871 Valerianus,
1203 1810 1233 1857 ut
1250 1803 1278 1856 ln
1294 1817 1363 1858 oon·

317 1909 409 1975 speetu
426 1901 561 1974 lipppoiiti
578 1903 698 1957 omnibus
717 1906 806 1974 capita
823 1910 1028 1973 amputarentur,
1047 1903 1182 1974 liyppolitl
1199 1917 1263 1958 tero
1275 1899 1363 1972 pedes
1423 1925 1425 1928 ·

317 2002 353 2058 ad
377 2003 448 2058 colla
479 2002 664 2056 indomitorum
690 2018 814 2073 equorum
837 2000 902 2058 iecit
930 2001 1014 2075 ligari
1041 2010 1069 2058 et
1090 2018 1140 2074 per
1165 2001 1311 2072 ¹)oarduos
1335 2007 1364 2057 si

317 2100 429 2156 tribulos
448 2100 644 2167 amitternum,
664 2099 750 2156 donec
768 2103 889 2174 spiritum
908 2100 1055 2166 exhalaret,
1074 2103 1145 2162 circa
1162 2115 1246 2156 annos
1262 2099 1365 2162 domini

318 2200 426 2260 cclvi,
459 2200 555 2255 Eorum
574 2214 688 2271 corpora
705 2199 824 2256 lustinus
848 2179 982 2272 presbiter
1001 2203 1090 2271 rapuit
1114 2206 1142 2256 et
1161 2201 1241 2273 Juxta
1263 2215 1364 2270 corpus

319 2303 405 2355 saumi
421 2300 560 2355 Laurentii
580 2297 718 2368 sepelivit,
742 2314 838 2370 corpus
857 2315 920 2355 vero
938 2306 1047 2354 sanctae
1066 2300 1231 2356 Concordiae
1248 2301 1364 2356 inveniri

319 2415 371 2454 non
389 2400 485 2470 potuit,
504 2400 568 2468 qnia
586 2396 674 2452 luerat
692 2399 719 2454 in
738 2396 854 2453 cloacam
875 2400 1030 2470 projectum.
1065 2397 1145 2455 Miles
1159 2397 1363 2471 autcmquldarn
1382 2389 1383 2392 ’

319 2500 423 2552 nomine
435 2496 592 2568 Porphirius
611 2497 722 2553 credens
740 2496 844 2552 beatam
857 2497 1032 2553 Concordiam
1047 2513 1138 2554 aurum
1156 2505 1184 2554 ai
1200 2512 1319 2572 gemmas
1336 2500 1366 2554 lu

319 2598 483 2651 uestimentis
501 2595 616 2662 babere,
641 2597 676 2651 ad
701 2597 829 2668 quendam
849 2598 1006 2652 cloacarium
1027 2600 1130 2655 nomina
1149 2597 1292 2664 Yrenaum,
1319 2599 1367 2669 qui

320 2701 379 2750 erat
395 2694 498 2750 occulta
515 2695 691 2762 christianus,
712 2699 827 2752 accessit
845 2702 871 2751 et
890 2696 971 2752 dixit:
996 2705 1125 2753 secretum
1149 2695 1255 2754 custodi
1271 2703 1300 2766 et·
1317 2712 1367 2770 sx-

320 2794 397 2850 trabo
416 2793 598 2860 Concordiam,
618 2797 681 2867 quia
698 2811 786 2866 spero,
805 2795 875 2868 quod
893 2811 983 2850 aarum
1000 2803 1046 2851 aot
1062 2812 1180 2870 gemmas
1199 2797 1227 2855 ln
1245 2797 1367 2854 uestibus

319 2897 377 2950 suis
394 2891 496 2950 babuit.
532 2894 581 2949 Cui
599 2895 659 2950 ilie:
682 2894 794 2951 ostende
817 2895 879 2950 mibi
902 2895 987 2951 iocum
1012 2901 1040 2950 et
1061 2903 1190 2952 secretum
1216 2895 1303 2952 babeo
1330 2902 1368 2962 st,

321 2995 448 3067 quidquid
467 2997 609 3060 invenero,
635 2994 771 3050 nuntiabo.
808 2993 869 3050 Cum
893 3011 958 3067 ergo
977 3001 1122 3050 extractum
1142 2997 1238 3052 luisset
1255 3001 1282 3051 et
1299 2995 1368 3052 nibil

321 3096 500 3161 insanissent,
524 3095 599 3149 miles
623 3093 670 3150 ille
693 3097 814 3166 protinus
841 3095 908 3166 legit
935 3100 962 3150 et
986 3092 1105 3150 ireneus
1131 3101 1225 3150 uocato
1251 3090 1370 3166 quodam

320 3190 465 3248 christiano
491 3196 596 3249 nornine
621 3192 782 3249 ²tllobundo
800 3208 896 3264 corpus
915 3193 950 3248 ad
968 3199 1085 3250 sanctum
1107 3191 1238 3252 lustinum
1259 3193 1367 3260 detulit,

321 3290 392 3362 quod
412 3292 456 3347 ilio
474 3291 569 3348 deuote
586 3293 735 3364 suscipiens
751 3295 829 3364 Juxta
847 3309 944 3364 corpus
962 3297 1046 3348 sancti
1063 3292 1199 3365 llpppoiiti
1216 3293 1369 3349 elatiorem

320 3389 451 3461 sepelivit.
488 3391 564 3454 Quod
590 3391 748 3448 Valerianus
772 3392 882 3448 audiena
906 3392 1036 3449 ireseum
1070 3399 1097 3449 et
1120 3391 1257 3450 abundum
1282 3395 1370 3450 tenuit

320 3495 348 3546 et
372 3489 464 3546 ambos
488 3493 515 3546 in
539 3491 656 3546 cloacam
677 3485 751 3545 riuos
775 3493 859 3558 misit,
884 3508 994 3565 quorum
1012 3507 1126 3563 corpora
1143 3491 1263 3550 lustinus
1281 3494 1371 3564 rapuit

322 3596 349 3644 ct
365 3604 423 3644 cun
443 3589 506 3644 aliia
524 3590 656 3661 sepelivit.
691 3589 755 3645 Post
778 3589 831 3646 boo
854 3591 952 3647 [lecina
976 3607 1033 3650 cum
1052 3589 1196 3652 Valeriano
1218 3594 1368 3650 incurram

320 3687 459 3745 adsccndit
477 3703 584 3744 aureum
601 3696 627 3743 et
644 3695 758 3761 pergunt
770 3688 805 3744 ad
823 3690 1054 3762 amphitheatrum,
1073 3697 1103 3746 ut
1115 3693 1232 3748 crucient
1244 3690 1368 3749 christia„

320 3803 380 3848 nos.
413 3788 544 3858 irreptus
570 3791 653 3861 igitur
679 3787 775 3846 lieciua
803 3804 821 3844 a
847 3789 976 3848 daemone
1000 3789 1150 3848 clamabat:
1175 3807 1192 3847 o
1216 3789 1370 3862 ilyppollts‚

321 3889 422 3942 catenis
444 3888 550 3959 asperis
574 3890 687 3944 uinctum
714 3905 755 3944 ne
772 3896 858 3948 tenes.
892 3889 1052 3948 Valerianus
1078 3890 1201 3948 similiter
1220 3887 1369 3948 clamabat:

321 4001 339 4048 o
356 3983 493 4053 Laurenti,
512 3990 601 4060 igneis
619 3989 721 4043 catenis
739 4003 780 4043 me
801 3989 913 4062 ligatum
933 3991 1028 4060 trallis,
1046 3998 1073 4048 et
1092 3991 1184 4048 eadem
1203 3990 1272 4047 bora
1289 3990 1372 4048 Vals-

323 4087 413 4140 rianus
432 4089 596 4158 exspiravit,
621 4088 718 4144 Decios
737 4092 825 4143 autem
843 4088 946 4145 domurn
964 4107 1088 4148 resersus
1107 4091 1197 4147 triduo
1212 4108 1229 4146 a
1242 4091 1371 4148 daemona

323 4191 432 4240 uexatus
450 4185 596 4241 clamabat:
616 4186 712 4259 adjuro
730 4193 775 4256 tc,
794 4187 931 4258 Laurenti,
950 4189 1077 4246 modicum
1096 4206 1174 4257 cessa
1191 4193 1371 4256 sternentis,

374 4405 396 4457 ll
409 4403 449 4448 aa
463 4409 496 4448 l’r.
511 4403 570 4449 male
584 4402 728 4450 cardones
741 4402 803 4458 lesit.
880 4407 902 4459 i)
916 4404 961 4450 atii
975 4405 1155 4452 lisbondino
1168 4407 1255 4460 lerunt.
