2984 5316
306 489 378 569 Cep.
401 487 461 548 CX.
506 489 548 548 De
570 489 777 550 nancto-Petro
799 488 835 548 ud
857 489 977 548 uinculo.
1108 486 1170 552 465

134 638 382 707 ieruutreteeoieotu.
400 649 452 699 ton
462 645 562 716 qniuud
576 645 894 718 ipnubnnderoertderunt
905 645 1168 719 tnnuutunuititudo

133 740 270 798 ruuitorurn
282 757 405 798 nororotu
419 742 586 812 subintravit,
605 747 630 800 io
648 746 690 803 ite
706 755 791 804 tomen
803 756 902 820 septen
914 747 1039 818 inpendit
1049 747 1168 803 omnibuu
1228 763 1234 779 ⁴

132 844 320 908 reverentino,
339 844 403 914 quie
421 852 600 916 proneptem,
626 856 653 902 nt
671 848 839 912 dictumest,
864 849 1022 904 universitas
1040 847 1167 920 derigou·

130 947 181 997 tur.
217 941 312 1000 Tertio
334 950 376 997 ert
398 951 507 1015 propter
531 947 675 1018 exempturo
694 947 827 1019 potiendi,
856 957 1037 1020 proponuntur
1054 951 1122 1004 orire
1141 949 1167 1002 in

131 1041 276 1111 exemptum
294 1041 428 1109 fidelibus,
446 1051 473 1102 ut
491 1046 632 1102 reoundun
650 1046 740 1104 horon
759 1050 932 1108 oonotuottun
952 1049 985 1105 od
1004 1049 1086 1107 zeidin
1104 1048 1168 1104 iidei

130 1143 277 1197 animentur
294 1149 321 1198 et
338 1143 371 1197 ed
397 1145 545 1214 potiendum
567 1162 616 1217 pro
639 1146 701 1220 iope
725 1148 866 1221 evangeiii,
889 1155 958 1208 oront
982 1149 1019 1204 titt
1039 1167 1087 1221 pro
1105 1149 1167 1222 iege

129 1241 216 1312 iioyst
240 1243 335 1298 tortior
360 1245 539 1317 toringortur.
575 1244 675 1310 onena
700 1255 741 1303 eet
765 1255 875 1320 propter
894 1264 999 1306 oenum
1031 1251 1165 1321 ooppitott.

129 1355 186 1395 nen
214 1357 263 1411 pro
282 1341 437 1399 defensione
455 1345 524 1418 iegie
545 1346 644 1416 ¹)eute
661 1346 727 1402 tuiiu
744 1348 875 1419 ouppiioie
895 1351 968 1418 porei
995 1357 1068 1414 eunt,
1098 1351 1166 1404 siout

127 1449 154 1494 et
172 1439 309 1495 eirrietiani
329 1459 376 1513 pro
394 1441 548 1500 defensione
572 1445 642 1518 tegio
664 1449 836 1518 evangelicoe
856 1451 998 1519 potiuntur.
1034 1449 1086 1504 iios
1110 1456 1166 1506 tren

126 1540 231 1596 nitimur
255 1545 370 1598 tottoneu
394 1546 517 1616 arrigunt
537 1549 666 1616 nugtrter
690 1545 806 1603 Jounnoo
829 1545 923 1604 Beietir
953 1551 980 1604 io
1007 1565 1107 1605 runnu
1130 1551 1167 1606 de

126 1639 222 1697 otieris
241 1640 268 1697 C.
287 1640 318 1698 V.

540 1887 743 1902 m

461 2133 557 2231 tit.
581 2133 647 2230 tt.
687 2130 807 2234 titt.)

248 2285 358 2359 ’ilie
378 2287 546 2358 emoto
567 2287 714 2359 Petro
743 2287 804 2358 od
831 2285 1035 2358 vinonio.

188 2453 292 2512 Festum
311 2458 394 2512 runott
412 2455 483 2511 Petri
501 2451 631 2526 oportuit.
652 2450 723 2525 quod
741 2451 775 2508 ed
795 2454 900 2510 vinonio
916 2455 1027 2518 dicitnr,
1045 2452 1160 2524 quodnu-

119 2554 182 2626 pitui
204 2555 238 2611 de
261 2571 341 2612 utura
358 2559 502 2615 institutum
522 2554 604 2609 iniere
622 2558 743 2624 putetur,
761 2552 864 2608 ooiiioet
882 2557 907 2608 tr
925 2555 1072 2608 nunonem
1092 2550 1160 2606 iibe-

120 2657 232 2710 ruttonir
250 2656 336 2725 Petri,
355 2659 382 2712 in
398 2654 548 2710 memorium
567 2652 734 2708 itberottonte
751 2653 906 2720 Alexandri,
931 2669 979 2725 pro
998 2651 1158 2708 deotrnoudo

119 2755 171 2811 rito
188 2755 324 2826 gentilium
343 2762 370 2811 et
387 2771 435 2827 pro
446 2749 612 2824 inpetrando
621 2751 789 2818 obrutntione
800 2753 976 2824 eptrttueliunu
989 2751 1158 2808 vinculorun.

186 2853 273 2910 Prin·
300 2871 366 2928 ergo
392 2869 475 2912 onnon
498 2858 540 2908 eet
561 2853 587 2906 io
610 2854 759 2908 nenorinuu
783 2852 950 2909 liberationis
968 2852 1048 2909 Petri.
1082 2849 1157 2918 Naro,

117 2955 186 3010 riout
202 2953 299 3010 dieitur
316 2957 341 3009 in
359 2953 478 3026 hystorie
497 2950 673 3018 eoiroiuetiou.
692 2951 811 3010 iiorodeo
830 2957 950 3026 Agrippa
968 2951 1073 3009 Ronunr
1092 2950 1159 3006 odiit

117 3061 144 3112 et
166 3055 203 3110 ibi
227 3053 294 3125 Cato
312 3057 401 3125 nepoti
420 3051 529 3124 Tybertt
548 3051 674 3108 Censorio
700 3051 920 3110 ioniitertosinuu
939 3053 1049 3108 exstitit.
1086 3049 1157 3114 uue-

117 3153 175 3210 duun
200 3161 286 3210 autern
309 3154 354 3209 dio
378 3169 435 3208 orn
453 3158 526 3209 eruet
543 3151 661 3210 iierudor
686 3155 711 3206 tn
731 3169 807 3209 ourru
827 3171 883 3210 ouon
903 3153 984 3226 Colo,
1008 3150 1105 3210 leontis
1130 3153 1155 3205 in

117 3252 217 3310 ooelnut
235 3253 356 3310 munibus
374 3255 424 3307 uit:
447 3254 544 3308 ntiount
570 3252 683 3308 riderem
707 3261 814 3308 nortem
838 3257 910 3310 senis
936 3262 962 3310 ot
978 3261 1005 3308 te
1024 3251 1155 3306 dominon

115 3357 197 3410 totius
215 3353 298 3408 orbiu.
334 3350 387 3408 Sed
406 3351 457 3406 hoo
474 3355 570 3424 auriga
589 3350 701 3407 iierodiu
721 3352 824 3407 audivit
845 3361 872 3409 et
890 3352 1007 3424 'tyberio
1030 3353 1154 3407 oonttouu

115 3455 252 3510 detinuerit.
288 3453 454 3522 Quapropter
471 3450 624 3524 indignatus
642 3449 773 3524 Tybortoo
788 3452 889 3510 ciem
903 3451 1030 3508 Heroden
1046 3451 1155 3505 reuiuett

114 3556 141 3608 iu
164 3569 278 3609 mouere
314 3551 366 3610 Ubi
392 3551 450 3607 duur
475 3551 587 3622 quadam
611 3550 654 3606 dio
674 3552 753 3623 J‘uxto
784 3551 904 3607 arboren
934 3553 1038 3606 innitur
1069 3556 1151 3614 eruet.

115 3653 190 3724 ouini
209 3650 348 3708 irondibne
364 3649 497 3706 inuidebat
515 3650 601 3718 bubo,
620 3667 687 3706 uror
705 3651 738 3706 de
755 3654 920 3723 conoupttrts
938 3655 1038 3722 peritur
1056 3653 1082 3704 to
1103 3664 1152 3704 un-

113 3753 199 3826 guriie
223 3752 290 3808 dixit
313 3753 354 3808 et:
383 3750 436 3808 nuit
461 3751 567 3817 timere,
598 3755 662 3824 quia
684 3753 738 3806 oitu
763 3751 920 3808 liberaberio
949 3757 975 3808 et
1001 3753 1027 3806 in
1051 3757 1149 3808 tanturn

113 3851 309 3918 mittundum,
327 3852 397 3924 quod
415 3852 514 3905 unioon
531 3857 591 3905 tuoe
608 3853 635 3905 in
652 3853 690 3907 tut
710 3852 833 3906 invidiam
852 3851 996 3907 concitabit
1015 3859 1041 3905 et
1060 3853 1084 3904 in
1101 3851 1150 3906 inno

112 3955 292 4024 prosperitate
310 3952 438 4005 utorierir.
473 3949 554 4012 Quart
573 3953 626 4006 otto
643 3958 730 4006 uutenu
747 3950 826 4022 intur
843 3954 950 4024 generis
962 3951 1057 4006 animai
1069 3966 1151 4019 super

110 4057 139 4108 te
158 4051 273 4118 uiderit,
300 4049 370 4106 uitru
392 4051 508 4121 quintum
532 4051 599 4104 diero
624 4053 714 4106 virere
739 4067 790 4107 non
813 4051 924 4108 reiebir.
959 4050 1023 4106 Post
1040 4051 1147 4123 aliquod

111 4157 214 4223 tenpue
237 4149 370 4222 Tyberiue
393 4151 504 4204 noritur
530 4157 556 4204 et
579 4147 660 4222 Caius
688 4153 714 4206 in
738 4152 874 4223 imperium
898 4152 1070 4208 oubitrtrttur.
1093 4152 1148 4222 ,qni

111 4249 215 4322 quiden
235 4248 415 4306 derodendo
433 4248 544 4303 rinoniio
562 4249 687 4305 liberarit
709 4257 736 4307 et
758 4251 895 4323 nogotio·
919 4249 1086 4306 uubiinutunr
1103 4267 1146 4305 re-

161 4401 183 4451 1)
195 4399 237 4445 td.
252 4404 285 4445 t’r.
297 4397 383 4442 omittit
396 4397 465 4440 verbe
479 4408 549 4441 enee
562 4420 586 4432 -
600 4396 676 4451 ietiu
690 4405 711 4442 et
725 4405 772 4443 turn
784 4396 840 4450 lenit
852 4397 1030 4450 eruneeiiou.
1065 4399 1088 4448 2)
1100 4399 1147 4442 Atii

109 4465 198 4518 leuunto
212 4465 253 4511 nd
266 4466 385 4511 vinonio
398 4465 495 4510 renuti
506 4463 591 4510 Petri.
