2918 5302
226 435 301 514 Cap.
325 429 439 492 CXLV.
482 434 527 493 De
549 442 649 493 sancto
671 433 811 493 bliclraele
832 431 1015 510 archangelo.
1078 431 1138 493 647

97 587 192 644 latrias
215 588 379 660 reliquerunt
401 605 516 645 errorem
539 595 565 646 et
585 591 708 645 contiuuo
726 589 796 645 oolla
813 587 974 646 christianas
994 587 1055 644 ntor
1073 589 1137 645 sub-

98 689 234 746 miserunt.
268 686 393 744 Secuntla
414 691 525 744 uictoria
548 696 604 755 est,
628 703 705 762 quarn
724 687 839 747 Michaei
863 687 1041 762 archangelus
1067 688 1137 744 ohti-

96 788 168 853 nuit,
192 785 298 856 quando
322 789 476 852 draconem,
502 786 529 842 tt
548 794 588 846 est
608 787 775 855 Luciferum,
792 802 849 842 oum
875 786 996 842 omnibus
1015 788 1072 842 suls
1092 791 1137 844 s'e-

95 885 224 957 quacibus
243 885 277 940 ds
293 886 368 941 coelo
388 887 495 956 expulit.
531 886 569 943 Do
588 903 639 959 quo
660 888 802 959 exponitur
822 886 902 954 illud,
930 881 1137 959 qrot'hanemr

95 988 121 1038 in
139 984 314 1055 Apocalypsi:
338 984 433 1040 factum
454 992 495 1040 est
511 987 639 1056 proelium
664 1002 784 1058 magnum
804 989 828 1040 in
848 986 934 1051 coelo,
953 985 1068 1042 Michael
1085 994 1134 1044 cto.
1214 1031 1216 1034 -

97 1083 158 1140 Cum
180 1087 247 1140 enim
262 1083 369 1142 Lucifer
383 1083 431 1140 liei
451 1085 637 1156 aequalitatem
650 1087 808 1158 appetisset,
828 1084 1004 1156 archangelus
1018 1085 1134 1142 hllohacl

94 1183 219 1238 coelestis
236 1185 366 1240 exercitus
385 1184 499 1256 signifer
515 1183 658 1239 adueniens
676 1185 759 1255 ipsum
771 1182 921 1240 Luciferum
941 1199 997 1238 oum
1014 1187 1071 1240 suls
1088 1201 1133 1242 to·

94 1281 221 1355 quecibus
244 1282 278 1338 dc
300 1282 376 1338 coelo
402 1282 503 1355 expulit
521 1289 548 1339 et
566 1285 591 1338 iu
610 1281 677 1338 hunc
700 1290 788 1339 aerem
811 1283 986 1355 caliginosum
1005 1287 1133 1356 usquein

93 1381 159 1435 rilem
179 1381 275 1452 iudicii
296 1383 411 1438 retrusit.
446 1379 503 1437 Non
528 1384 594 1438 enim
620 1384 774 1453 permissum
800 1393 840 1438 est
865 1385 897 1436 iis
915 1385 941 1437 in
959 1382 1034 1438 coelo
1053 1382 1131 1439 habl-

91 1486 149 1536 tcre
174 1482 231 1536 siue
258 1483 282 1536 in
308 1483 445 1552 superiore
469 1487 545 1551 parte
565 1483 652 1551 aeris,
678 1483 740 1554 qula
763 1481 838 1538 locus
856 1481 943 1537 clarus
962 1486 988 1537 et
1005 1495 1131 1538 amoenus

91 1586 148 1646 est,
167 1595 216 1636 nec
234 1582 259 1634 in
277 1586 349 1636 terra
366 1579 517 1649 nobiscum,
541 1583 669 1637 neminis
689 1597 737 1636 nos
757 1579 929 1648 infestarent,
954 1580 1002 1636 secl
1024 1583 1049 1636 ln
1067 1588 1131 1638 atre

91 1681 159 1736 lntsr
176 1680 276 1735 coelun
297 1684 323 1737 el
341 1686 437 1736 terrent
455 1685 529 1749 sunt,
549 1687 586 1745 ut,
606 1680 665 1736 rlurn
684 1681 807 1752 superius
826 1681 972 1750 respiciunt
991 1686 1018 1736 et
1039 1678 1130 1736 sideni

89 1778 218 1852 gloriani,
245 1795 321 1851 quern
340 1783 498 1846 arriserunt,
523 1777 585 1836 inde
605 1777 724 1834 tutorem
742 1778 867 1845 imbuunt,
891 1784 917 1834 ot
941 1777 998 1833 ulum
1017 1779 1128 1834 inferius

89 1880 232 1950 respiciunt
252 1885 279 1934 et
298 1877 388 1935 rident
407 1879 526 1936 homiues
538 1859 606 1934 'illuc
624 1878 796 1946 adscendere,
814 1877 884 1932 unde
903 1879 953 1947 ipsi
968 1877 1127 1947 oeciderunt,

89 1975 150 2030 inde
167 1975 276 2032 ¹iurltiia
299 1977 452 2049 frequentor
475 1985 656 2050 torqueantur.
691 1975 855 2049 Frequenter
878 1983 964 2031 tamen
985 1991 1018 2032 ex
1037 1976 1128 2040 diuina

88 2057 285 2145 dispensatione
298 2075 331 2132 ad
347 2084 463 2132 nostrum
482 2080 632 2134 exercitione
651 2077 685 2132 erl
704 2093 753 2132 noa
771 2075 942 2142 descendunt,
960 2073 1039 2141 unde,
1058 2076 1127 2130 sicut

87 2172 220 2246 aliquibus
240 2177 303 2231 siric
322 2179 408 2231 sacris
426 2183 597 2231 monstratum
617 2185 667 2244 est,
687 2176 840 2248 frequentor
857 2177 928 2229 circa
946 2188 995 2228 nos
1014 2174 1126 2229 colitant

86 2275 155 2328 sicut
166 2289 278 2330 muscae.
311 2273 515 2331 Innumerabiles
528 2277 593 2330 enim
607 2283 667 2330 sunt
680 2281 706 2332 et
726 2275 796 2329 reiut
814 2287 919 2329 muscae
938 2279 1018 2328 totum
1032 2278 1124 2327 'semin

85 2371 260 2443 repleverunt.
296 2371 370 2430 Unde
388 2373 451 2428 dicit
465 2372 579 2443 uapor:
599 2383 628 2430 ut
645 2372 798 2445 philosophi
813 2373 935 2428 eliserunt
953 2377 980 2428 ct
998 2370 1122 2428 tlootores

83 2471 167 2526 nostri
191 2474 347 2542 opinantur,
372 2479 418 2527 cir
444 2476 494 2527 isto
519 2475 557 2528 ita
582 2473 674 2544 plenus
701 2479 741 2529 est
764 2471 936 2529 daemonibus
954 2477 981 2526 ot
998 2470 1121 2542 malignis

83 2561 236 2640 spiritibus,
263 2574 330 2626 siout
351 2570 440 2625 rauliua
460 2571 526 2626 solis
546 2573 726 2628 minutissimis
744 2571 907 2643 pulvisculis.
943 2567 1016 2624 Licet
1034 2575 1120 2624 eutem

82 2651 121 2723 tot
140 2671 202 2737 sini,
222 2675 308 2724 tamon
323 2671 402 2740 juxte
419 2674 573 2726 sententiare
590 2671 715 2744 origenis
734 2687 822 2726 corum
841 2671 973 2726 exercitus
988 2672 1119 2734 minuitur,

58 2815 60 2820 ,
82 2785 138 2823 curu
158 2784 204 2824 eos
225 2769 366 2834 uincimus,
392 2771 489 2835 itaut,
513 2771 557 2841 qui
576 2770 609 2825 ab
631 2770 722 2842 aliquo
740 2776 831 2826 saneto
851 2773 907 2824 uiro
927 2771 1010 2824 rietus
1029 2770 1120 2834 fuerit,

81 2867 206 2939 tetrrrrps
225 2867 270 2923 illo
289 2865 322 2922 sle
342 2868 415 2931 uitio,
435 2867 467 2922 tle
486 2885 537 2939 qno
557 2871 639 2924 uictos
659 2877 709 2936 est,
728 2871 813 2940 ipsum
832 2885 883 2922 non
902 2867 989 2923 valeat
1005 2875 1116 2925 tentare.

81 2967 174 3024 Tertia
193 2969 303 3023 uictoria
321 2973 377 3032 est,
401 2981 476 3036 qnam
502 2968 591 3039 rugeli
610 2967 727 3039 quotidie
748 2967 781 3023 rto
801 2967 971 3024 daemonibus
990 2968 1120 3036 obtinent,

79 3067 138 3122 ulum
164 3064 313 3139 pronubis
338 3072 430 3120 contra
453 3081 498 3122 eos
522 3073 670 3139 pugnantes
688 3065 722 3120 ah
746 3083 835 3123 eorum
853 3069 998 3123 tentatione
1016 3084 1064 3123 nos
1084 3069 1118 3122 li-

78 3167 179 3223 berant.
214 3164 314 3222 Tribus
333 3169 419 3219 autern
442 3165 527 3221 modis
552 3165 585 3221 ah
612 3168 728 3237 ipsorum
753 3167 897 3222 tentatione
922 3182 970 3222 nos
994 3166 1115 3222 liberant.

78 3265 163 3322 Primo
182 3266 370 3336 proprietatem
390 3261 526 3321 daemonis
544 3265 722 3334 refrenando,
750 3264 862 3335 hpoosl.
881 3263 932 3320 xx
957 3265 991 3320 cla
1009 3265 1116 3338 angelo,

78 3367 124 3437 qul
155 3362 307 3419 daemonem
339 3364 435 3437 ligurit
458 3371 485 3420 et
508 3367 533 3420 in
559 3363 682 3436 abyssum
708 3365 794 3432 misit,
824 3369 851 3419 et
874 3362 979 3419 'l'ohise
1004 3362 1059 3420 ttttt
1083 3363 1116 3419 sle

77 3461 190 3535 ‹lpsholo
216 3463 243 3517 in
267 3461 373 3520 decemo
398 3465 532 3534 superiori
555 3463 679 3536 religato.
713 3461 796 3534 llup'us
821 3464 889 3518 enin
908 3463 1031 3536 religatio
1050 3463 1117 3518 nihil

76 3561 149 3620 allud
171 3567 225 3630 est,
250 3575 327 3634 quam
354 3565 494 3633 potestatis
522 3564 579 3636 ojus
599 3562 753 3619 refrenatio.
788 3561 910 3617 Secundo
925 3563 1118 3632 coucupiscens

75 3665 138 3718 tiam
161 3659 363 3734 refrigerando,
390 3659 461 3733 quoti
486 3659 659 3735 significatum
685 3667 726 3718 est
751 3659 847 3716 (leues.
865 3657 982 3726 llllllll,
1009 3660 1054 3715 ubi
1073 3661 1114 3715 ti-

74 3764 151 3829 citur,
171 3759 242 3832 quoti
261 3761 372 3834 angelus
386 3762 475 3833 tetigit
486 3775 591 3817 nerruur
606 3761 689 3819 Jacob
703 3768 730 3818 et
745 3762 833 3816 statim
850 3762 986 3818 emarcuit.
1020 3759 1114 3815 'fertio

73 3861 224 3918 memoriam
247 3858 394 3915 dominicae
418 3861 552 3930 passionis
579 3864 677 3916 nostris
695 3861 825 3917 mennbus
844 3859 1024 3930 imprimendo.
1060 3857 1114 3914 lios

73 3959 247 4034 significatum
272 3966 314 4016 est
337 3960 447 4031 Apocnl.
466 3958 537 4026 vit,
555 3943 608 4013 ¹ubi
629 3959 741 4015 elicitur:
766 3959 850 4015 nolite
867 3974 965 4015 nocere
982 3963 1069 4013 terrae
1087 3965 1114 4014 et

74 4063 138 4115 mari
158 4075 206 4115 nec
224 4059 377 4127 arboribus,
401 4075 540 4131 quousque
564 4065 614 4115 eto.
648 4057 712 4114 lton
731 4056 830 4114 Erech.
850 4055 913 4113 itt:
937 4059 1015 4130 signa
1034 4055 1112 4113 Thau

72 4162 100 4216 in
117 4161 248 4217 frontibus
267 4162 380 4214 uirorum
399 4160 565 4232 gementium.
590 4155 669 4212 Thau
687 4157 863 4213 enlm-littera
880 4155 914 4210 aul
933 4153 1034 4210 mudum
1052 4170 1112 4212 cru-

72 4263 111 4316 cis
136 4267 177 4316 est
199 4266 275 4325 acta,
305 4265 331 4315 et
354 4259 399 4331 qul
424 4258 476 4314 hoc
500 4258 602 4330 signati
625 4262 703 4324 sont,
727 4271 779 4311 non
800 4258 893 4313 ilmont
909 4255 1031 4329 angelum
1050 4270 1111 4325 per-

71 4375 214 4419 cussorem.
248 4356 322 4414 Unde
349 4357 445 4446 ibirlcm
469 4356 577 4413 elicitur:
609 4371 691 4428 super
715 4371 790 4428 quern
815 4354 935 4411 videritis
959 4353 1053 4421 Thau,
1078 4368 1112 4413 ns
