2828 5302
322 473 394 553 Cap.
417 473 546 535 XXXIV.
587 475 633 538 De
656 479 880 560 quadragesima.
1061 484 1119 549 151

79 635 150 700 inm,
186 635 215 685 nt
229 629 330 687 seilicet
347 633 374 687 in
392 634 458 704 ipsis
477 647 493 689 a
516 634 572 691 lieo
595 636 747 694 innocenter
763 636 899 696 ineantur.
952 638 1120 701 Termiuaior

78 736 166 786 autem
185 732 419 806 quinquagesima,
443 739 472 788 nt
487 732 581 790 ilicium
602 739 659 804 est,
684 739 711 793 in
729 735 773 793 iiie
790 738 922 811 paschae,
943 743 1006 812 quia
1024 744 1116 813 poeni-

77 831 162 886 tentis
180 829 215 888 od
233 834 375 889 nouitatem
394 836 464 890 uitae
483 833 547 889 iacit
563 850 712 908 resurgere.
752 836 781 893 im
799 837 849 894 irco
864 844 982 911 ternpore
1000 841 1117 912 psalmus

75 931 327 1003 qumquagcsimns,
357 932 469 990 scilieet:
506 936 699 990 misereremei
718 935 854 1006 dominns,
880 942 981 1012 quiesi
1000 943 1115 1012 psalmus

75 1031 254 1100 poenitentioe
272 1037 299 1088 ci
317 1033 487 1102 remissionis,
506 1033 643 1106 plurimum
662 1023 864 1110 frequentatus
933 1059 936 1068 ·

452 1523 546 1623 tini.
579 1523 723 1622 iiiii.

340 1677 417 1747 lie
452 1673 833 1767 qusmrsgesims.

138 1838 349 1913 Quadragesime
366 1841 457 1912 incipit
476 1856 493 1896 a
511 1841 656 1912 doninica,
675 1857 729 1914 qoe
745 1847 880 1897 cunutus:
906 1843 1037 1898 intooorit
1055 1861 1105 1916 me,

68 1936 114 1991 nioi
133 1937 262 2009 ecelesia,
281 1955 349 2012 quae
367 1946 406 1996 tot
422 1939 636 1996 tribulationibus
654 1957 749 2014 pressa
765 1941 937 1998 eisnaucrat:
962 1944 1103 2000 circumle-

67 2037 165 2092 dernnt
180 2053 221 2092 me
238 2043 301 2106 eto,
339 2046 366 2095 et
389 2040 552 2112 postmodum
579 2043 758 2112 respiraverat
783 2039 929 2098 invocando
946 2040 1103 2114 adjutorium

66 2135 172 2190 eliseus:
208 2152 322 2212 exsurge
340 2145 389 2196 cte.
410 2145 436 2195 ei
455 2146 513 2196 esto
533 2139 597 2195 rniiri
614 2141 641 2196 in
657 2140 739 2197 ileum
757 2146 929 2214 protectorem
949 2147 1016 2210 eto,
1035 2160 1101 2198 nuurnc

65 2235 183 2291 ostendit
201 2252 230 2292 se
248 2238 412 2307 exauditam,
430 2239 533 2296 dicens:
551 2242 685 2297 invocavit
698 2256 739 2298 mo
757 2247 806 2298 ete.
840 2239 987 2298 Notandum
1004 2250 1100 2310 auten,

66 2333 137 2407 quoii
162 2335 366 2412 quadragesimo
388 2341 504 2396 continet
521 2338 593 2396 XLii
610 2339 680 2409 dics,
715 2343 871 2414 computetis
889 2339 1025 2396 dominicis
1044 2341 1099 2398 die-

65 2433 131 2502 su,
158 2451 193 2491 ex
211 2436 305 2508 quihus
324 2438 383 2495 dnm
400 2456 448 2495 seu
466 2439 523 2496 dics
540 2439 709 2497 dominicales
726 2438 932 2509 subtrahuntur,
965 2449 1100 2498 remanent

64 2535 178 2594 XXXVI
195 2536 251 2594 tiles
267 2539 472 2608 inabstinentia,
492 2555 560 2612 quae
571 2537 908 2597 suntdecinratotiooauni.
927 2540 1017 2596 Annus
1031 2544 1097 2597 enirn

64 2635 146 2693 habet
155 2643 287 2694 trecentos
299 2642 441 2712 sexaginta
450 2642 564 2712 qrrinque
575 2639 643 2708 dies,
663 2656 771 2713 qnorum
783 2638 896 2695 XXXi'i
910 2647 971 2695 sont
986 2639 1096 2710 tissima,

63 2735 112 2793 sed
131 2743 257 2809 quattuor
272 2737 330 2794 siles
348 2738 536 2810 praecedentes
554 2739 694 2808 odiuntur,
712 2746 741 2795 nt
759 2754 835 2795 saoer
853 2740 1096 2812 numerusqusulrn-

63 2841 140 2910 ginta
168 2837 268 2893 dierum
297 2840 446 2911 impleatur,
483 2854 558 2910 qoem
585 2839 704 2896 salrator
727 2854 776 2896 emo
797 2840 900 2910 jejnrrio
925 2843 1096 2898 consecrarit.

63 2940 151 3004 Qmsre
167 2944 253 2995 autem
274 2940 301 2993 in
317 2937 368 2995 hoo
384 2953 492 2994 numero
512 2939 539 3008 ¹)
553 2939 681 3011 jejunium
699 2937 887 3006 observemus,
913 2939 1009 3011 triplex
1027 2943 1095 2996 ratio

61 3039 195 3112 assignori
214 3044 309 3110 potest.
344 3040 432 3096 Prinna
448 3043 489 3094 est
504 3039 655 3110 Augustini,
673 3038 795 3110 quonism
813 3036 964 3095 iiiattixaeus
981 3039 1029 3095 XL
1048 3057 1094 3113 ge·

60 3141 212 3196 notationes
231 3138 328 3196 Christi
345 3141 427 3211 ponit.
460 3138 502 3195 Asi
519 3137 570 3194 noe
586 3139 669 3212 igitur
684 3137 802 3193 dominns
821 3153 870 3192 sno
883 3139 1095 3212 quadragenario

60 3255 168 3295 sonoro
186 3239 286 3295 ainos
303 3239 558 3308 descensionum
576 3237 610 3294 ni
630 3254 687 3295 enm
705 3254 812 3296 numero
823 3237 1035 3312 quadragenario
1045 3239 1093 3294 sti-

58 3339 222 3396 scomiaroos.
273 3339 359 3395 Aliam
392 3342 513 3414 assignat
535 3338 603 3394 idern
626 3339 730 3395 dicens:
764 3338 798 3393 ari
821 3336 871 3393 hoo
895 3341 924 3393 ui
948 3335 1092 3394 iubeamus

58 3441 321 3512 quinquagenarium,
341 3439 553 3514 quadragenario
563 3437 699 3496 miccius
715 3444 757 3493 est
773 3437 905 3506 denarius,
925 3441 987 3510 quin
998 3439 1031 3494 asi
1043 3439 1092 3494 lroo

57 3542 254 3606 ottonianus,
285 3538 321 3594 ad
337 3538 441 3596 beaten
458 3542 574 3612 requiem
593 3544 697 3611 oportet
714 3555 762 3593 nos
780 3544 837 3594 toto
856 3540 1003 3610 praesentis
1021 3542 1090 3596 uiinc

55 3645 174 3710 temporo
191 3637 323 3696 inherere.
358 3637 432 3697 ilnio
449 3647 476 3698 et
492 3640 611 3696 ‹iomiuus
626 3639 674 3695 XL
692 3637 784 3694 diebus
802 3654 858 3693 cnm
872 3637 1007 3710 discipulis
1017 3654 1090 3694 nran-

54 3743 91 3796 sit
108 3745 134 3796 ei
151 3746 212 3813 poet
230 3741 390 3798 decimariis
408 3742 526 3813 spiritum
544 3745 660 3796 sanctam
678 3735 841 3798 Paracletum
859 3741 936 3794 misit.
973 3737 1088 3795 Tertiam

51 3841 177 3912 assignat
193 3843 320 3915 magister
336 3840 534 3913 Praepositiuus
554 3841 580 3896 in
599 3839 704 3894 Summa
726 3837 759 3895 de
778 3837 872 3894 officiis
892 3837 996 3894 dicens:
1014 3855 1088 3894 nrum-

52 3941 105 3998 siss
127 3943 154 3996 in
178 3947 301 4016 quattuor
324 3945 414 4014 paries
437 3946 464 3996 et
485 3955 568 3997 arruns
591 3943 617 3995 in
640 3945 764 4012 quattuor
782 3946 900 4011 tempora
919 3937 1043 3994 uiiviiitnr
1060 3949 1087 3995 ot

52 4041 104 4098 iroo
130 4056 162 4098 ex
187 4047 311 4114 qooitnor
335 4042 470 4098 elementis
493 4047 520 4097 et
542 4045 666 4114 quattuor
683 4039 906 4111 complexionibus
922 4041 1088 4095 constituitur

51 4151 80 4200 et
96 4155 188 4198 morsm
207 4143 309 4215 legent,
327 4156 395 4214 qnae
413 4143 441 4196 in
457 4145 582 4214 quatitur
598 4140 744 4214 esarrpeiiis
763 4141 897 4208 consistit,
918 4146 945 4196 et
961 4144 1084 4205 veterem,

51 4256 121 4314 qnae
139 4243 165 4296 iu
182 4241 270 4298 rieoem
288 4241 429 4310 mansistis,
449 4244 609 4315 transgressi
625 4256 721 4298 snmus.
756 4240 868 4312 iiportet
886 4242 974 4314 igitur,
994 4247 1023 4295 ut
1038 4239 1085 4296 sio·

125 4461 149 4516 1)
163 4463 215 4507 leo.
229 4459 315 4506 sddnni
328 4461 573 4516 qundroflensrio.
