2918 5302
268 500 340 583 Cap.
363 499 492 560 cxttv.
533 499 579 560 De
602 509 700 560 sencio
723 499 831 560 Forseo
855 497 1001 577 episcopo.
1092 493 1152 556 ott

114 671 188 726 naa3
211 656 310 730 diliges
333 659 477 727 proximum
500 662 570 714 inunt
590 659 661 716 sicut
683 666 709 714 te
731 660 824 728 ipsun.
860 653 1007 727 Respondit
1023 652 1152 727 augelus:

114 761 156 814 eir
172 758 224 813 lcte
243 757 268 810 in
286 756 421 826 proulrnoe
439 772 502 814 snos
522 766 646 830 operatus
665 764 706 815 est
724 757 803 814 bona.
840 757 1017 814 Adversarius
1040 769 1151 825 respon-

114 857 167 916 dit:
190 843 242 912 non
261 853 358 911 solicit
374 854 439 923 loc,
462 858 514 912 nisi
537 860 615 914 etiam
633 861 701 914 sicui
719 873 750 914 uo
768 862 852 930 ipsuru
871 856 1002 913 dilexerit.
1038 853 1085 909 Cui
1104 869 1151 909 un·

114 955 204 1032 gelus:
223 955 323 1011 tructus
341 953 490 1011 dilectionis
509 963 551 1013 est
568 955 636 1013 bene
655 960 777 1030 operari,
803 959 866 1031 qula
888 957 958 1014 Deus
982 955 1070 1013 reddit
1092 957 1152 1013 uni·

115 1061 210 1131 cuique
232 1054 373 1112 secundun
397 1071 481 1128 opera
499 1070 556 1112 sna.
592 1055 718 1130 Dixitque
735 1057 861 1114 deenen:
887 1056 934 1112 eod
959 1059 1022 1129 qula
1045 1053 1151 1111 verbero

115 1159 149 1216 de
163 1154 300 1232 diligendo
312 1170 363 1211 non
377 1156 531 1228 inpleverit,
550 1155 686 1213 dannatus
700 1159 758 1215 erit.
792 1156 929 1231 Pugnante
944 1155 1022 1212 torna
1039 1153 1154 1212 uetando

115 1263 202 1317 sancti
231 1256 321 1331 angeli
355 1258 469 1313 victores
495 1255 609 1334 inerunt
654 1255 726 1312 illuit
750 1259 843 1314 iterun
870 1255 996 1312 daemon:
1027 1257 1052 1311 si
1081 1253 1152 1311 liene
1267 1303 1271 1309 .

116 1363 222 1433 iniquus
239 1374 291 1414 oon
309 1362 351 1414 est
367 1363 395 1413 et
413 1357 487 1413 verbi
504 1355 576 1412 iilius
594 1358 775 1430 transgressio
798 1357 823 1414 el
846 1355 984 1428 displicet,
1009 1358 1061 1412 tate
1088 1369 1153 1426 poe-

117 1475 206 1516 narurn
233 1471 329 1530 expers
354 1472 406 1512 uon
434 1457 499 1525 erlt;
523 1457 645 1528 promisit
667 1458 735 1513 eninr
758 1457 849 1514 seculo
873 1457 1061 1514 abrenuntiare
1088 1460 1153 1512 ete

114 1559 248 1615 contrario
267 1557 383 1612 seculum
398 1555 493 1613 dilexit
505 1562 599 1612 eontra
612 1555 648 1624 id,
667 1557 738 1630 qnod
750 1558 848 1615 dicturo
866 1563 923 1615 eet:
941 1555 1022 1612 nolite
1040 1555 1154 1629 diligere

116 1659 236 1716 nondun
254 1673 339 1730 neque
358 1672 405 1726 ea,
430 1671 499 1729 quae
517 1658 544 1711 ln
561 1655 656 1713 mando
675 1664 744 1714 snut.
779 1657 893 1714 Suetus
910 1656 1023 1730 angelus
1042 1670 1154 1726 reapon-

117 1759 169 1816 dit:
199 1775 252 1816 nun
273 1758 327 1813 sibl
350 1773 399 1824 ea,
425 1771 494 1831 quae
518 1761 580 1813 aunt
604 1757 702 1827 seculi,
729 1758 778 1814 sed
803 1756 951 1814 looniuilrus
973 1755 1154 1828 indigentibus

116 1857 299 1932 dispensanda
331 1856 434 1916 dilexit
486 1855 623 1929 Duabolno
653 1856 805 1931 respondit:
852 1857 1035 1930 qualicunque
1076 1853 1154 1911 ruodo

115 1958 253 2032 diligatur,
269 1963 361 2012 contra
380 1962 549 2028 praecepium
567 1957 682 2014 dirioonu
705 1965 754 2014 est.
790 1955 873 2014 Victis
887 1955 1050 2013 adversariis
1062 1972 1154 2013 runos

118 2057 247 2130 dyabolus
277 2056 313 2111 ad
345 2055 455 2112 callidae
487 2059 649 2114 conuertitur
680 2057 864 2113 accusationes
895 2054 999 2112 dicens:
1029 2058 1154 2129 scripturn

118 2163 176 2226 est,
192 2158 217 2212 sl
235 2173 286 2212 uon
304 2158 500 2212 auriontiareris
522 2158 612 2228 iniquo
630 2158 794 2228 iniquitaten
812 2171 900 2222 auom,
921 2157 1077 2229 sanguinent
1095 2157 1154 2228 ejus

117 2257 152 2314 de
174 2271 250 2312 nanu
276 2263 321 2311 tua
344 2257 490 2327 requiram
521 2256 563 2312 iric
595 2272 647 2311 non
674 2256 838 2312 annuntiavit
865 2253 946 2328 digne
970 2253 1154 2326 peccatoribus

117 2358 314 2430 poenitentiam.
350 2355 463 2411 Sanctus
481 2355 594 2429 augelus
612 2354 763 2427 respondit:
784 2355 888 2428 qnando
909 2355 1045 2410 auditores
1062 2353 1154 2426 despi-

118 2461 190 2514 ciunt
209 2456 332 2525 rcrbunu,
350 2456 443 2529 ttogno
463 2453 581 2512 doctoris
598 2455 672 2528 loqui
690 2455 875 2528 praepeditur,
895 2455 954 2510 dun
975 2454 1059 2520 ridet,
1083 2455 1155 2526 quod

116 2557 282 2631 praedicatio
300 2556 392 2612 audita
408 2555 568 2626 despicitur,
587 2555 657 2613 uodo
674 2554 812 2628 prudentie
831 2561 882 2623 est,
901 2555 961 2610 doro
979 2569 1031 2609 non
1049 2559 1091 2609 est
1111 2553 1152 2610 lo-

116 2657 212 2730 quendi
223 2663 333 2728 tenpus,
347 2669 427 2710 notan
439 2660 537 2712 iacere.
573 2655 602 2712 ln
616 2657 685 2711 omni
700 2670 763 2710 rero
778 2655 987 2710 contradictione
1000 2653 1154 2710 daemonum

117 2755 274 2830 praevalido
291 2757 367 2810 uinis
385 2757 486 2812 exstitit
502 2771 608 2830 pugna,
633 2753 717 2810 donec
738 2753 829 2827 judice
847 2752 952 2810 donnino
969 2755 1154 2826 triumphanti-

117 2854 168 2913 bus
191 2855 296 2931 angelis
320 2855 483 2927 deuictisque
504 2854 668 2912 aduersariis
693 2857 821 2911 lunense
844 2855 967 2912 claritate
990 2857 1031 2911 ιιι
1047 2862 1155 2913 cunctus

117 2954 290 3013 clroornlueoe
309 2959 357 3013 est
394 2953 464 3012 Unus
482 2959 585 3023 auten,
610 2961 639 3010 nt
656 2953 732 3011 Beda
747 2960 877 3024 ιιειιιιιι,
901 2970 934 3012 eu
958 2953 1063 3029 angelis
1088 2955 1157 3012 dixit

117 3059 156 3114 el:
174 3057 281 3128 respice
294 3055 426 3124 nondun,
447 3057 648 3128 respiciensque
667 3053 732 3110 ridit
749 3053 843 3110 rallero
861 3053 1027 3111 noeurosan
1046 3061 1073 3111 et
1089 3070 1156 3128 qao-

116 3164 178 3214 tuor
199 3157 276 3230 ignca
302 3156 328 3210 ln
353 3161 415 3212 atre
438 3156 572 3229 oliqoitros
595 3157 691 3229 spatiis
712 3169 731 3210 a
753 3170 783 3212 re
813 3153 959 3222 dicantes,
988 3153 1107 3228 dixitque
1130 3156 1156 3211 et

117 3257 244 3331 angelus:
262 3255 290 3310 ιιι
309 3262 370 3311 sunt
387 3260 501 3326 quatuor
518 3257 611 3328 ignes,
629 3256 675 3327 qui
693 3255 811 3312 nondun
830 3254 1004 3322 suecendunt;
1030 3261 1157 3311 nauseet

116 3359 188 3431 iguis
206 3356 351 3422 mendacii,
373 3370 431 3410 cunr
455 3355 521 3424 lnoe,
548 3354 616 3428 quod
644 3355 830 3412 abrenuntiare
853 3352 967 3426 dyabolo
990 3359 1017 3410 et
1034 3353 1154 3410 cunibus

118 3458 222 3530 ponpis
249 3459 307 3528 ejus
333 3457 359 3510 ln
381 3453 513 3527 bnptlsrno
541 3455 661 3511 honines
688 3457 873 3529 promiserunt,
903 3455 1008 3508 niniure
1030 3453 1153 3524 inplent;
1230 3473 1232 3478 ·

118 3555 249 3614 secundus
273 3554 443 3626 cupiditatis,
468 3571 524 3612 curo
548 3556 637 3612 nundi
661 3555 768 3611 diritius
792 3557 875 3610 nroort
899 3553 1052 3611 coelestinos
1076 3568 1155 3624 prae-

117 3663 233 3730 pounni;
251 3660 345 3713 tertios
365 3663 408 3714 est
424 3656 609 3723 dissensionis,
628 3671 684 3712 curn
703 3657 804 3711 ιιιιιιιιοι
821 3655 996 3726 prorinororn
1017 3653 1043 3707 in
1060 3667 1154 3724 super-

117 3759 209 3812 uacuis
226 3755 306 3811 nuos
324 3755 458 3813 offendere
475 3771 528 3811 non
548 3755 706 3823 iornldunt;
732 3761 841 3827 quartus
860 3754 1018 3824 inpietatis,
1037 3767 1093 3807 oum
1112 3753 1154 3808 tn-

118 3854 246 3912 firmiores
264 3855 415 3928 exspoliare
434 3863 460 3912 ct
477 3857 512 3912 ils
530 3855 648 3912 irauderu
662 3855 750 3912 lacere
763 3869 811 3926 pro
824 3852 907 3910 nllullo
920 3852 1026 3908 ducunt.
1053 3849 1155 3909 Deinde

116 3956 158 4011 tllt
183 3957 260 4028 ignee
285 3957 529 4028 appropinquantes
552 3956 579 4011 in
602 3971 679 4012 ιιιιιι
701 3953 803 4010 redacti
827 3959 890 4008 sont
907 3959 934 4009 ct
950 3951 991 4006 illi
1008 3954 1154 4023 appropin-

117 4055 250 4130 quabant,
266 4057 415 4128 timensque
432 4055 530 4130 angelo
548 4055 628 4111 dixit:
646 4053 760 4122 domine,
779 4054 849 4126 ignia
870 4050 933 4106 rullri
951 4052 1154 4124 appropinquat

118 4156 167 4213 (iul
185 4154 313 4230 angelos:
338 4155 410 4228 qnod
430 4170 482 4210 non
505 4154 666 4223 accendisti,
692 4169 745 4210 non
761 4151 867 4208 ardebit
889 4152 915 4205 in
935 4156 976 4220 to,
999 4153 1069 4224 ignis
1087 4153 1155 4207 enirn

117 4260 169 4314 trie
195 4254 338 4314 secundun
364 4256 459 4328 uerita
482 4270 590 4326 opernm
616 4255 748 4310 hominurn
771 4250 892 4326 cingulos
917 4252 1063 4320 examinat;
1095 4267 1155 4309 nanu

116 4359 186 4413 aioni
202 4371 300 4430 corpor
317 4355 394 4413 ardet
411 4370 461 4428 per
482 4354 672 4424 ¹)rolontaieru
691 4353 819 4421 illtcltnn,
839 4353 876 4408 ito
890 4353 967 4408 etlunu
986 4351 1091 4410 amobit
1108 4367 1156 4422 per

167 4479 189 4532 l)
203 4475 492 4536 tarracinensem
506 4473 611 4531 praefert.

917 4553 950 4609 dl
