2828 5302
300 505 359 568 112
509 507 580 588 Cep.
602 507 710 570 xxiii.
758 511 802 573 iio
824 525 922 574 sancto
944 515 1125 578 Sebastiano.

244 737 249 748 ⁸
300 685 378 745 quun
395 669 534 729 bosseret
552 687 629 746 quesn
649 671 790 746 tuoussiun
815 671 914 731 bebere
932 672 1029 732 frstres
1047 677 1073 731 iu
1091 690 1168 730 onon
1185 679 1235 731 etc.
1272 675 1338 743 tini-

298 771 348 828 bus
364 770 531 844 praefectus:
567 772 686 833 infelices
713 770 837 844 seponite
854 775 992 832 monton
1011 779 1037 829 et
1056 790 1103 830 sos
1120 777 1194 846 ipsos
1212 773 1336 831 iiborste.

300 871 347 930 Cui
363 868 418 926 iiii:
442 885 573 944 nisuquesn
589 877 641 929 isos
660 871 727 930 bens
745 873 844 944 epuiuii
862 889 966 941 sunus,
997 875 1095 929 utinen
1112 873 1211 929 tensfflu
1228 875 1268 930 sio
1285 891 1337 930 nos

297 987 359 1029 esse
374 971 528 1043 permittas,
563 970 686 1044 omneis
705 975 825 1045 eorporis
843 977 955 1046 tegimur
973 972 1130 1029 indumento.
1165 971 1238 1030 Tunc
1256 989 1337 1046 proe-

299 1070 383 1136 fectus
403 1070 485 1142 jussit
505 1085 552 1127 eos
569 1070 669 1128 iunceis
692 1087 741 1144 per
756 1072 843 1130 istoru
861 1072 1070 1130 uenererberori
1089 1079 1116 1129 et
1134 1075 1173 1129 sie
1190 1075 1337 1129 ussrtiriusn

297 1173 547 1226 consummaverunt.
598 1169 663 1227 Post
685 1169 735 1227 boe
758 1170 908 1243 praefectus
931 1173 1102 1245 iipocIetieoo
1129 1175 1281 1246 inperatori
1301 1173 1336 1229 sic

297 1269 456 1330 Sebsstisuo
476 1271 628 1344 suggessit,
662 1286 738 1344 queso
756 1270 792 1326 sti
808 1287 838 1327 se
858 1286 954 1328 reeens
971 1271 1054 1328 siisit:
1082 1289 1135 1346 ogo
1151 1280 1178 1330 te
1193 1275 1335 1346 interpri-

297 1386 355 1427 sssos
376 1373 403 1426 in
423 1368 524 1442 peistio
548 1383 606 1428 suso
630 1385 734 1443 senpes
758 1368 840 1428 bubni
864 1375 891 1429 et
913 1377 943 1428 tu
962 1379 1054 1429 contro
1077 1372 1187 1429 suinte-
1205 1388 1288 1430 nean
1308 1379 1336 1428 ct

297 1473 411 1532 fisosun
427 1471 549 1544 injurians
564 1467 690 1528 bostonus
708 1469 819 1527 lotuisti
854 1470 903 1526 cns
921 1468 1110 1527 sebastienus:
1127 1487 1176 1543 pro
1192 1471 1337 1528 soloteiuu

298 1571 428 1631 iibrietuos
447 1584 552 1640 sosuper
567 1569 637 1625 coiui
653 1575 680 1628 et
696 1586 745 1641 pro
762 1575 834 1627 stetu
859 1569 968 1627 iioneni
989 1573 1092 1643 inperii
1109 1570 1208 1638 ileon,
1242 1573 1287 1643 qui
1306 1573 1333 1626 in

298 1671 380 1730 ooeiis
397 1675 454 1739 est,
486 1683 591 1741 semper
607 1669 728 1728 ssioresi.
769 1667 843 1727 Tunc
859 1670 1044 1742 Itpoeietisnus
1058 1671 1141 1743 jussit
1158 1686 1216 1726 eun
1233 1672 1260 1726 iu
1278 1686 1335 1727 use·

298 1772 368 1829 sfiuss
384 1786 501 1843 osupum
524 1769 604 1843 ligari
623 1776 650 1827 et
670 1785 688 1826 ss
710 1768 836 1826 militibus
854 1772 993 1846 sagittent,
1029 1773 1074 1844 qni
1092 1773 1131 1825 its
1149 1785 1207 1826 euru
1224 1772 1334 1844 sagittis

298 1872 480 1945 inpleverunt,
497 1877 527 1926 ut
544 1871 620 1942 qussi
640 1868 753 1926 boricius
771 1868 920 1938 rideretur,
938 1877 966 1926 et
983 1872 1153 1926 aestimantes
1170 1871 1242 1926 iiiuns
1261 1885 1333 1927 nor·

296 1977 367 2030 suun
386 1969 515 2037 obierunt,
534 1971 578 2041 qui
596 1973 666 2026 inire
684 1983 783 2042 psuoos
802 1967 860 2025 sfios
877 1967 1015 2036 iibesstus,
1033 1975 1107 2026 stans
1125 1987 1206 2042 super
1220 1972 1333 2044 grssiusn

297 2072 390 2146 psiotii
407 2073 578 2142 imperotores
596 2072 731 2126 venientes
748 2067 781 2125 sie
799 2067 891 2138 neiis,
916 2084 985 2141 quoe
1002 2067 1152 2126 christianis
1171 2070 1332 2140 inferebsns,

297 2173 361 2230 dure
385 2169 530 2242 resiorgnit.
580 2169 708 2226 Dixernnt
735 2169 922 2239 imperotores:
963 2171 1048 2226 istene
1078 2175 1119 2225 est
1148 2167 1333 2238 Sebastianus,

297 2287 374 2346 quens
391 2267 436 2326 situ
452 2271 559 2340 sagittis
577 2268 688 2325 interiet
701 2269 887 2341 jusseramus?
939 2269 987 2325 tissi
1005 2267 1193 2326 Sebastianus:
1229 2270 1263 2325 osi
1281 2269 1334 2327 boc

297 2387 338 2428 sue
355 2368 473 2426 doninus
492 2369 649 2426 resuscitare
666 2369 789 2442 dignatus
806 2375 865 2437 est,
899 2374 928 2424 ut
950 2368 1101 2425 contentens
1128 2383 1175 2425 ros
1197 2375 1223 2425 et
1238 2369 1332 2427 reder-

297 2485 375 2546 guous
393 2485 442 2527 sos
459 2467 492 2524 fe
509 2467 601 2537 inuiis,
630 2484 699 2540 quoe
717 2467 815 2526 Christi
834 2468 938 2524 fornolis
956 2469 1090 2542 irrogetis.
1125 2467 1199 2526 'fune
1216 2473 1330 2543 inpers-

298 2577 340 2627 tor
353 2567 454 2625 tumim
470 2581 527 2624 eun
549 2566 673 2641 fustigari
686 2569 783 2639 jussit,
809 2569 892 2626 tiones
905 2570 1024 2641 spirituus
1043 2565 1196 2638 extitisset,
1215 2571 1332 2646 iecitque

224 2723 225 2730 ,
295 2683 392 2742 corpus
410 2670 468 2740 ejus
484 2668 512 2722 iu
529 2666 644 2723 oioecasu
664 2669 768 2741 projici,
785 2667 1061 2740 nsuofsrtstisuispro
1072 2669 1180 2725 norim
1189 2669 1331 2728 coleretur.

296 2767 410 2826 Sanctus
426 2773 511 2824 sotern
528 2764 701 2823 Sebastianus
714 2771 834 2840 sequenti
845 2774 922 2826 nocte
931 2773 1038 2825 ssooue
1046 2767 1145 2825 Lusius
1161 2773 1287 2842 opposuit
1303 2779 1332 2829 et

220 2943 222 2950 γ
296 2884 392 2941 corpus
410 2867 468 2941 ejus
485 2866 536 2923 sibi
554 2866 682 2923 rescierit
699 2872 735 2936 ot,
753 2872 782 2924 ot
795 2868 878 2939 juxto,
890 2869 1006 2941 vestigio
1018 2866 1197 2938 spoosoiornn,
1209 2869 1273 2926 iiiui
1286 2885 1331 2926 so-

296 2970 401 3042 perires,
418 2968 563 3039 proecepit,
581 2964 651 3039 quoti
668 2971 696 3022 et
711 2965 806 3022 fectuns
823 2973 872 3024 est.
889 2965 988 3024 Psssus
1004 2971 1046 3022 est
1062 2971 1148 3022 sutem
1161 2965 1209 3022 snb
1217 2965 1330 3040 fipoels-

295 3070 369 3124 tisoo
390 3071 417 3123 et
434 3065 595 3124 bissinisno
608 3065 821 3138 inperatoribus,
841 3069 886 3139 qui
899 3072 1041 3140 cooperunt
1052 3067 1217 3123 circuenses
1231 3066 1329 3125 doosioi

297 3163 474 3225 ccxxxvii.
491 3195 523 3208 -
540 3195 575 3209 -·
591 3195 625 3210 -·
647 3171 682 3225 4.
702 3163 794 3221 Refert
812 3163 957 3240 Gregorius
973 3169 1001 3222 in
1018 3167 1102 3239 prino
1119 3163 1189 3222 iibro
1205 3165 1329 3240 dialogo-

296 3282 369 3335 russ,
399 3261 468 3338 qood
479 3264 615 3346 ‚quseisn
632 3263 724 3336 usuiier
741 3267 769 3319 iss
784 3262 882 3321 Tuscis
898 3280 982 3337 nuper
995 3271 1077 3338 nuptu
1095 3279 1151 3321 enos
1170 3262 1204 3321 ssi
1222 3263 1328 3322 siesifcs·

294 3368 391 3422 tiossens
409 3364 536 3421 ecciesieo
553 3366 638 3422 suncti
655 3363 807 3420 Sebestieni
830 3363 864 3419 ub
883 3365 943 3421 sitis
965 3366 1077 3422 inritato
1097 3369 1185 3430 esset,
1220 3365 1248 3420 iss
1268 3367 1330 3436 ipss

295 3469 388 3545 noete,
418 3477 471 3536 qus
488 3465 608 3537 respuenti
625 3462 669 3520 die
684 3463 723 3520 ire
741 3461 869 3532 debebat,
902 3465 989 3520 cornis
1007 3462 1141 3536 roiuptssto
1158 3465 1293 3521 stinuiuiu
1310 3481 1327 3522 s

294 3567 352 3622 riso
369 3580 418 3621 suo
436 3563 615 3620 seebstinere
633 3578 684 3619 non
703 3563 796 3635 potnit.
844 3561 927 3619 focio
950 3567 1037 3619 outens
1062 3577 1138 3619 usone
1163 3565 1249 3638 nugis
1266 3579 1326 3621 oru-

294 3664 405 3722 besceus
424 3663 521 3720 suituru
537 3661 667 3718 hominess
686 3677 764 3734 susus
780 3662 829 3719 firi
847 3662 909 3718 iiiuc
926 3661 1044 3735 profectu
1061 3668 1110 3719 est.
1158 3661 1223 3719 Mor
1240 3669 1327 3720 sutem

295 3769 323 3821 ut
338 3745 499 3832 orutorinus,
532 3760 577 3817 ubi
594 3766 670 3818 erunt
688 3760 816 3834 reiiquise
831 3763 916 3818 suncti
932 3760 1098 3830 Sebastiam,
1133 3761 1257 3834 ingresso
1274 3772 1326 3830 est,

294 3861 498 3936 ripsboiusosss
513 3861 626 3933 erripuit
642 3868 670 3917 et
684 3876 775 3918 coron
789 3860 908 3918 omnibus
923 3875 1019 3917 resen
1036 3861 1132 3933 coepit
1166 3858 1240 3918 'funs
1251 3877 1327 3934 pres·

294 3960 363 4018 biter
378 3961 450 4017 filius
468 3959 596 4018 eociesise
613 3959 720 4033 psiiiuss
738 3961 832 4018 uitssrb
850 3961 980 4033 arripiens
994 3957 1054 4016 iosie
1072 3973 1129 4015 eous
1147 3963 1261 4031 operuit,
1279 3961 1326 4017 sesi

295 4059 422 4134 ipsicius
438 4061 527 4117 stetin
545 4063 629 4134 ipsusss
647 4057 819 4131 presbiterum
843 4061 948 4115 inrosit.
998 4057 1133 4115 Duxerunt
1156 4065 1243 4116 sutem
1269 4074 1326 4116 es·

295 4161 371 4218 snici
388 4161 430 4217 sui
447 4158 483 4215 ssi
498 4163 690 4226 incautores,
714 4165 742 4214 ut
759 4161 814 4215 suls
832 4155 1051 4214 insecutionibus
1067 4155 1208 4228 ipsboiuss
1224 4158 1326 4232 siugu-

295 4267 361 4318 rent.
397 4257 450 4317 Sesi
468 4276 538 4329 usos,
556 4260 615 4316 iuss
634 4261 821 4326 inuniusetur,
835 4257 937 4329 iudicio
952 4255 1001 4314 Dei
1019 4256 1091 4330 tegio
1108 4254 1279 4326 tnenonu,
1298 4257 1325 4312 isi

294 4365 336 4416 est
354 4358 389 4417 iii
405 4359 487 4416 suiiiio
505 4361 621 4416 oesoenti
642 4365 669 4414 et
684 4355 769 4414 cxvi
788 4357 813 4412 in
832 4372 890 4413 sess
907 4357 1114 4430 ingressitpssn
1128 4357 1215 4411 scrius
1228 4369 1325 4412 serore

293 4463 444 4533 coeperunt.
497 4457 606 4524 Quidosu
624 4463 710 4515 suto·
728 4459 782 4520 ris.
812 4457 915 4514 nornine
932 4453 1091 4512 Fortunstns
1107 4457 1248 4512 sonctitsto
1262 4469 1328 4512 oon·
