2842 5286
328 449 389 556 ¹2¹12
594 490 668 570 Cap.
689 490 764 551 LXI.
814 490 862 549 De
882 499 982 550 sancto
1004 491 1101 549 Vitsii.

329 651 454 722 apparuit
472 646 579 703 dicens:
599 647 683 704 irsier
698 647 843 715 Marcelle,
862 663 943 720 qenes
960 664 1013 702 non
1030 647 1132 718 sepelis
1150 648 1216 703 nei
1250 646 1297 703 (ini
1310 647 1362 703 iiie:

328 733 415 806 nonne
431 749 532 804 dudem
546 749 667 820 sepultus
686 763 726 814 es,
745 746 869 803 domine?
905 747 953 802 Cui
971 748 1124 819 apostoles:
1150 763 1192 803 ne
1218 747 1363 819 insepultus

328 857 439 919 reputo,
464 849 586 920 quamdin
602 848 785 904 Marcellinum
804 847 962 917 insepultum
986 845 1086 903 sidero.
1122 845 1172 902 dni
1191 847 1254 902 iiie:
1279 863 1364 912 nonne,

329 949 442 1016 domine,
461 951 541 1016 nosti,
560 951 623 1020 qnia
641 941 687 1004 iiie
706 962 805 1013 onnes,
827 948 872 1018 qni
884 962 942 1001 enm
958 947 1110 1017 sepelirent,
1131 946 1364 1002 anathematisavit

329 1046 377 1102 Ωιι
394 1047 503 1103 Petrus:
522 1064 608 1103 nonne
627 1031 753 1119 scriptum
773 1052 823 1112 est,
842 1048 887 1116 qni
905 1061 934 1101 se
951 1045 1079 1113 humidat,
1098 1047 1284 1104 exaitabitur?
1301 1044 1365 1102 Unde

326 1146 379 1206 hoc
403 1147 540 1203 attendere
568 1147 691 1224 debuisti.
726 1146 802 1204 Vade
826 1149 908 1220 igiter
931 1154 958 1204 et
972 1149 1057 1218 ipsun
1082 1146 1116 1202 ad
1133 1143 1223 1218 pedes
1241 1161 1312 1202 noos
1328 1161 1364 1201 se-

327 1245 422 1318 pelias.
458 1245 508 1312 (ini
526 1249 613 1301 stetin
633 1249 682 1302 ivit
698 1253 725 1304 et
740 1249 819 1319 jessa
835 1246 1008 1302 landabiliter
1025 1247 1175 1318 conplevit

676 1731 879 1832 tinniit
915 1734 1010 1832 (59.)

575 1885 658 1955 lte
693 1887 892 1955 sancto
920 1878 1119 1956 Vitali.

393 2043 489 2102 Vitalis
507 2050 583 2118 qnasi
601 2051 691 2103 vivens
708 2047 781 2114 taiis,
800 2049 863 2119 qnia
881 2048 967 2121 neniis
985 2047 1092 2103 vivebat
1110 2047 1229 2102 metius
1241 2045 1364 2113 inopere,

327 2144 388 2200 tsiis
408 2151 466 2200 erat
483 2146 553 2199 intus
571 2148 597 2201 in
617 2147 705 2202 corde.
741 2147 788 2203 Vei
805 2146 900 2203 Vitatis
916 2131 940 2202 as
952 2135 1007 2202 vita
1024 2147 1066 2202 sei
1082 2145 1181 2202 Vitatis
1198 2147 1291 2202 nitens
1309 2143 1365 2208 siis,

326 2244 354 2299 id
372 2251 414 2301 est
430 2251 506 2311 tuens
525 2260 555 2300 se
573 2245 623 2299 aiis
643 2247 772 2302 virtutum.
807 2245 868 2317 Ipso
886 2250 952 2302 eninr
970 2247 1020 2301 init
1037 2253 1160 2318 tanquam
1176 2259 1244 2299 enas
1262 2243 1297 2298 do
1313 2246 1366 2297 ersi·

327 2344 440 2399 malibus
456 2344 521 2413 Dei,
539 2359 607 2416 qnae
627 2343 693 2399 vidit
709 2343 849 2414 Ezechiel,
868 2345 969 2402 hebens
989 2349 1016 2400 in
1035 2361 1066 2400 se
1084 2353 1198 2417 quatuor
1216 2345 1291 2410 aies,
1317 2344 1366 2397 sci·

326 2445 390 2499 iicet
410 2444 478 2499 niani
497 2447 570 2514 spei,
592 2421 773 2516 qna'toiabat
789 2446 815 2499 in
833 2445 952 2518 coeinrn,
970 2429 1038 2500 aiam
1054 2446 1167 2512 amoris,
1192 2459 1247 2516 qna
1263 2441 1368 2498 noinhat

327 2546 353 2598 in
371 2543 469 2610 Deum,
488 2543 556 2597 nlans
573 2545 693 2610 timoris,
716 2559 768 2615 qna
785 2543 893 2598 voinhat
910 2547 937 2598 in
962 2545 1090 2611 inierunt,
1112 2543 1181 2597 aiam
1198 2545 1367 2616 cognitionis,

326 2658 380 2714 qna
402 2642 511 2700 volebat
536 2645 564 2698 in
588 2659 618 2698 se
636 2645 730 2713 ipsun.
765 2640 830 2714 EJes
848 2645 940 2715 passio
959 2645 986 2699 in
1003 2643 1095 2698 libello
1114 2641 1238 2698 Gorsasii
1258 2649 1284 2697 et
1302 2639 1367 2696 Pro-

325 2744 390 2796 tnsii
407 2735 513 2812 reperta
530 2741 615 2798 inisse
635 2749 748 2812 pntstnr.

392 2840 486 2896 Vitniis
512 2842 588 2896 miios
612 2841 759 2895 consularis
784 2855 816 2895 ex
835 2841 943 2897 inieris
959 2858 1041 2897 uxore
1059 2840 1210 2897 Gerrasicnr
1229 2847 1257 2896 et
1273 2823 1367 2895 Prote·

325 2942 392 3020 sium
417 2943 517 3012 genuit
553 2939 601 2994 ilic
632 2955 688 2994 cun
722 2939 832 2996 Paulino
858 2940 951 3010 judice
974 2941 1123 2996 iintennnns
1145 2943 1285 3012 ingressus
1310 2955 1366 2994 cen

326 3037 568 3108 quodomnium
587 3038 757 3093 christianum
775 3038 902 3094 medicum
923 3043 1027 3096 nomino
1044 3039 1187 3096 Ursicinnnr
1207 3046 1272 3111 post
1288 3039 1371 3093 innita

325 3145 509 3193 tormentorum
529 3152 630 3210 genera
642 3140 745 3210 Jnssunt
765 3138 892 3194 decoliari
910 3137 1013 3206 rideret
1026 3147 1056 3217 et
1075 3139 1368 3212 iiienediorrsnisninn

326 3240 492 3307 expavisset,
516 3237 673 3293 exclamarit
696 3235 730 3290 ad
756 3253 812 3292 een
837 3244 945 3293 sanctus
969 3237 1063 3293 Vitaiis
1081 3237 1187 3294 dicens:
1211 3239 1267 3293 noli
1285 3239 1370 3293 inter

325 3333 443 3412 Ursicino
469 3336 584 3403 inedies,
613 3339 661 3408 'qui
686 3336 754 3390 aiios
779 3327 1072 3404 nurnre'consnevisti,
1096 3344 1124 3393 te
1150 3341 1234 3409 ipson
1259 3345 1369 3395 aeterne

325 3440 409 3489 morte
430 3434 569 3501 cecidere,
593 3442 621 3490 st
645 3436 688 3507 qni
713 3435 747 3489 sd
776 3435 886 3505 peinais
910 3452 959 3506 per
983 3437 1078 3492 ιιιΙιιι
1100 3439 1241 3508 passiones
1261 3440 1369 3506 venisti,

324 3533 380 3588 noli
398 3515 521 3588 coronans
537 3536 659 3589 ‘emittere
675 3535 724 3588 tibi
743 3548 759 3588 a
776 3534 832 3590 Deo
850 3542 977 3616 paratam.
1013 3535 1090 3600 Quod
1105 3535 1242 3593 Ursicinus
1256 3537 1368 3592 audiens

325 3625 491 3687 confortatos
509 3638 550 3686 est
574 3638 601 3688 ot
620 3632 654 3688 do
673 3635 773 3704 pavore
791 3650 839 3690 sno
857 3637 997 3706 poenitens
1015 3637 1157 3690 nartiriunr
1183 3636 1300 3692 libenter
1322 3651 1369 3692 ae·

324 3719 411 3812 cepit,
434 3738 541 3786 sanctus
566 3738 652 3787 antem
680 3732 775 3788 Vite-iis
799 3749 857 3788 enm
881 3733 1026 3790 honorifice
1042 3735 1150 3805 sepeliri
1174 3732 1239 3790 iecit
1263 3742 1370 3807 etpost

324 3829 374 3885 hoc
398 3830 432 3885 ad
457 3829 592 3886 Paulinum
618 3831 749 3886 dominnm
767 3849 841 3887 suurn
860 3832 930 3887 nitre
947 3835 1037 3888 venire
1056 3835 1204 3888 contemsit.
1238 3831 1287 3890 iiis
1302 3851 1368 3890 roro

323 3929 428 3982 ninnium
448 3929 614 4001 indignatur,
640 3937 694 3985 torn
712 3933 775 4000 qnia
794 3931 827 3985 sd
849 3947 878 3986 se
895 3934 985 3987 venire
1010 3931 1111 3998 notuit,
1138 3938 1191 3986 ιιιι
1214 3935 1278 4003 qnia
1292 3931 1369 3988 iirsi-

321 4029 406 4110 cinum
433 4027 584 4106 sacrificare
607 4028 735 4084 volentem
761 4032 879 4098 retraxit,
896 4037 950 4084 turn
974 4031 1037 4102 quia
1061 4029 1231 4084 christianum
1250 4047 1281 4086 se
1305 4031 1368 4087 esse

322 4123 447 4190 ostendit,
467 4130 494 4179 et
504 4121 587 4195 jessit
600 4142 659 4183 curn
673 4128 700 4182 in
713 4128 851 4199 eqnuienn
863 4128 954 4184 levari.
973 4129 1021 4184 Cui
1034 4128 1100 4184 dicii
1110 4127 1219 4184 Vitniis:
1237 4130 1368 4186 stultissi-

323 4239 381 4276 mus
399 4239 445 4289 es,
470 4226 494 4277 si
519 4241 560 4280 nte
586 4233 664 4296 putas
691 4227 831 4296 decipere,
860 4228 905 4298 qni
928 4226 997 4281 aiios
1014 4243 1120 4297 semper
1135 4227 1223 4282 studni
1241 4227 1367 4285 liberare.

324 4319 356 4375 Et
373 4324 411 4376 ait
427 4320 552 4378 Paulinus
569 4327 712 4381 ministris:
734 4325 898 4380 deditorum
918 4323 952 4379 nd
969 4325 1096 4395 palmam,
1122 4332 1148 4380 et
1171 4328 1194 4380 si
1213 4325 1368 4382 snoriicnrs

324 4419 453 4488 noluerit,
479 4421 581 4477 iovesrn
605 4421 851 4494 profundissimam,
885 4421 969 4478 donec
1001 4425 1175 4492 perveneritis
1199 4423 1233 4479 nd
1261 4439 1367 4497 aquen,
