2866 5310
283 459 345 522 ΒΜ
496 468 570 547 Cap.
592 467 735 529 lxxvii.
786 471 830 531 De
857 481 955 530 sancto
976 471 1106 534 Urbano.

350 621 469 682 Urbanus
492 621 596 680 corato
621 641 707 699 papae
731 630 879 696 eucoeeslt,
904 629 981 703 mins
1005 635 1126 701 tenpore
1147 643 1205 684 ente
1227 625 1324 685 luisset

284 723 396 778 maxima
414 729 565 796 persecutio
589 727 617 782 ln
634 724 802 796 christianis,
825 727 931 784 andern
954 727 1124 796 Alexander,
1145 727 1223 800 cnjus
1238 733 1325 784 nater

283 821 409 878 Annaea
432 823 578 880 christiana
605 831 678 894 erat,
709 841 786 900 quarn
814 827 946 902 Origenes
973 834 1154 897 conserterat,
1187 828 1324 898 imperdere

283 923 384 977 sunsit.
416 919 481 994 lpse
497 925 581 996 igitur
596 921 677 980 lituu
697 926 820 998 precibus
837 927 962 984 maternis
981 925 1099 996 brdnxlt,
1115 931 1145 982 ut
1161 939 1179 980 s
1196 939 1324 998 pernece-

283 1023 356 1076 tiuoe
380 1021 581 1079 christianorum
605 1031 739 1095 cessaret,
765 1033 942 1082 reremaneu
967 1024 1120 1082 Alunaoblne
1144 1024 1219 1080 nrble
1244 1037 1326 1096 pree-

285 1119 386 1186 lectus,
405 1121 449 1193 qui
467 1121 572 1179 bramis
590 1123 731 1181 caeciliam
751 1125 939 1194 decollaverat,
959 1127 986 1181 lu
1003 1124 1164 1180 christianos
1182 1123 1327 1180 crudeliter

285 1221 439 1292 saeviebat,
464 1229 582 1278 sanctone
611 1225 695 1303 igitur
715 1223 846 1280 llrbannru
869 1225 1014 1299 diligenter
1036 1225 1135 1297 lopulrl
1160 1223 1224 1279 lecit
1247 1229 1275 1280 et
1298 1224 1326 1278 ln

285 1319 398 1392 quodam
420 1327 498 1376 antro
520 1330 678 1394 procurante
700 1323 840 1396 Carpasin'
858 1323 972 1396 quodam
997 1325 1117 1378 rnlnletro
1151 1335 1209 1380 cnm
1239 1320 1327 1377 tribus

285 1419 443 1492 presbiteris
468 1427 496 1478 et
520 1421 607 1478 tribue
628 1422 790 1494 simeonibus
810 1429 942 1494 repertun
959 1425 986 1478 ln
1004 1437 1138 1480 carcerae
1154 1422 1223 1478 mitti
1235 1423 1327 1494 Jneeit

284 1515 350 1575 Post
372 1517 423 1577 boc
449 1535 537 1578 coraus
561 1537 592 1578 ee
617 1525 677 1594 ipsu
702 1521 799 1578 Minci
817 1525 955 1594 praecepit
977 1529 1004 1579 et
1022 1522 1093 1594 qnod
1111 1523 1228 1594 quinque
1244 1520 1330 1575 reillla

285 1617 416 1676 bomluunr
436 1636 493 1677 cuns
510 1621 643 1695 carlinga
660 1621 778 1677 Caecilia
797 1625 824 1677 et
839 1620 987 1678 illustribus
1006 1623 1071 1678 sirie
1084 1621 1214 1693 Tybnrtlo
1232 1627 1260 1676 et
1271 1613 1326 1675 lin-

286 1717 388 1774 lerianc
407 1720 566 1789 seduxerat,
593 1721 678 1777 eidem
699 1719 800 1793 objecit
820 1726 847 1776 et
864 1721 1006 1779 thesauros
1026 1721 1160 1778 Caeciliae
1177 1721 1328 1792 requieislt

287 1819 338 1878 tici
353 1817 489 1876 Urbanus:
506 1828 536 1876 ut
551 1821 640 1888 rideo,
657 1821 718 1894 plus
735 1827 763 1877 te
781 1819 815 1876 ad
833 1822 1003 1878 saeviendum
1022 1824 1049 1877 lu
1066 1825 1173 1876 suctos
1190 1819 1263 1876 decit
1280 1833 1329 1874 ou-

286 1919 401 1992 pldites,
420 1935 496 1992 puauu
514 1919 600 1976 cultus
617 1921 746 1978 Deornnu:
772 1920 913 1977 thesaurus
932 1921 1067 1978 Caeciliae
1087 1936 1136 1992 per
1152 1933 1244 1975 manue
1260 1934 1330 1990 pau-

286 2035 378 2090 perure
395 2021 486 2076 coelos
502 2020 664 2078 cousccbdit.
699 2021 762 2078 Genu
785 2022 1007 2093 igitursauotuun
1023 2015 1155 2078 Urbannnu
1171 2033 1229 2074 cun
1245 2019 1330 2074 eoeils

286 2119 429 2191 plumbatis
448 2120 591 2177 caederent
607 2127 635 2176 ot
654 2123 713 2192 lpse
739 2135 835 2176 nomeu
858 2117 956 2176 domini
973 2117 1056 2191 Elpon
1084 2121 1236 2185 inecaret,
1262 2117 1329 2172 sub-

287 2215 377 2274 ridens
395 2220 547 2292 praelectus
563 2221 615 2275 eit:
638 2221 745 2291 sapiens
768 2218 824 2286 rnlt
849 2219 901 2274 isto
926 2233 1008 2274 eones
1033 2217 1118 2276 rideri
1136 2223 1163 2273 et
1179 2215 1241 2272 ideo
1261 2230 1331 2271 nnnc

286 2320 380 2391 ignota
398 2318 524 2392 loquitur.
559 2319 622 2376 linus
639 2326 726 2374 autern
744 2317 868 2389 superori
892 2333 944 2372 uon
961 2324 1089 2389 possent,
1111 2319 1204 2374 iteruin
1223 2318 1249 2370 ln
1268 2331 1331 2371 eer-

287 2433 374 2473 eereru
391 2418 575 2486 recluduntur,
600 2418 646 2473 ubi
669 2425 726 2476 tres
742 2416 864 2472 tribunos
884 2416 918 2473 ad
936 2432 967 2472 se
986 2418 1125 2474 venientes
1142 2431 1200 2472 curn
1218 2415 1330 2471 custode

287 2517 404 2572 carceris
422 2515 537 2576 Anollno
558 2525 667 2574 sanans
684 2515 805 2572 llrbnnue
822 2513 976 2586 baptizarit.
1011 2515 1110 2586 Audito
1134 2515 1231 2589 igitur,
1257 2514 1331 2586 quod

287 2615 418 2671 ‚taolieres
443 2615 603 2672 christianae
628 2617 716 2674 lautus
741 2623 828 2684 cenet,
852 2613 990 2688 praelecto
1010 2617 1115 2671 sistitur
1137 2619 1165 2672 et
1179 2611 1331 2670 eaeriieere

288 2729 401 2771 renuens
426 2713 590 2785 decollatur,
613 2721 720 2772 sanctus
745 2723 831 2782 autern
848 2713 970 2773 Urbanos
993 2729 1051 2770 cnm
1068 2715 1151 2771 soclie
1169 2711 1204 2770 ad
1221 2714 1331 2768 simula.

288 2828 359 2869 eruut
377 2811 482 2870 dncltnr
498 2822 525 2870 et
540 2813 621 2870 tbnra
638 2817 774 2887 imponere
789 2821 913 2888 urgetur:
935 2819 997 2870 tenc
1015 2819 1108 2872 oronte
1124 2811 1230 2870 llrbauo
1248 2813 1331 2868 siusu-

274 2911 388 2972 naemu
407 2913 504 2970 cecidit
521 2919 549 2971 ot
572 2911 647 2970 xxii
671 2912 843 2981 sacerdotes,
877 2915 922 2986 qui
947 2915 1034 2990 iguem
1058 2912 1258 2980 ministrabant,
1282 2925 1331 2968 oo-

289 3011 362 3070 uidlt.
396 3009 474 3068 ‘inno
489 3014 649 3086 gratissime
666 3013 800 3068 laniantur
817 3017 846 3090 et
862 3019 924 3084 poet
940 3012 992 3068 boc
1006 3012 1043 3071 nd
1061 3010 1262 3070 sacrificandum
1281 3009 1332 3068 dn-

290 3118 401 3180 ouutnr,
421 3105 468 3184 qul
491 3114 518 3168 ln
540 3114 626 3184 ipeenu
647 3111 754 3184 ydolum
777 3119 937 3183 exspuentes
962 3111 1065 3170 ironice
1088 3127 1166 3169 crece
1182 3113 1333 3178 munierunt

288 3217 317 3266 ot
332 3212 443 3266 ineleeuu
467 3211 530 3268 dato
555 3213 631 3282 pecie
655 3212 747 3268 oeoulu
764 3209 906 3284 cupitalcn
930 3215 1087 3268 secundun
1105 3217 1265 3283 aeceperunt
1281 3211 1344 3266 sub.

288 3309 459 3379 Alexandro,
478 3311 523 3382 qul
541 3312 630 3381 coepit
644 3312 716 3367 circa
733 3327 828 3369 mure
846 3309 944 3366 donnini
959 3309 1062 3366 ccxx.
1097 3309 1151 3366 Sed
1162 3311 1251 3364 statlru
1268 3309 1334 3366 llar-

288 3411 380 3481 panlue
398 3424 415 3465 a
432 3409 561 3467 daemone
577 3411 705 3482 arripitur
728 3417 755 3466 et
777 3410 850 3468 linos
868 3425 931 3466 enon
954 3407 1145 3480 blaspberneue
1165 3415 1192 3464 et
1208 3408 1334 3466 christia·

288 3524 339 3565 nos
356 3509 453 3565 insitus
470 3507 642 3583 magnificans
660 3523 677 3564 a
693 3507 822 3566 daenrune
839 3507 999 3566 solonates:
1023 3506 1094 3581 quod
1120 3509 1180 3581 eJus
1196 3524 1266 3564 neor
1281 3509 1335 3566 br-

288 3610 377 3664 neuin
399 3607 492 3666 sidens
515 3623 573 3664 cunt
592 3605 648 3664 ilie
666 3623 716 3666 ene
733 3609 836 3666 Lnolnn
854 3615 880 3664 nt
897 3614 956 3665 tote
973 3607 1075 3666 tenura
1092 3622 1110 3668 a
1127 3613 1222 3664 sendo
1239 3607 1335 3664 Fortu-

288 3713 352 3764 nato
377 3706 527 3779 presbitero
552 3708 686 3780 baptisma
709 3709 829 3780 suscepit
848 3714 875 3764 et
898 3714 960 3781 poet
983 3705 1037 3764 boc
1054 3715 1204 3766 suetorum
1221 3723 1337 3782 corpora

289 3804 434 3862 honorifice
451 3805 581 3878 sepeliere

1117 3955 1139 3990 Ο
